|j|☆YIN SUN SHIN
|j|☆idealist
|t:|1743801063
|gametype|singles
|player|p1|YIN SUN SHIN|harlequin|1497
|player|p2|idealist|169|1488
|teamsize|p1|6
|teamsize|p2|6
|gen|9
|tier|[Gen 9] OU
|rated|
|rule|HP Percentage Mod: HP is shown in percentages
|rule|Endless Battle Clause: Forcing endless battles is banned
|rule|Species Clause: Limit one of each Pokémon
|rule|OHKO Clause: OHKO moves are banned
|rule|Evasion Items Clause: Evasion items are banned
|rule|Evasion Moves Clause: Evasion moves are banned
|rule|Sleep Moves Clause: Sleep-inducing moves are banned
|clearpoke
|poke|p1|Blastoise, M|
|poke|p1|Magnezone|
|poke|p1|Landorus-Therian, M|
|poke|p1|Clefable, F|
|poke|p1|Zarude-Dada|
|poke|p1|Tatsugiri-Stretchy, M|
|poke|p2|Araquanid, M|
|poke|p2|Raging Bolt|
|poke|p2|Iron Moth|
|poke|p2|Great Tusk|
|poke|p2|Gholdengo|
|poke|p2|Kingambit, F|
|teampreview
|
|t:|1743801089
|start
|switch|p1a: Magnezone|Magnezone|100/100
|switch|p2a: Araquanid|Araquanid, M|100/100
|turn|1
|
|t:|1743801094
|move|p1a: Magnezone|Volt Switch|p2a: Araquanid
|-supereffective|p2a: Araquanid
|-damage|p2a: Araquanid|15/100
|
|t:|1743801101
|switch|p1a: Tatsugiri|Tatsugiri-Stretchy, M|100/100|[from] Volt Switch
|move|p2a: Araquanid|Mirror Coat|p1a: Tatsugiri
|-damage|p1a: Tatsugiri|0 fnt
|faint|p1a: Tatsugiri
|
|upkeep
|
|t:|1743801108
|switch|p1a: Magnezone|Magnezone|100/100
|turn|2
|-enditem|p2a: Araquanid|Custap Berry|[eat]
|-activate|p2a: Araquanid|item: Custap Berry|[consumed]
|
|t:|1743801111
|move|p2a: Araquanid|Sticky Web|p1a: Magnezone
|-sidestart|p1: YIN SUN SHIN|move: Sticky Web
|move|p1a: Magnezone|Volt Switch|p2a: Araquanid
|-supereffective|p2a: Araquanid
|-damage|p2a: Araquanid|0 fnt
|faint|p2a: Araquanid
|
|t:|1743801114
|switch|p1a: Landorus|Landorus-Therian, M|100/100|[from] Volt Switch
|
|upkeep
|
|t:|1743801121
|switch|p2a: Great Tusk|Great Tusk|100/100
|-enditem|p2a: Great Tusk|Booster Energy
|-activate|p2a: Great Tusk|ability: Protosynthesis|[fromitem]
|-start|p2a: Great Tusk|protosynthesisatk
|turn|3
|l|☆YIN SUN SHIN
|player|p1|
|inactive|Battle timer is ON: inactive players will automatically lose when time's up. (requested by idealist)
|inactive|YIN SUN SHIN has 30 seconds to reconnect!
|j|☆YIN SUN SHIN
|inactive|YIN SUN SHIN reconnected and has 120 seconds left.
|player|p1|YIN SUN SHIN|harlequin|
|
|t:|1743801204
|move|p1a: Landorus|Earthquake|p2a: Great Tusk
|-damage|p2a: Great Tusk|59/100
|move|p2a: Great Tusk|Ice Spinner|p1a: Landorus
|-supereffective|p1a: Landorus
|-damage|p1a: Landorus|0 fnt
|-damage|p2a: Great Tusk|43/100|[from] item: Rocky Helmet|[of] p1a: Landorus
|faint|p1a: Landorus
|
|upkeep
|
|t:|1743801210
|switch|p1a: Zarude|Zarude-Dada|100/100
|-activate|p1a: Zarude|move: Sticky Web
|-unboost|p1a: Zarude|spe|1
|turn|4
|
|t:|1743801216
|move|p2a: Great Tusk|Ice Spinner|p1a: Zarude
|-supereffective|p1a: Zarude
|-damage|p1a: Zarude|37/100
|move|p1a: Zarude|Power Whip|p2a: Great Tusk
|-supereffective|p2a: Great Tusk
|-damage|p2a: Great Tusk|0 fnt
|faint|p2a: Great Tusk
|-end|p2a: Great Tusk|Protosynthesis|[silent]
|-damage|p1a: Zarude|27/100|[from] item: Life Orb
|
|upkeep
|
|t:|1743801228
|switch|p2a: Iron Moth|Iron Moth|100/100
|-enditem|p2a: Iron Moth|Booster Energy
|-activate|p2a: Iron Moth|ability: Quark Drive|[fromitem]
|-start|p2a: Iron Moth|quarkdrivespa
|turn|5
|
|t:|1743801233
|move|p2a: Iron Moth|Fiery Dance|p1a: Zarude
|-supereffective|p1a: Zarude
|-damage|p1a: Zarude|0 fnt
|-boost|p2a: Iron Moth|spa|1
|faint|p1a: Zarude
|
|upkeep
|
|t:|1743801236
|switch|p1a: Blastoise|Blastoise, M|100/100
|-activate|p1a: Blastoise|move: Sticky Web
|-unboost|p1a: Blastoise|spe|1
|-enditem|p1a: Blastoise|White Herb
|-clearnegativeboost|p1a: Blastoise|[silent]
|turn|6
|
|t:|1743801243
|-terastallize|p1a: Blastoise|Electric
|move|p2a: Iron Moth|Sludge Wave|p1a: Blastoise
|-damage|p1a: Blastoise|7/100
|move|p1a: Blastoise|Shell Smash|p1a: Blastoise
|-unboost|p1a: Blastoise|def|1
|-unboost|p1a: Blastoise|spd|1
|-boost|p1a: Blastoise|atk|2
|-boost|p1a: Blastoise|spa|2
|-boost|p1a: Blastoise|spe|2
|
|upkeep
|turn|7
|
|t:|1743801253
|move|p1a: Blastoise|Liquidation|p2a: Iron Moth
|-supereffective|p2a: Iron Moth
|-damage|p2a: Iron Moth|0 fnt
|faint|p2a: Iron Moth
|-end|p2a: Iron Moth|Quark Drive|[silent]
|
|upkeep
|
|t:|1743801258
|switch|p2a: Gholdengo|Gholdengo|100/100
|-item|p2a: Gholdengo|Air Balloon
|turn|8
|
|t:|1743801265
|move|p1a: Blastoise|Liquidation|p2a: Gholdengo
|-damage|p2a: Gholdengo|0 fnt
|-enditem|p2a: Gholdengo|Air Balloon
|faint|p2a: Gholdengo
|
|upkeep
|
|t:|1743801273
|switch|p2a: Raging Bolt|Raging Bolt|100/100
|-enditem|p2a: Raging Bolt|Booster Energy
|-activate|p2a: Raging Bolt|ability: Protosynthesis|[fromitem]
|-start|p2a: Raging Bolt|protosynthesisspa
|turn|9
|inactive|YIN SUN SHIN has 120 seconds left.
|inactive|YIN SUN SHIN has 90 seconds left.
|inactive|YIN SUN SHIN has 60 seconds left.
|inactive|YIN SUN SHIN has 30 seconds left.
|inactive|YIN SUN SHIN has 20 seconds left.
|inactive|YIN SUN SHIN has 15 seconds left.
|inactive|YIN SUN SHIN has 10 seconds left.
|inactive|YIN SUN SHIN has 5 seconds left.
|-message|YIN SUN SHIN lost due to inactivity.
|
|win|idealist
|raw|YIN SUN SHIN's rating: 1497 &rarr; <strong>1476</strong><br />(-21 for losing)
|raw|idealist's rating: 1488 &rarr; <strong>1509</strong><br />(+21 for winning)
|l|☆idealist
|player|p2|
|l|☆YIN SUN SHIN
|player|p1|
