|j|☆LaironOnTop
|j|☆nveittikoski
|t:|1743801646
|gametype|singles
|player|p1|LaironOnTop|iris|1277
|player|p2|nveittikoski|youngster-gen4dp|1214
|teamsize|p1|6
|teamsize|p2|6
|gen|9
|tier|[Gen 9] OU
|rated|
|rule|HP Percentage Mod: HP is shown in percentages
|rule|Endless Battle Clause: Forcing endless battles is banned
|rule|Species Clause: Limit one of each Pokémon
|rule|OHKO Clause: OHKO moves are banned
|rule|Evasion Items Clause: Evasion items are banned
|rule|Evasion Moves Clause: Evasion moves are banned
|rule|Sleep Moves Clause: Sleep-inducing moves are banned
|clearpoke
|poke|p1|Darkrai|
|poke|p1|Tinkaton, F|
|poke|p1|Ting-Lu|
|poke|p1|Great Tusk|
|poke|p1|Primarina, F|
|poke|p1|Zapdos|
|poke|p2|Torkoal, F|
|poke|p2|Raging Bolt|
|poke|p2|Walking Wake|
|poke|p2|Iron Moth|
|poke|p2|Gliscor, F|
|poke|p2|Corviknight, F|
|teampreview
|
|t:|1743801682
|start
|switch|p1a: Tinkaton|Tinkaton, F|100/100
|switch|p2a: Walking Wake|Walking Wake|100/100
|-ability|p1a: Tinkaton|Mold Breaker
|-item|p1a: Tinkaton|Air Balloon
|turn|1
|
|t:|1743801686
|switch|p1a: Primarina|Primarina, F|100/100
|move|p2a: Walking Wake|Flamethrower|p1a: Primarina
|-resisted|p1a: Primarina
|-damage|p1a: Primarina|93/100
|
|upkeep
|turn|2
|
|t:|1743801689
|move|p2a: Walking Wake|Flip Turn|p1a: Primarina
|-resisted|p1a: Primarina
|-crit|p1a: Primarina
|-damage|p1a: Primarina|78/100
|
|t:|1743801702
|-end|p2a: Walking Wake|Protosynthesis|[silent]
|switch|p2a: Torkoal|Torkoal, F|100/100|[from] Flip Turn
|-weather|SunnyDay|[from] ability: Drought|[of] p2a: Torkoal
|move|p1a: Primarina|Flip Turn|p2a: Torkoal
|-supereffective|p2a: Torkoal
|-damage|p2a: Torkoal|90/100
|
|t:|1743801713
|switch|p1a: Great Tusk|Great Tusk|100/100|[from] Flip Turn
|-activate|p1a: Great Tusk|ability: Protosynthesis
|-start|p1a: Great Tusk|protosynthesisatk
|
|-weather|SunnyDay|[upkeep]
|upkeep
|turn|3
|
|t:|1743801718
|-terastallize|p2a: Torkoal|Grass
|move|p1a: Great Tusk|Knock Off|p2a: Torkoal
|-damage|p2a: Torkoal|61/100
|-enditem|p2a: Torkoal|Heat Rock|[from] move: Knock Off|[of] p1a: Great Tusk
|move|p2a: Torkoal|Will-O-Wisp|p1a: Great Tusk
|-status|p1a: Great Tusk|brn
|
|-weather|SunnyDay|[upkeep]
|-damage|p1a: Great Tusk|94/100 brn|[from] brn
|upkeep
|turn|4
|
|t:|1743801725
|move|p1a: Great Tusk|Bulk Up|p1a: Great Tusk
|-boost|p1a: Great Tusk|atk|1
|-boost|p1a: Great Tusk|def|1
|move|p2a: Torkoal|Stealth Rock|p1a: Great Tusk
|-sidestart|p1: LaironOnTop|move: Stealth Rock
|
|-weather|SunnyDay|[upkeep]
|-damage|p1a: Great Tusk|88/100 brn|[from] brn
|upkeep
|turn|5
|
|t:|1743801731
|switch|p2a: Gliscor|Gliscor, F|100/100
|move|p1a: Great Tusk|Rapid Spin|p2a: Gliscor
|-crit|p2a: Gliscor
|-damage|p2a: Gliscor|80/100
|-boost|p1a: Great Tusk|spe|1
|-sideend|p1: LaironOnTop|Stealth Rock|[from] move: Rapid Spin|[of] p1a: Great Tusk
|
|-weather|SunnyDay|[upkeep]
|-damage|p1a: Great Tusk|82/100 brn|[from] brn
|-status|p2a: Gliscor|tox|[from] item: Toxic Orb
|upkeep
|turn|6
|
|t:|1743801735
|move|p1a: Great Tusk|Bulk Up|p1a: Great Tusk
|-boost|p1a: Great Tusk|atk|1
|-boost|p1a: Great Tusk|def|1
|move|p2a: Gliscor|Swords Dance|p2a: Gliscor
|-boost|p2a: Gliscor|atk|2
|
|-weather|SunnyDay|[upkeep]
|-heal|p2a: Gliscor|92/100 tox|[from] ability: Poison Heal
|-damage|p1a: Great Tusk|76/100 brn|[from] brn
|upkeep
|turn|7
|
|t:|1743801739
|move|p1a: Great Tusk|Bulk Up|p1a: Great Tusk
|-boost|p1a: Great Tusk|atk|1
|-boost|p1a: Great Tusk|def|1
|move|p2a: Gliscor|Swords Dance|p2a: Gliscor
|-boost|p2a: Gliscor|atk|2
|
|-weather|SunnyDay|[upkeep]
|-heal|p2a: Gliscor|100/100 tox|[from] ability: Poison Heal
|-damage|p1a: Great Tusk|70/100 brn|[from] brn
|upkeep
|turn|8
|
|t:|1743801744
|move|p1a: Great Tusk|Bulk Up|p1a: Great Tusk
|-boost|p1a: Great Tusk|atk|1
|-boost|p1a: Great Tusk|def|1
|move|p2a: Gliscor|Swords Dance|p2a: Gliscor
|-boost|p2a: Gliscor|atk|2
|
|-weather|SunnyDay|[upkeep]
|-damage|p1a: Great Tusk|63/100 brn|[from] brn
|upkeep
|turn|9
|
|t:|1743801749
|move|p1a: Great Tusk|Knock Off|p2a: Gliscor
|-damage|p2a: Gliscor|41/100 tox
|-enditem|p2a: Gliscor|Toxic Orb|[from] move: Knock Off|[of] p1a: Great Tusk
|move|p2a: Gliscor|Earthquake|p1a: Great Tusk
|-damage|p1a: Great Tusk|20/100 brn
|
|-weather|none
|-end|p1a: Great Tusk|Protosynthesis
|-heal|p2a: Gliscor|53/100 tox|[from] ability: Poison Heal
|-damage|p1a: Great Tusk|14/100 brn|[from] brn
|upkeep
|turn|10
|inactive|Battle timer is ON: inactive players will automatically lose when time's up. (requested by LaironOnTop)
|
|t:|1743801761
|switch|p2a: Corviknight|Corviknight, F, shiny|100/100
|move|p1a: Great Tusk|Bulk Up|p1a: Great Tusk
|-boost|p1a: Great Tusk|atk|1
|-boost|p1a: Great Tusk|def|1
|
|-damage|p1a: Great Tusk|8/100 brn|[from] brn
|upkeep
|turn|11
|
|t:|1743801768
|move|p1a: Great Tusk|Knock Off|p2a: Corviknight
|-damage|p2a: Corviknight|69/100
|-damage|p1a: Great Tusk|0 fnt|[from] item: Rocky Helmet|[of] p2a: Corviknight
|faint|p1a: Great Tusk
|-end|p1a: Great Tusk|Protosynthesis|[silent]
|move|p2a: Corviknight|Roost|p2a: Corviknight
|-heal|p2a: Corviknight|100/100
|-singleturn|p2a: Corviknight|move: Roost
|
|upkeep
|
|t:|1743801780
|switch|p1a: Zapdos|Zapdos|100/100
|turn|12
|
|t:|1743801786
|switch|p2a: Gliscor|Gliscor, F|53/100 tox
|move|p1a: Zapdos|Heat Wave|p2a: Gliscor
|-damage|p2a: Gliscor|15/100 tox
|
|-heal|p2a: Gliscor|27/100 tox|[from] ability: Poison Heal
|upkeep
|turn|13
|
|t:|1743801796
|switch|p2a: Walking Wake|Walking Wake|100/100
|move|p1a: Zapdos|Heat Wave|p2a: Walking Wake|[miss]
|-miss|p1a: Zapdos|p2a: Walking Wake
|
|upkeep
|turn|14
|
|t:|1743801801
|switch|p1a: Primarina|Primarina, F|78/100
|move|p2a: Walking Wake|Draco Meteor|p1a: Primarina
|-immune|p1a: Primarina
|
|upkeep
|turn|15
|
|t:|1743801808
|move|p2a: Walking Wake|Flip Turn|p1a: Primarina
|-resisted|p1a: Primarina
|-damage|p1a: Primarina|68/100
|
|t:|1743801812
|-end|p2a: Walking Wake|Protosynthesis|[silent]
|switch|p2a: Torkoal|Torkoal, F, tera:Grass|61/100|[from] Flip Turn
|-weather|SunnyDay|[from] ability: Drought|[of] p2a: Torkoal
|move|p1a: Primarina|Surf|p2a: Torkoal
|-resisted|p2a: Torkoal
|-damage|p2a: Torkoal|51/100
|
|-weather|SunnyDay|[upkeep]
|upkeep
|turn|16
|
|t:|1743801819
|move|p1a: Primarina|Moonblast|p2a: Torkoal
|-damage|p2a: Torkoal|7/100
|move|p2a: Torkoal|Will-O-Wisp|p1a: Primarina
|-status|p1a: Primarina|brn
|
|-weather|SunnyDay|[upkeep]
|-damage|p1a: Primarina|62/100 brn|[from] brn
|upkeep
|turn|17
|
|t:|1743801826
|switch|p2a: Iron Moth|Iron Moth, shiny|100/100
|-enditem|p2a: Iron Moth|Booster Energy
|-activate|p2a: Iron Moth|ability: Quark Drive|[fromitem]
|-start|p2a: Iron Moth|quarkdrivespa
|move|p1a: Primarina|Psychic Noise|p2a: Iron Moth
|-supereffective|p2a: Iron Moth
|-damage|p2a: Iron Moth|45/100
|-start|p2a: Iron Moth|move: Heal Block
|
|-weather|SunnyDay|[upkeep]
|-damage|p1a: Primarina|56/100 brn|[from] brn
|upkeep
|turn|18
|
|t:|1743801829
|move|p2a: Iron Moth|Energy Ball|p1a: Primarina
|-supereffective|p1a: Primarina
|-damage|p1a: Primarina|5/100 brn
|move|p1a: Primarina|Psychic Noise|p2a: Iron Moth
|-supereffective|p2a: Iron Moth
|-damage|p2a: Iron Moth|0 fnt
|faint|p2a: Iron Moth
|-end|p2a: Iron Moth|Quark Drive|[silent]
|
|-weather|SunnyDay|[upkeep]
|-damage|p1a: Primarina|0 fnt|[from] brn
|faint|p1a: Primarina
|upkeep
|
|t:|1743801842
|switch|p2a: Raging Bolt|Raging Bolt|100/100
|switch|p1a: Darkrai|Darkrai|100/100
|-activate|p2a: Raging Bolt|ability: Protosynthesis
|-start|p2a: Raging Bolt|protosynthesisspa
|turn|19
|
|t:|1743801858
|move|p1a: Darkrai|Trick|p2a: Raging Bolt
|-activate|p1a: Darkrai|move: Trick|[of] p2a: Raging Bolt
|-item|p2a: Raging Bolt|Choice Scarf|[from] move: Trick
|-item|p1a: Darkrai|Choice Specs|[from] move: Trick
|move|p2a: Raging Bolt|Volt Switch|p1a: Darkrai
|-damage|p1a: Darkrai|34/100
|
|t:|1743801867
|-end|p2a: Raging Bolt|Protosynthesis|[silent]
|switch|p2a: Corviknight|Corviknight, F, shiny|100/100|[from] Volt Switch
|
|-weather|none
|upkeep
|turn|20
|
|t:|1743801875
|switch|p1a: Zapdos|Zapdos|100/100
|move|p2a: Corviknight|Body Press|p1a: Zapdos
|-resisted|p1a: Zapdos
|-damage|p1a: Zapdos|91/100
|-damage|p2a: Corviknight|84/100|[from] item: Rocky Helmet|[of] p1a: Zapdos
|-status|p2a: Corviknight|par|[from] ability: Static|[of] p1a: Zapdos
|
|upkeep
|turn|21
|
|t:|1743801883
|switch|p2a: Torkoal|Torkoal, F, tera:Grass|7/100
|-weather|SunnyDay|[from] ability: Drought|[of] p2a: Torkoal
|move|p1a: Zapdos|Volt Switch|p2a: Torkoal
|-resisted|p2a: Torkoal
|-damage|p2a: Torkoal|0 fnt
|faint|p2a: Torkoal
|
|t:|1743801888
|switch|p1a: Tinkaton|Tinkaton, F|100/100|[from] Volt Switch
|-ability|p1a: Tinkaton|Mold Breaker
|-item|p1a: Tinkaton|Air Balloon
|
|-weather|SunnyDay|[upkeep]
|upkeep
|
|t:|1743801893
|switch|p2a: Walking Wake|Walking Wake|100/100
|-activate|p2a: Walking Wake|ability: Protosynthesis
|-start|p2a: Walking Wake|protosynthesisspe
|turn|22
|
|t:|1743801908
|move|p2a: Walking Wake|Hydro Steam|p1a: Tinkaton
|-damage|p1a: Tinkaton|44/100
|-enditem|p1a: Tinkaton|Air Balloon
|move|p1a: Tinkaton|Thunder Wave|p2a: Walking Wake|[miss]
|-miss|p1a: Tinkaton|p2a: Walking Wake
|
|-weather|SunnyDay|[upkeep]
|upkeep
|turn|23
|
|t:|1743801915
|-terastallize|p1a: Tinkaton|Water
|move|p2a: Walking Wake|Hydro Steam|p1a: Tinkaton
|-resisted|p1a: Tinkaton
|-damage|p1a: Tinkaton|17/100
|move|p1a: Tinkaton|Thunder Wave|p2a: Walking Wake|[miss]
|-miss|p1a: Tinkaton|p2a: Walking Wake
|
|-weather|SunnyDay|[upkeep]
|upkeep
|turn|24
|
|t:|1743801930
|move|p2a: Walking Wake|Hydro Steam|p1a: Tinkaton
|-resisted|p1a: Tinkaton
|-damage|p1a: Tinkaton|0 fnt
|faint|p1a: Tinkaton
|
|-weather|SunnyDay|[upkeep]
|upkeep
|
|t:|1743801934
|switch|p1a: Ting-Lu|Ting-Lu|100/100
|-ability|p1a: Ting-Lu|Vessel of Ruin
|turn|25
|
|t:|1743801945
|move|p2a: Walking Wake|Hydro Steam|p1a: Ting-Lu
|-supereffective|p1a: Ting-Lu
|-damage|p1a: Ting-Lu|55/100
|move|p1a: Ting-Lu|Rest|p1a: Ting-Lu
|-status|p1a: Ting-Lu|slp|[from] move: Rest
|-heal|p1a: Ting-Lu|100/100 slp|[silent]
|
|-weather|none
|-end|p2a: Walking Wake|Protosynthesis
|upkeep
|turn|26
|
|t:|1743801951
|move|p2a: Walking Wake|Flip Turn|p1a: Ting-Lu
|-supereffective|p1a: Ting-Lu
|-damage|p1a: Ting-Lu|84/100 slp
|
|t:|1743801955
|-end|p2a: Walking Wake|Protosynthesis|[silent]
|switch|p2a: Gliscor|Gliscor, F|27/100 tox|[from] Flip Turn
|cant|p1a: Ting-Lu|slp
|
|-heal|p1a: Ting-Lu|90/100 slp|[from] item: Leftovers
|-heal|p2a: Gliscor|39/100 tox|[from] ability: Poison Heal
|upkeep
|turn|27
|
|t:|1743801965
|switch|p1a: Darkrai|Darkrai|34/100
|move|p2a: Gliscor|Swords Dance|p2a: Gliscor
|-boost|p2a: Gliscor|atk|2
|
|-heal|p2a: Gliscor|52/100 tox|[from] ability: Poison Heal
|upkeep
|turn|28
|
|t:|1743801975
|switch|p2a: Corviknight|Corviknight, F, shiny|84/100 par
|move|p1a: Darkrai|Dark Pulse|p2a: Corviknight
|-damage|p2a: Corviknight|27/100 par
|
|upkeep
|turn|29
|
|t:|1743801980
|move|p1a: Darkrai|Dark Pulse|p2a: Corviknight
|-damage|p2a: Corviknight|0 fnt
|faint|p2a: Corviknight
|
|upkeep
|
|t:|1743801992
|switch|p2a: Walking Wake|Walking Wake|100/100
|turn|30
|
|t:|1743801996
|switch|p1a: Ting-Lu|Ting-Lu|90/100 slp
|-ability|p1a: Ting-Lu|Vessel of Ruin
|move|p2a: Walking Wake|Draco Meteor|p1a: Ting-Lu
|-damage|p1a: Ting-Lu|66/100 slp
|-unboost|p2a: Walking Wake|spa|2
|
|-heal|p1a: Ting-Lu|72/100 slp|[from] item: Leftovers
|upkeep
|turn|31
|
|t:|1743802002
|switch|p1a: Zapdos|Zapdos|91/100
|move|p2a: Walking Wake|Flip Turn|p1a: Zapdos
|-damage|p1a: Zapdos|79/100
|-damage|p2a: Walking Wake|84/100|[from] item: Rocky Helmet|[of] p1a: Zapdos
|
|t:|1743802008
|-end|p2a: Walking Wake|Protosynthesis|[silent]
|switch|p2a: Gliscor|Gliscor, F|52/100 tox|[from] Flip Turn
|
|-heal|p2a: Gliscor|64/100 tox|[from] ability: Poison Heal
|upkeep
|turn|32
|
|t:|1743802012
|move|p2a: Gliscor|Swords Dance|p2a: Gliscor
|-boost|p2a: Gliscor|atk|2
|move|p1a: Zapdos|Hurricane|p2a: Gliscor|[miss]
|-miss|p1a: Zapdos|p2a: Gliscor
|
|-heal|p2a: Gliscor|76/100 tox|[from] ability: Poison Heal
|upkeep
|turn|33
|
|t:|1743802016
|move|p2a: Gliscor|Swords Dance|p2a: Gliscor
|-boost|p2a: Gliscor|atk|2
|move|p1a: Zapdos|Hurricane|p2a: Gliscor
|-crit|p2a: Gliscor
|-damage|p2a: Gliscor|0 fnt
|faint|p2a: Gliscor
|
|upkeep
|n|!LaironOnTop|laironontop
|
|t:|1743802021
|switch|p2a: Raging Bolt|Raging Bolt|100/100
|turn|34
|
|t:|1743802036
|switch|p1a: Ting-Lu|Ting-Lu|72/100 slp
|-ability|p1a: Ting-Lu|Vessel of Ruin
|move|p2a: Raging Bolt|Draco Meteor|p1a: Ting-Lu
|-damage|p1a: Ting-Lu|39/100 slp
|-unboost|p2a: Raging Bolt|spa|2
|
|-heal|p1a: Ting-Lu|45/100 slp|[from] item: Leftovers
|upkeep
|turn|35
|
|t:|1743802042
|-end|p2a: Raging Bolt|Protosynthesis|[silent]
|switch|p2a: Walking Wake|Walking Wake|84/100
|cant|p1a: Ting-Lu|slp
|
|-heal|p1a: Ting-Lu|51/100 slp|[from] item: Leftovers
|upkeep
|turn|36
|inactive|LaironOnTop has 120 seconds left.
|
|t:|1743802092
|move|p2a: Walking Wake|Hydro Steam|p1a: Ting-Lu
|-supereffective|p1a: Ting-Lu
|-damage|p1a: Ting-Lu|18/100 slp
|-curestatus|p1a: Ting-Lu|slp|[msg]
|move|p1a: Ting-Lu|Rest|p1a: Ting-Lu
|-status|p1a: Ting-Lu|slp|[from] move: Rest
|-heal|p1a: Ting-Lu|100/100 slp|[silent]
|
|upkeep
|turn|37
|
|t:|1743802099
|move|p2a: Walking Wake|Hydro Steam|p1a: Ting-Lu
|-supereffective|p1a: Ting-Lu
|-damage|p1a: Ting-Lu|67/100 slp
|cant|p1a: Ting-Lu|slp
|
|-heal|p1a: Ting-Lu|74/100 slp|[from] item: Leftovers
|upkeep
|turn|38
|
|t:|1743802102
|move|p2a: Walking Wake|Hydro Steam|p1a: Ting-Lu
|-supereffective|p1a: Ting-Lu
|-damage|p1a: Ting-Lu|39/100 slp
|cant|p1a: Ting-Lu|slp
|
|-heal|p1a: Ting-Lu|45/100 slp|[from] item: Leftovers
|upkeep
|turn|39
|
|t:|1743802104
|move|p2a: Walking Wake|Hydro Steam|p1a: Ting-Lu
|-supereffective|p1a: Ting-Lu
|-damage|p1a: Ting-Lu|8/100 slp
|-curestatus|p1a: Ting-Lu|slp|[msg]
|move|p1a: Ting-Lu|Earthquake|p2a: Walking Wake
|-damage|p2a: Walking Wake|41/100
|
|-heal|p1a: Ting-Lu|15/100|[from] item: Leftovers
|upkeep
|turn|40
|
|t:|1743802111
|move|p2a: Walking Wake|Hydro Steam|p1a: Ting-Lu
|-supereffective|p1a: Ting-Lu
|-damage|p1a: Ting-Lu|0 fnt
|faint|p1a: Ting-Lu
|
|upkeep
|
|t:|1743802114
|switch|p1a: Darkrai|Darkrai|34/100
|turn|41
|
|t:|1743802127
|move|p1a: Darkrai|Dark Pulse|p2a: Walking Wake
|-damage|p2a: Walking Wake|0 fnt
|faint|p2a: Walking Wake
|-end|p2a: Walking Wake|Protosynthesis|[silent]
|
|upkeep
|
|t:|1743802129
|switch|p2a: Raging Bolt|Raging Bolt|100/100
|turn|42
|
|t:|1743802133
|switch|p1a: Zapdos|Zapdos|79/100
|move|p2a: Raging Bolt|Thunderbolt|p1a: Zapdos
|-damage|p1a: Zapdos|28/100
|
|upkeep
|turn|43
|
|t:|1743802137
|move|p2a: Raging Bolt|Thunderbolt|p1a: Zapdos
|-damage|p1a: Zapdos|0 fnt
|faint|p1a: Zapdos
|
|upkeep
|
|t:|1743802140
|switch|p1a: Darkrai|Darkrai|34/100
|turn|44
|
|t:|1743802142
|move|p1a: Darkrai|Dark Pulse|p2a: Raging Bolt
|-damage|p2a: Raging Bolt|49/100
|move|p2a: Raging Bolt|Thunderbolt|p1a: Darkrai
|-damage|p1a: Darkrai|0 fnt
|faint|p1a: Darkrai
|
|win|nveittikoski
