|j|☆shoregay
|j|☆bejna10
|t:|1743914729
|gametype|singles
|player|p1|shoregay|marnie|1121
|player|p2|bejna10|hilbert-wonderlauncher|1170
|teamsize|p1|6
|teamsize|p2|6
|gen|9
|tier|[Gen 9] OU
|rated|
|rule|HP Percentage Mod: HP is shown in percentages
|rule|Endless Battle Clause: Forcing endless battles is banned
|rule|Species Clause: Limit one of each Pokémon
|rule|OHKO Clause: OHKO moves are banned
|rule|Evasion Items Clause: Evasion items are banned
|rule|Evasion Moves Clause: Evasion moves are banned
|rule|Sleep Moves Clause: Sleep-inducing moves are banned
|clearpoke
|poke|p1|Gliscor, M|
|poke|p1|Iron Valiant|
|poke|p1|Skarmory, F|
|poke|p1|Dragapult, F|
|poke|p1|Clodsire, F|
|poke|p1|Ogerpon-Wellspring, F|
|poke|p2|Kleavor, F|
|poke|p2|Moltres|
|poke|p2|Primarina, M|
|poke|p2|Wo-Chien|
|poke|p2|Iron Jugulis|
|poke|p2|Dragapult, M|
|teampreview
|inactive|Battle timer is ON: inactive players will automatically lose when time's up. (requested by bejna10)
|
|t:|1743914737
|start
|switch|p1a: Gliscor|Gliscor, M|100/100
|switch|p2a: Kleavor|Kleavor, F|100/100
|turn|1
|
|t:|1743914753
|move|p1a: Gliscor|Spikes|p2a: Kleavor
|-sidestart|p2: bejna10|Spikes
|move|p2a: Kleavor|Stone Axe|p1a: Gliscor
|-damage|p1a: Gliscor|51/100
|-sidestart|p1: shoregay|move: Stealth Rock
|-damage|p2a: Kleavor|91/100|[from] item: Life Orb
|
|-status|p1a: Gliscor|tox|[from] item: Toxic Orb
|upkeep
|turn|2
|
|t:|1743914762
|move|p1a: Gliscor|Protect|p1a: Gliscor
|-singleturn|p1a: Gliscor|Protect
|move|p2a: Kleavor|Stone Axe|p1a: Gliscor
|-activate|p1a: Gliscor|move: Protect
|
|-heal|p1a: Gliscor|64/100 tox|[from] ability: Poison Heal
|upkeep
|turn|3
|
|t:|1743914764
|move|p1a: Gliscor|Toxic|p2a: Kleavor
|-status|p2a: Kleavor|tox
|move|p2a: Kleavor|Stone Axe|p1a: Gliscor
|-damage|p1a: Gliscor|16/100 tox
|-damage|p2a: Kleavor|81/100 tox|[from] item: Life Orb
|
|-heal|p1a: Gliscor|29/100 tox|[from] ability: Poison Heal
|-damage|p2a: Kleavor|75/100 tox|[from] psn
|upkeep
|turn|4
|
|t:|1743914769
|move|p1a: Gliscor|Protect|p1a: Gliscor
|-singleturn|p1a: Gliscor|Protect
|move|p2a: Kleavor|Swords Dance|p2a: Kleavor
|-boost|p2a: Kleavor|atk|2
|
|-heal|p1a: Gliscor|41/100 tox|[from] ability: Poison Heal
|-damage|p2a: Kleavor|63/100 tox|[from] psn
|upkeep
|turn|5
|
|t:|1743914779
|switch|p1a: Clodsire|Clodsire, F|100/100
|move|p2a: Kleavor|Stone Axe|p1a: Clodsire
|-resisted|p1a: Clodsire
|-damage|p1a: Clodsire|33/100
|-damage|p2a: Kleavor|53/100 tox|[from] item: Life Orb
|
|-damage|p2a: Kleavor|35/100 tox|[from] psn
|upkeep
|turn|6
|
|t:|1743914801
|switch|p1a: Skarmory|Skarmory, F|100/100
|-damage|p1a: Skarmory|88/100|[from] Stealth Rock
|move|p2a: Kleavor|Stone Axe|p1a: Skarmory
|-damage|p1a: Skarmory|12/100
|-damage|p2a: Kleavor|19/100 tox|[from] item: Rocky Helmet|[of] p1a: Skarmory
|-damage|p2a: Kleavor|9/100 tox|[from] item: Life Orb
|
|-damage|p2a: Kleavor|0 fnt|[from] psn
|faint|p2a: Kleavor
|upkeep
|
|t:|1743914818
|switch|p2a: Moltres|Moltres|100/100
|turn|7
|
|t:|1743914831
|switch|p1a: Iron Valiant|Iron Valiant|100/100
|move|p2a: Moltres|Flamethrower|p1a: Iron Valiant
|-damage|p1a: Iron Valiant|23/100
|
|upkeep
|turn|8
|
|t:|1743914844
|move|p1a: Iron Valiant|Thunderbolt|p2a: Moltres
|-supereffective|p2a: Moltres
|-damage|p2a: Moltres|39/100
|move|p2a: Moltres|Air Slash|p1a: Iron Valiant
|-supereffective|p1a: Iron Valiant
|-damage|p1a: Iron Valiant|0 fnt
|faint|p1a: Iron Valiant
|-end|p1a: Iron Valiant|Quark Drive|[silent]
|
|upkeep
|
|t:|1743914848
|switch|p1a: Gliscor|Gliscor, M|41/100 tox
|-damage|p1a: Gliscor|29/100 tox|[from] Stealth Rock
|turn|9
|
|t:|1743914854
|move|p1a: Gliscor|Knock Off|p2a: Moltres
|-damage|p2a: Moltres|24/100
|-enditem|p2a: Moltres|Heavy-Duty Boots|[from] move: Knock Off|[of] p1a: Gliscor
|move|p2a: Moltres|Flamethrower|p1a: Gliscor
|-damage|p1a: Gliscor|0 fnt
|faint|p1a: Gliscor
|
|upkeep
|
|t:|1743914860
|switch|p1a: Ogerpon|Ogerpon-Wellspring, F|100/100
|-damage|p1a: Ogerpon|88/100|[from] Stealth Rock
|turn|10
|
|t:|1743914864
|switch|p2a: Wo-Chien|Wo-Chien|100/100
|-damage|p2a: Wo-Chien|88/100|[from] Spikes
|-ability|p2a: Wo-Chien|Tablets of Ruin
|move|p1a: Ogerpon|Ivy Cudgel|p2a: Wo-Chien|[anim] Ivy Cudgel Water
|-resisted|p2a: Wo-Chien
|-damage|p2a: Wo-Chien|68/100
|
|-heal|p2a: Wo-Chien|74/100|[from] item: Leftovers
|upkeep
|turn|11
|
|t:|1743914873
|move|p1a: Ogerpon|U-turn|p2a: Wo-Chien
|-supereffective|p2a: Wo-Chien
|-damage|p2a: Wo-Chien|6/100
|
|t:|1743914875
|switch|p1a: Skarmory|Skarmory, F|12/100|[from] U-turn
|-damage|p1a: Skarmory|0 fnt|[from] Stealth Rock
|faint|p1a: Skarmory
|move|p2a: Wo-Chien|Leech Seed|p1: Skarmory|[notarget]
|-fail|p2a: Wo-Chien
|
|-heal|p2a: Wo-Chien|12/100|[from] item: Leftovers
|upkeep
|
|t:|1743914881
|switch|p1a: Clodsire|Clodsire, F|33/100
|turn|12
|
|t:|1743914891
|switch|p2a: Moltres|Moltres|24/100
|move|p1a: Clodsire|Recover|p1a: Clodsire
|-heal|p1a: Clodsire|83/100
|
|upkeep
|turn|13
|
|t:|1743914898
|move|p2a: Moltres|Scorching Sands|p1a: Clodsire
|-supereffective|p1a: Clodsire
|-damage|p1a: Clodsire|63/100
|move|p1a: Clodsire|Toxic|p2a: Moltres
|-status|p2a: Moltres|tox
|
|-damage|p2a: Moltres|18/100 tox|[from] psn
|upkeep
|turn|14
|
|t:|1743914906
|move|p2a: Moltres|Scorching Sands|p1a: Clodsire
|-supereffective|p1a: Clodsire
|-damage|p1a: Clodsire|42/100
|move|p1a: Clodsire|Spikes|p2a: Moltres
|-sidestart|p2: bejna10|Spikes
|
|-damage|p2a: Moltres|6/100 tox|[from] psn
|upkeep
|turn|15
|
|t:|1743914928
|move|p2a: Moltres|Scorching Sands|p1a: Clodsire
|-supereffective|p1a: Clodsire
|-damage|p1a: Clodsire|22/100
|-status|p1a: Clodsire|brn
|move|p1a: Clodsire|Recover|p1a: Clodsire
|-heal|p1a: Clodsire|72/100 brn
|
|-damage|p2a: Moltres|0 fnt|[from] psn
|faint|p2a: Moltres
|-damage|p1a: Clodsire|66/100 brn|[from] brn
|upkeep
|
|t:|1743914939
|switch|p2a: Primarina|Primarina, M, shiny|100/100
|-damage|p2a: Primarina|84/100|[from] Spikes
|turn|16
|
|t:|1743914943
|move|p2a: Primarina|Hyper Voice|p1a: Clodsire
|-heal|p1a: Clodsire|91/100 brn|[from] ability: Water Absorb|[of] p2a: Primarina
|move|p1a: Clodsire|Toxic|p2a: Primarina
|-status|p2a: Primarina|tox
|
|-damage|p2a: Primarina|78/100 tox|[from] psn
|-damage|p1a: Clodsire|85/100 brn|[from] brn
|upkeep
|turn|17
|
|t:|1743914959
|move|p2a: Primarina|Ice Beam|p1a: Clodsire
|-supereffective|p1a: Clodsire
|-damage|p1a: Clodsire|50/100 brn
|move|p1a: Clodsire|Spikes|p2a: Primarina
|-sidestart|p2: bejna10|Spikes
|
|-damage|p2a: Primarina|66/100 tox|[from] psn
|-damage|p1a: Clodsire|44/100 brn|[from] brn
|upkeep
|turn|18
|
|t:|1743914968
|move|p2a: Primarina|Ice Beam|p1a: Clodsire
|-supereffective|p1a: Clodsire
|-damage|p1a: Clodsire|5/100 brn
|move|p1a: Clodsire|Recover|p1a: Clodsire
|-heal|p1a: Clodsire|55/100 brn
|
|-damage|p2a: Primarina|48/100 tox|[from] psn
|-damage|p1a: Clodsire|49/100 brn|[from] brn
|upkeep
|turn|19
|
|t:|1743914974
|move|p2a: Primarina|Ice Beam|p1a: Clodsire
|-supereffective|p1a: Clodsire
|-damage|p1a: Clodsire|15/100 brn
|move|p1a: Clodsire|Recover|p1a: Clodsire
|-heal|p1a: Clodsire|65/100 brn
|
|-damage|p2a: Primarina|24/100 tox|[from] psn
|-damage|p1a: Clodsire|59/100 brn|[from] brn
|upkeep
|turn|20
|
|t:|1743914979
|move|p2a: Primarina|Ice Beam|p1a: Clodsire
|-supereffective|p1a: Clodsire
|-damage|p1a: Clodsire|24/100 brn
|move|p1a: Clodsire|Recover|p1a: Clodsire
|-heal|p1a: Clodsire|74/100 brn
|
|-damage|p2a: Primarina|0 fnt|[from] psn
|faint|p2a: Primarina
|-damage|p1a: Clodsire|68/100 brn|[from] brn
|upkeep
|
|t:|1743915001
|switch|p2a: Dragapult|Dragapult, M, shiny|100/100
|-damage|p2a: Dragapult|76/100|[from] Spikes
|turn|21
|
|t:|1743915013
|-terastallize|p2a: Dragapult|Stellar
|move|p2a: Dragapult|Dragon Darts|p1a: Clodsire
|-damage|p1a: Clodsire|28/100 brn
|-anim|p2a: Dragapult|Dragon Darts|p1a: Clodsire
|-damage|p1a: Clodsire|0 fnt
|faint|p1a: Clodsire
|
|upkeep
|
|t:|1743915026
|switch|p1a: Dragapult|Dragapult, F|100/100
|turn|22
|
|t:|1743915032
|move|p1a: Dragapult|Dragon Darts|p2a: Dragapult
|-supereffective|p2a: Dragapult
|-damage|p2a: Dragapult|14/100
|-anim|p1a: Dragapult|Dragon Darts|p2a: Dragapult
|-supereffective|p2a: Dragapult
|-damage|p2a: Dragapult|0 fnt
|faint|p2a: Dragapult
|
|upkeep
|
|t:|1743915037
|switch|p2a: Iron Jugulis|Iron Jugulis|100/100
|-enditem|p2a: Iron Jugulis|Booster Energy
|-activate|p2a: Iron Jugulis|ability: Quark Drive|[fromitem]
|-start|p2a: Iron Jugulis|quarkdrivespe
|turn|23
|
|t:|1743915063
|move|p2a: Iron Jugulis|Dark Pulse|p1a: Dragapult
|-supereffective|p1a: Dragapult
|-damage|p1a: Dragapult|0 fnt
|faint|p1a: Dragapult
|
|upkeep
|
|t:|1743915067
|switch|p1a: Ogerpon|Ogerpon-Wellspring, F|88/100
|-damage|p1a: Ogerpon|76/100|[from] Stealth Rock
|turn|24
|
|t:|1743915071
|move|p2a: Iron Jugulis|Hurricane|p1a: Ogerpon
|-supereffective|p1a: Ogerpon
|-damage|p1a: Ogerpon|0 fnt
|faint|p1a: Ogerpon
|
|win|bejna10
|raw|shoregay's rating: 1121 &rarr; <strong>1100</strong><br />(-21 for losing)
|raw|bejna10's rating: 1170 &rarr; <strong>1191</strong><br />(+21 for winning)
|l|☆bejna10
|player|p2|
