|j|☆zeep vs zoop
|j|☆poketrep
|t:|1743904821
|gametype|singles
|player|p1|zeep vs zoop|misty|1743
|player|p2|poketrep|swimmerf|1769
|teamsize|p1|6
|teamsize|p2|6
|gen|9
|tier|[Gen 9] OU
|rated|
|rule|HP Percentage Mod: HP is shown in percentages
|rule|Endless Battle Clause: Forcing endless battles is banned
|rule|Species Clause: Limit one of each Pokémon
|rule|OHKO Clause: OHKO moves are banned
|rule|Evasion Items Clause: Evasion items are banned
|rule|Evasion Moves Clause: Evasion moves are banned
|rule|Sleep Moves Clause: Sleep-inducing moves are banned
|clearpoke
|poke|p1|Dragapult, F|
|poke|p1|Iron Crown|
|poke|p1|Ogerpon-Wellspring, F|
|poke|p1|Corviknight, F|
|poke|p1|Iron Valiant|
|poke|p1|Ting-Lu|
|poke|p2|Rabsca, M|
|poke|p2|Slowking-Galar, F|
|poke|p2|Ursaluna, F|
|poke|p2|Azumarill, F|
|poke|p2|Mimikyu, F|
|poke|p2|Kingambit, M|
|teampreview
|
|t:|1743904833
|start
|switch|p1a: Dragapult|Dragapult, F|100/100
|switch|p2a: Burr|Slowking-Galar, F|100/100
|turn|1
|inactive|Battle timer is ON: inactive players will automatically lose when time's up. (requested by zeep vs zoop)
|
|t:|1743904849
|-terastallize|p1a: Dragapult|Ghost
|move|p1a: Dragapult|Tera Blast|p2a: Burr|[anim] Tera Blast Ghost
|-supereffective|p2a: Burr
|-damage|p2a: Burr|0 fnt
|faint|p2a: Burr
|
|upkeep
|j| drednawthegreatest
|
|t:|1743904859
|switch|p2a: Chad|Azumarill, F|100/100
|turn|2
|l| drednawthegreatest
|inactive|zeep vs zoop has 120 seconds left.
|
|t:|1743904897
|switch|p1a: Ogerpon|Ogerpon-Wellspring, F|100/100
|move|p2a: Chad|Knock Off|p1a: Ogerpon
|-damage|p1a: Ogerpon|64/100
|
|upkeep
|turn|3
|inactive|poketrep has 120 seconds left.
|
|t:|1743904943
|move|p1a: Ogerpon|Horn Leech|p2a: Chad
|-supereffective|p2a: Chad
|-damage|p2a: Chad|14/100
|-heal|p1a: Ogerpon|100/100|[from] drain|[of] p2a: Chad
|move|p2a: Chad|Play Rough|p1a: Ogerpon
|-damage|p1a: Ogerpon|24/100
|
|upkeep
|turn|4
|
|t:|1743904963
|switch|p2a: Decoy|Mimikyu, F|100/100
|move|p1a: Ogerpon|Horn Leech|p2a: Decoy
|-activate|p2a: Decoy|ability: Disguise
|-damage|p2a: Decoy|100/100
|detailschange|p2a: Decoy|Mimikyu-Busted, F
|-damage|p2a: Decoy|88/100|[from] pokemon: Mimikyu-Busted
|
|upkeep
|turn|5
|
|t:|1743904971
|move|p1a: Ogerpon|Taunt|p2a: Decoy
|-start|p2a: Decoy|move: Taunt
|-enditem|p2a: Decoy|Mental Herb
|-end|p2a: Decoy|move: Taunt
|move|p2a: Decoy|Trick Room|p2a: Decoy
|-fieldstart|move: Trick Room|[of] p2a: Decoy
|
|upkeep
|turn|6
|
|t:|1743904989
|switch|p2a: Village Crusher|Ursaluna, F|100/100
|switch|p1a: Corviknight|Corviknight, F|100/100
|-ability|p1a: Corviknight|Pressure
|
|-status|p2a: Village Crusher|brn|[from] item: Flame Orb
|upkeep
|turn|7
|
|t:|1743904994
|move|p2a: Village Crusher|Swords Dance|p2a: Village Crusher
|-boost|p2a: Village Crusher|atk|2
|move|p1a: Corviknight|Roost||[still]
|-fail|p1a: Corviknight|heal
|
|-damage|p2a: Village Crusher|94/100 brn|[from] brn
|upkeep
|turn|8
|inactive|poketrep has 120 seconds left.
|
|t:|1743905002
|-terastallize|p2a: Village Crusher|Normal
|move|p2a: Village Crusher|Facade|p1a: Corviknight
|-resisted|p1a: Corviknight
|-damage|p1a: Corviknight|5/100
|-damage|p2a: Village Crusher|78/100 brn|[from] item: Rocky Helmet|[of] p1a: Corviknight
|move|p1a: Corviknight|Body Press|p2a: Village Crusher
|-supereffective|p2a: Village Crusher
|-damage|p2a: Village Crusher|37/100 brn
|
|-damage|p2a: Village Crusher|31/100 brn|[from] brn
|upkeep
|turn|9
|
|t:|1743905010
|move|p2a: Village Crusher|Crunch|p1a: Corviknight
|-damage|p1a: Corviknight|0 fnt
|-damage|p2a: Village Crusher|15/100 brn|[from] item: Rocky Helmet|[of] p1a: Corviknight
|faint|p1a: Corviknight
|
|-damage|p2a: Village Crusher|8/100 brn|[from] brn
|-fieldend|move: Trick Room
|upkeep
|
|t:|1743905013
|switch|p1a: Dragapult|Dragapult, F, tera:Ghost|100/100
|turn|10
|
|t:|1743905022
|switch|p2a: Chad|Azumarill, F|14/100
|move|p1a: Dragapult|U-turn|p2a: Chad
|-resisted|p2a: Chad
|-damage|p2a: Chad|0 fnt
|faint|p2a: Chad
|
|t:|1743905027
|switch|p1a: Ogerpon|Ogerpon-Wellspring, F|24/100|[from] U-turn
|
|upkeep
|
|t:|1743905033
|switch|p2a: Decoy|Mimikyu-Busted, F|88/100
|turn|11
|
|t:|1743905036
|switch|p1a: Ting-Lu|Ting-Lu|100/100
|-ability|p1a: Ting-Lu|Vessel of Ruin
|move|p2a: Decoy|Shadow Sneak|p1a: Ting-Lu
|-resisted|p1a: Ting-Lu
|-damage|p1a: Ting-Lu|95/100
|-damage|p2a: Decoy|71/100|[from] item: Rocky Helmet|[of] p1a: Ting-Lu
|
|upkeep
|turn|12
|
|t:|1743905041
|move|p2a: Decoy|Curse|p1a: Ting-Lu
|-start|p1a: Ting-Lu|Curse|[of] p2a: Decoy
|-damage|p2a: Decoy|22/100
|move|p1a: Ting-Lu|Whirlwind|p2a: Decoy
|drag|p2a: Shogun|Kingambit, M|100/100
|-activate|p2a: Shogun|ability: Supreme Overlord
|-start|p2a: Shogun|fallen2|[silent]
|
|-damage|p1a: Ting-Lu|70/100|[from] Curse
|upkeep
|turn|13
|
|t:|1743905049
|-end|p2a: Shogun|fallen2|[silent]
|switch|p2a: Atonement|Rabsca, M|100/100
|move|p1a: Ting-Lu|Stealth Rock|p2a: Atonement
|-sidestart|p2: poketrep|move: Stealth Rock
|
|-damage|p1a: Ting-Lu|46/100|[from] Curse
|upkeep
|turn|14
|
|t:|1743905054
|switch|p1a: Ogerpon|Ogerpon-Wellspring, F|24/100
|move|p2a: Atonement|Revival Blessing|p2a: Atonement
|
|t:|1743905059
|-heal|p2: Burr|50/100|[from] move: Revival Blessing
|
|upkeep
|turn|15
|j| floating all day
|
|t:|1743905066
|move|p1a: Ogerpon|Taunt|p2a: Atonement
|-start|p2a: Atonement|move: Taunt
|cant|p2a: Atonement|move: Taunt|Trick Room
|
|upkeep
|turn|16
|
|t:|1743905071
|switch|p2a: Village Crusher|Ursaluna, F, tera:Normal|8/100 brn
|-damage|p2a: Village Crusher|0 fnt|[from] Stealth Rock
|faint|p2a: Village Crusher
|move|p1a: Ogerpon|Knock Off|p2: Village Crusher|[notarget]
|-fail|p1a: Ogerpon
|
|upkeep
|
|t:|1743905077
|switch|p2a: Decoy|Mimikyu-Busted, F|22/100
|-damage|p2a: Decoy|9/100|[from] Stealth Rock
|turn|17
|
|t:|1743905082
|move|p1a: Ogerpon|Knock Off|p2a: Decoy
|-damage|p2a: Decoy|0 fnt
|faint|p2a: Decoy
|
|upkeep
|j| femballin
|inactive|poketrep has 120 seconds left.
|j| rippedpantsbob
|l|☆poketrep
|inactive|poketrep disconnected and has a minute to reconnect!
|player|p2|
|inactive|poketrep has 30 seconds to reconnect!
|inactive|poketrep has 20 seconds to reconnect!
|inactive|poketrep has 15 seconds to reconnect!
|inactive|poketrep has 10 seconds to reconnect!
|inactive|poketrep has 5 seconds to reconnect!
|j|☆poketrep
|inactive|poketrep reconnected and has 40 seconds left.
|player|p2|poketrep|swimmerf|
|inactive|poketrep has 30 seconds left.
|
|t:|1743905208
|switch|p2a: Shogun|Kingambit, M|100/100
|-damage|p2a: Shogun|94/100|[from] Stealth Rock
|-activate|p2a: Shogun|ability: Supreme Overlord
|-start|p2a: Shogun|fallen4|[silent]
|turn|18
|inactive|poketrep has 30 seconds left.
|
|t:|1743905216
|switch|p1a: Ting-Lu|Ting-Lu|46/100
|-ability|p1a: Ting-Lu|Vessel of Ruin
|move|p2a: Shogun|Low Kick|p1a: Ting-Lu
|-supereffective|p1a: Ting-Lu
|-damage|p1a: Ting-Lu|0 fnt
|-damage|p2a: Shogun|78/100|[from] item: Rocky Helmet|[of] p1a: Ting-Lu
|faint|p1a: Ting-Lu
|
|upkeep
|
|t:|1743905224
|switch|p1a: Dragapult|Dragapult, F, tera:Ghost|100/100
|turn|19
|j| Pokemh
|
|t:|1743905235
|move|p2a: Shogun|Sucker Punch|p1a: Dragapult
|-supereffective|p1a: Dragapult
|-damage|p1a: Dragapult|0 fnt
|faint|p1a: Dragapult
|
|upkeep
|l| femballin
|
|t:|1743905243
|switch|p1a: Ogerpon|Ogerpon-Wellspring, F|24/100
|turn|20
|
|t:|1743905246
|move|p2a: Shogun|Sucker Punch||[still]
|-fail|p2a: Shogun
|move|p1a: Ogerpon|Taunt|p2a: Shogun
|-start|p2a: Shogun|move: Taunt
|
|upkeep
|turn|21
|inactive|poketrep has 60 seconds left.
|
|t:|1743905257
|move|p1a: Ogerpon|Ivy Cudgel|p2a: Shogun|[anim] Ivy Cudgel Water
|-damage|p2a: Shogun|37/100
|move|p2a: Shogun|Iron Head|p1a: Ogerpon
|-resisted|p1a: Ogerpon
|-damage|p1a: Ogerpon|0 fnt
|faint|p1a: Ogerpon
|
|upkeep
|
|t:|1743905260
|switch|p1a: Iron Valiant|Iron Valiant|100/100
|-enditem|p1a: Iron Valiant|Booster Energy
|-activate|p1a: Iron Valiant|ability: Quark Drive|[fromitem]
|-start|p1a: Iron Valiant|quarkdrivespe
|turn|22
|
|t:|1743905268
|-end|p2a: Shogun|fallen4|[silent]
|switch|p2a: Burr|Slowking-Galar, F|50/100
|-damage|p2a: Burr|38/100|[from] Stealth Rock
|move|p1a: Iron Valiant|Moonblast|p2a: Burr
|-resisted|p2a: Burr
|-damage|p2a: Burr|21/100
|
|upkeep
|turn|23
|
|t:|1743905275
|move|p1a: Iron Valiant|Psyshock|p2a: Burr
|-damage|p2a: Burr|0 fnt
|faint|p2a: Burr
|
|upkeep
|
|t:|1743905292
|switch|p2a: Atonement|Rabsca, M|100/100
|turn|24
|
|t:|1743905296
|move|p1a: Iron Valiant|Calm Mind|p1a: Iron Valiant
|-boost|p1a: Iron Valiant|spa|1
|-boost|p1a: Iron Valiant|spd|1
|move|p2a: Atonement|Trick Room|p2a: Atonement
|-fieldstart|move: Trick Room|[of] p2a: Atonement
|
|upkeep
|turn|25
|
|t:|1743905301
|move|p2a: Atonement|Memento|p1a: Iron Valiant
|-unboost|p1a: Iron Valiant|atk|2
|-unboost|p1a: Iron Valiant|spa|2
|faint|p2a: Atonement
|move|p1a: Iron Valiant|Calm Mind|p1a: Iron Valiant
|-boost|p1a: Iron Valiant|spa|1
|-boost|p1a: Iron Valiant|spd|1
|
|upkeep
|
|t:|1743905303
|switch|p2a: Shogun|Kingambit, M|37/100
|-damage|p2a: Shogun|30/100|[from] Stealth Rock
|-activate|p2a: Shogun|ability: Supreme Overlord
|-start|p2a: Shogun|fallen5|[silent]
|turn|26
|
|t:|1743905310
|-end|p1a: Iron Valiant|Quark Drive|[silent]
|switch|p1a: Iron Crown|Iron Crown|100/100
|move|p2a: Shogun|Kowtow Cleave|p1a: Iron Crown
|-supereffective|p1a: Iron Crown
|-damage|p1a: Iron Crown|0 fnt
|faint|p1a: Iron Crown
|-end|p1a: Iron Crown|Quark Drive|[silent]
|
|upkeep
|
|t:|1743905314
|switch|p1a: Iron Valiant|Iron Valiant|100/100
|turn|27
|c|☆zeep vs zoop|nice predict
|
|t:|1743905320
|move|p2a: Shogun|Iron Head|p1a: Iron Valiant
|-supereffective|p1a: Iron Valiant
|-crit|p1a: Iron Valiant
|-damage|p1a: Iron Valiant|0 fnt
|faint|p1a: Iron Valiant
|-end|p1a: Iron Valiant|Quark Drive|[silent]
|
|win|poketrep
|raw|zeep vs zoop's rating: 1743 &rarr; <strong>1724</strong><br />(-19 for losing)
|raw|poketrep's rating: 1769 &rarr; <strong>1788</strong><br />(+19 for winning)
|l|☆zeep vs zoop
|player|p1|
|c|☆poketrep|Gg
|l|☆poketrep
|player|p2|
|l| Pokemh
|l| rippedpantsbob
