|j|☆Loneverfe
|j|☆LX1987
|t:|1743868741
|gametype|singles
|player|p1|Loneverfe|cress|1259
|player|p2|LX1987|170|1214
|teamsize|p1|6
|teamsize|p2|6
|gen|9
|tier|[Gen 9] OU
|rated|
|rule|HP Percentage Mod: HP is shown in percentages
|rule|Endless Battle Clause: Forcing endless battles is banned
|rule|Species Clause: Limit one of each Pokémon
|rule|OHKO Clause: OHKO moves are banned
|rule|Evasion Items Clause: Evasion items are banned
|rule|Evasion Moves Clause: Evasion moves are banned
|rule|Sleep Moves Clause: Sleep-inducing moves are banned
|clearpoke
|poke|p1|Slither Wing|
|poke|p1|Glimmora, M|
|poke|p1|Gholdengo|
|poke|p1|Great Tusk|
|poke|p1|Moltres|
|poke|p1|Samurott-Hisui, F|
|poke|p2|Corviknight, M|
|poke|p2|Kingambit, M|
|poke|p2|Arcanine-Hisui, F|
|poke|p2|Ninetales-Alola, F|
|poke|p2|Chimecho, M|
|poke|p2|Lumineon, F|
|teampreview
|inactive|Battle timer is ON: inactive players will automatically lose when time's up. (requested by LX1987)
|
|t:|1743868750
|start
|switch|p1a: Glimmora|Glimmora, M|100/100
|switch|p2a: Ninetales|Ninetales-Alola, F|100/100
|-weather|Snowscape|[from] ability: Snow Warning|[of] p2a: Ninetales
|turn|1
|
|t:|1743868760
|move|p2a: Ninetales|Aurora Veil|p2a: Ninetales
|-sidestart|p2: LX1987|move: Aurora Veil
|move|p1a: Glimmora|Meteor Beam||[still]
|-prepare|p1a: Glimmora|Meteor Beam
|-boost|p1a: Glimmora|spa|1
|-enditem|p1a: Glimmora|Power Herb
|-anim|p1a: Glimmora|Meteor Beam|p2a: Ninetales
|-supereffective|p2a: Ninetales
|-damage|p2a: Ninetales|0 fnt
|faint|p2a: Ninetales
|
|-weather|Snowscape|[upkeep]
|upkeep
|
|t:|1743868772
|switch|p2a: Lumineon|Lumineon, F|100/100
|turn|2
|
|t:|1743868777
|move|p2a: Lumineon|Surf|p1a: Glimmora
|-supereffective|p1a: Glimmora
|-damage|p1a: Glimmora|20/100
|move|p1a: Glimmora|Sludge Wave|p2a: Lumineon
|-damage|p2a: Lumineon|52/100
|
|-weather|Snowscape|[upkeep]
|upkeep
|turn|3
|
|t:|1743868786
|move|p2a: Lumineon|Alluring Voice|p1a: Glimmora
|-resisted|p1a: Glimmora
|-damage|p1a: Glimmora|8/100
|-enditem|p2a: Lumineon|Throat Spray
|-boost|p2a: Lumineon|spa|1|[from] item: Throat Spray
|move|p1a: Glimmora|Sludge Wave|p2a: Lumineon
|-damage|p2a: Lumineon|3/100
|
|-weather|Snowscape|[upkeep]
|upkeep
|turn|4
|
|t:|1743868798
|move|p2a: Lumineon|Blizzard|p1a: Glimmora
|-damage|p1a: Glimmora|0 fnt
|faint|p1a: Glimmora
|
|-weather|Snowscape|[upkeep]
|upkeep
|
|t:|1743868811
|switch|p1a: Gholdengo|Gholdengo|100/100
|turn|5
|
|t:|1743868818
|move|p1a: Gholdengo|Shadow Ball|p2a: Lumineon
|-damage|p2a: Lumineon|0 fnt
|faint|p2a: Lumineon
|
|-weather|none
|upkeep
|
|t:|1743868826
|switch|p2a: Arcanine|Arcanine-Hisui, F|100/100
|turn|6
|
|t:|1743868835
|switch|p1a: Great Tusk|Great Tusk|100/100
|move|p2a: Arcanine|Head Smash|p1a: Great Tusk
|-resisted|p1a: Great Tusk
|-damage|p1a: Great Tusk|83/100
|-damage|p2a: Arcanine|84/100|[from] item: Rocky Helmet|[of] p1a: Great Tusk
|-damage|p2a: Arcanine|74/100|[from] item: Life Orb
|
|upkeep
|turn|7
|
|t:|1743868845
|switch|p2a: Corviknight|Corviknight, M|100/100
|move|p1a: Great Tusk|Knock Off|p2a: Corviknight
|-damage|p2a: Corviknight|91/100
|-damage|p1a: Great Tusk|67/100|[from] item: Rocky Helmet|[of] p2a: Corviknight
|-enditem|p2a: Corviknight|Rocky Helmet|[from] move: Knock Off|[of] p1a: Great Tusk
|
|upkeep
|turn|8
|
|t:|1743868854
|-end|p1a: Great Tusk|Protosynthesis|[silent]
|switch|p1a: Moltres|Moltres|100/100
|move|p2a: Corviknight|Brave Bird|p1a: Moltres
|-damage|p1a: Moltres|75/100
|-damage|p2a: Corviknight|82/100|[from] Recoil
|
|-sideend|p2: LX1987|move: Aurora Veil
|upkeep
|turn|9
|
|t:|1743868866
|switch|p2a: Arcanine|Arcanine-Hisui, F|74/100
|move|p1a: Moltres|Roar|p2a: Arcanine
|drag|p2a: Corviknight|Corviknight, M|82/100
|
|upkeep
|turn|10
|
|t:|1743868875
|switch|p2a: Chimecho|Chimecho, M|100/100
|move|p1a: Moltres|Flamethrower|p2a: Chimecho
|-damage|p2a: Chimecho|71/100
|
|-heal|p2a: Chimecho|77/100|[from] item: Leftovers
|upkeep
|turn|11
|
|t:|1743868885
|switch|p1a: Slither Wing|Slither Wing|100/100
|move|p2a: Chimecho|Thunder Wave|p1a: Slither Wing|[miss]
|-miss|p2a: Chimecho|p1a: Slither Wing
|
|-heal|p2a: Chimecho|83/100|[from] item: Leftovers
|upkeep
|turn|12
|
|t:|1743868894
|switch|p2a: Corviknight|Corviknight, M|82/100
|move|p1a: Slither Wing|Flame Charge|p2a: Corviknight
|-supereffective|p2a: Corviknight
|-damage|p2a: Corviknight|60/100
|-boost|p1a: Slither Wing|spe|1
|
|upkeep
|turn|13
|
|t:|1743868906
|-terastallize|p1a: Slither Wing|Water
|move|p1a: Slither Wing|Flame Charge|p2a: Corviknight
|-supereffective|p2a: Corviknight
|-damage|p2a: Corviknight|37/100
|-boost|p1a: Slither Wing|spe|1
|move|p2a: Corviknight|Roost|p2a: Corviknight
|-heal|p2a: Corviknight|88/100
|-singleturn|p2a: Corviknight|move: Roost
|
|upkeep
|turn|14
|
|t:|1743868918
|move|p1a: Slither Wing|Tera Blast|p2a: Corviknight|[anim] Tera Blast Water
|-damage|p2a: Corviknight|59/100
|move|p2a: Corviknight|Brave Bird|p1a: Slither Wing
|-damage|p1a: Slither Wing|40/100
|-damage|p2a: Corviknight|43/100|[from] Recoil
|
|upkeep
|turn|15
|
|t:|1743868926
|move|p1a: Slither Wing|Tera Blast|p2a: Corviknight|[anim] Tera Blast Water
|-damage|p2a: Corviknight|16/100
|move|p2a: Corviknight|Roost|p2a: Corviknight
|-heal|p2a: Corviknight|66/100
|-singleturn|p2a: Corviknight|move: Roost
|
|upkeep
|turn|16
|
|t:|1743868934
|move|p1a: Slither Wing|Tera Blast|p2a: Corviknight|[anim] Tera Blast Water
|-damage|p2a: Corviknight|38/100
|move|p2a: Corviknight|Roost|p2a: Corviknight
|-heal|p2a: Corviknight|88/100
|-singleturn|p2a: Corviknight|move: Roost
|
|upkeep
|turn|17
|
|t:|1743868942
|move|p1a: Slither Wing|Close Combat|p2a: Corviknight
|-damage|p2a: Corviknight|46/100
|-unboost|p1a: Slither Wing|def|1
|-unboost|p1a: Slither Wing|spd|1
|move|p2a: Corviknight|Brave Bird|p1a: Slither Wing
|-damage|p1a: Slither Wing|0 fnt
|faint|p1a: Slither Wing
|-end|p1a: Slither Wing|Protosynthesis|[silent]
|-damage|p2a: Corviknight|34/100|[from] Recoil
|
|upkeep
|
|t:|1743868952
|switch|p1a: Samurott|Samurott-Hisui, F|100/100
|turn|18
|
|t:|1743868956
|move|p1a: Samurott|Swords Dance|p1a: Samurott
|-boost|p1a: Samurott|atk|2
|move|p2a: Corviknight|Roost|p2a: Corviknight
|-heal|p2a: Corviknight|85/100
|-singleturn|p2a: Corviknight|move: Roost
|
|upkeep
|turn|19
|inactive|Loneverfe has 120 seconds left.
|
|t:|1743869003
|move|p1a: Samurott|Ceaseless Edge|p2a: Corviknight
|-crit|p2a: Corviknight
|-damage|p2a: Corviknight|0 fnt
|-sidestart|p2: LX1987|Spikes
|faint|p2a: Corviknight
|
|upkeep
|
|t:|1743869011
|switch|p2a: Arcanine|Arcanine-Hisui, F|74/100
|-damage|p2a: Arcanine|62/100|[from] Spikes
|turn|20
|
|t:|1743869024
|move|p1a: Samurott|Sucker Punch|p2a: Arcanine
|-damage|p2a: Arcanine|0 fnt
|faint|p2a: Arcanine
|
|upkeep
|
|t:|1743869031
|switch|p2a: Chimecho|Chimecho, M|83/100
|turn|21
|
|t:|1743869034
|move|p1a: Samurott|Ceaseless Edge|p2a: Chimecho
|-supereffective|p2a: Chimecho
|-damage|p2a: Chimecho|0 fnt
|-sidestart|p2: LX1987|Spikes
|faint|p2a: Chimecho
|
|upkeep
|
|t:|1743869041
|switch|p2a: Kingambit|Kingambit, M|100/100
|-damage|p2a: Kingambit|84/100|[from] Spikes
|-activate|p2a: Kingambit|ability: Supreme Overlord
|-start|p2a: Kingambit|fallen5|[silent]
|turn|22
|
|t:|1743869048
|move|p1a: Samurott|Razor Shell|p2a: Kingambit
|-damage|p2a: Kingambit|8/100
|move|p2a: Kingambit|Swords Dance|p2a: Kingambit
|-boost|p2a: Kingambit|atk|2
|
|upkeep
|turn|23
|
|t:|1743869055
|move|p1a: Samurott|Sucker Punch|p2a: Kingambit
|-resisted|p2a: Kingambit
|-damage|p2a: Kingambit|0 fnt
|faint|p2a: Kingambit
|-end|p2a: Kingambit|fallen5|[silent]
|
|win|Loneverfe
|raw|Loneverfe's rating: 1259 &rarr; <strong>1281</strong><br />(+22 for winning)
|raw|LX1987's rating: 1214 &rarr; <strong>1192</strong><br />(-22 for losing)
|l|☆Loneverfe
|player|p1|
|l|☆LX1987
|player|p2|
