|j|☆senpako
|j|☆MarMarteau
|t:|1743870537
|gametype|singles
|player|p1|senpako|bellelba|1316
|player|p2|MarMarteau|collector|1366
|teamsize|p1|6
|teamsize|p2|6
|gen|9
|tier|[Gen 9] OU
|rated|
|rule|HP Percentage Mod: HP is shown in percentages
|rule|Endless Battle Clause: Forcing endless battles is banned
|rule|Species Clause: Limit one of each Pokémon
|rule|OHKO Clause: OHKO moves are banned
|rule|Evasion Items Clause: Evasion items are banned
|rule|Evasion Moves Clause: Evasion moves are banned
|rule|Sleep Moves Clause: Sleep-inducing moves are banned
|clearpoke
|poke|p1|Breloom, M|
|poke|p1|Forretress, M|
|poke|p1|Blaziken, M|
|poke|p1|Greninja-*, M|
|poke|p1|Ceruledge, M|
|poke|p1|Zapdos|
|poke|p2|Moltres|
|poke|p2|Ogerpon-Wellspring, F|
|poke|p2|Iron Valiant|
|poke|p2|Landorus-Therian, M|
|poke|p2|Kingambit, M|
|poke|p2|Weavile, F|
|teampreview
|inactive|Battle timer is ON: inactive players will automatically lose when time's up. (requested by senpako)
|inactive|MarMarteau has 120 seconds left.
|
|t:|1743870600
|start
|switch|p1a: Greninja|Greninja, M|100/100
|switch|p2a: Landorus|Landorus-Therian, M|100/100
|-ability|p2a: Landorus|Intimidate|boost
|-unboost|p1a: Greninja|atk|1
|turn|1
|
|t:|1743870617
|switch|p2a: Weavile|Weavile, F|100/100
|-ability|p2a: Weavile|Pressure
|move|p1a: Greninja|Sludge Wave|p2a: Weavile
|-damage|p2a: Weavile|61/100
|
|upkeep
|turn|2
|
|t:|1743870630
|switch|p1a: Zapdos|Zapdos|100/100
|move|p2a: Weavile|Low Kick|p1a: Zapdos
|-resisted|p1a: Zapdos
|-damage|p1a: Zapdos|84/100
|
|-heal|p1a: Zapdos|90/100|[from] item: Leftovers
|upkeep
|turn|3
|inactive|MarMarteau has 120 seconds left.
|c|☆senpako|Zzz
|
|t:|1743870675
|switch|p2a: Landorus|Landorus-Therian, M|100/100
|-ability|p2a: Landorus|Intimidate|boost
|-unboost|p1a: Zapdos|atk|1
|move|p1a: Zapdos|Thunderbolt|p2a: Landorus
|-immune|p2a: Landorus
|
|-heal|p1a: Zapdos|96/100|[from] item: Leftovers
|upkeep
|turn|4
|c|☆senpako|So slow omg
|c|☆MarMarteau|tg
|
|t:|1743870687
|move|p2a: Landorus|Taunt|p1a: Zapdos
|-start|p1a: Zapdos|move: Taunt
|cant|p1a: Zapdos|move: Taunt|Thunder Wave
|
|-heal|p1a: Zapdos|100/100|[from] item: Leftovers
|upkeep
|turn|5
|
|t:|1743870693
|-terastallize|p1a: Zapdos|Ice
|move|p2a: Landorus|Stealth Rock|p1a: Zapdos
|-sidestart|p1: senpako|move: Stealth Rock
|move|p1a: Zapdos|Tera Blast|p2a: Landorus|[anim] Tera Blast Ice
|-supereffective|p2a: Landorus
|-damage|p2a: Landorus|0 fnt
|faint|p2a: Landorus
|
|upkeep
|
|t:|1743870708
|switch|p2a: Moltres|Moltres|100/100
|turn|6
|
|t:|1743870715
|move|p1a: Zapdos|Thunderbolt|p2a: Moltres
|-supereffective|p2a: Moltres
|-damage|p2a: Moltres|19/100
|move|p2a: Moltres|U-turn|p1a: Zapdos
|-damage|p1a: Zapdos|89/100
|c|☆senpako|Boring asf
|inactive|MarMarteau has 90 seconds left.
|c|☆senpako|Slowly boy
|c|☆MarMarteau|tg
|
|t:|1743870751
|switch|p2a: Kingambit|Kingambit, M|100/100|[from] U-turn
|-activate|p2a: Kingambit|ability: Supreme Overlord
|-start|p2a: Kingambit|fallen1|[silent]
|
|-heal|p1a: Zapdos|95/100|[from] item: Leftovers
|-end|p1a: Zapdos|move: Taunt
|upkeep
|turn|7
|c|☆senpako|Zzz
|
|t:|1743870757
|move|p1a: Zapdos|Thunder Wave|p2a: Kingambit
|-status|p2a: Kingambit|par
|move|p2a: Kingambit|Swords Dance|p2a: Kingambit
|-boost|p2a: Kingambit|atk|2
|
|-heal|p1a: Zapdos|100/100|[from] item: Leftovers
|upkeep
|turn|8
|inactive|MarMarteau has 90 seconds left.
|
|t:|1743870765
|move|p1a: Zapdos|Thunderbolt|p2a: Kingambit
|-damage|p2a: Kingambit|62/100 par
|cant|p2a: Kingambit|par
|
|-heal|p2a: Kingambit|68/100 par|[from] item: Leftovers
|upkeep
|turn|9
|
|t:|1743870770
|move|p1a: Zapdos|Thunderbolt|p2a: Kingambit
|-damage|p2a: Kingambit|32/100 par
|move|p2a: Kingambit|Iron Head|p1a: Zapdos
|-supereffective|p1a: Zapdos
|-damage|p1a: Zapdos|0 fnt
|faint|p1a: Zapdos
|
|-heal|p2a: Kingambit|38/100 par|[from] item: Leftovers
|upkeep
|
|t:|1743870773
|switch|p1a: Forretress|Forretress, M|100/100
|turn|10
|
|t:|1743870778
|-terastallize|p2a: Kingambit|Ghost
|move|p1a: Forretress|Rapid Spin|p2a: Kingambit
|-immune|p2a: Kingambit
|cant|p2a: Kingambit|par
|
|-heal|p2a: Kingambit|44/100 par|[from] item: Leftovers
|upkeep
|turn|11
|
|t:|1743870784
|move|p1a: Forretress|Stealth Rock|p2a: Kingambit
|-sidestart|p2: MarMarteau|move: Stealth Rock
|cant|p2a: Kingambit|par
|
|-heal|p2a: Kingambit|50/100 par|[from] item: Leftovers
|upkeep
|turn|12
|
|t:|1743870788
|move|p1a: Forretress|Earthquake|p2a: Kingambit
|-damage|p2a: Kingambit|36/100 par
|move|p2a: Kingambit|Kowtow Cleave|p1a: Forretress
|-damage|p1a: Forretress|20/100
|
|-heal|p2a: Kingambit|42/100 par|[from] item: Leftovers
|upkeep
|turn|13
|
|t:|1743870796
|move|p1a: Forretress|Spikes|p2a: Kingambit
|-sidestart|p2: MarMarteau|Spikes
|move|p2a: Kingambit|Kowtow Cleave|p1a: Forretress
|-damage|p1a: Forretress|0 fnt
|faint|p1a: Forretress
|
|-heal|p2a: Kingambit|48/100 par|[from] item: Leftovers
|upkeep
|
|t:|1743870798
|switch|p1a: Ceruledge|Ceruledge, M|100/100
|-damage|p1a: Ceruledge|75/100|[from] Stealth Rock
|turn|14
|
|t:|1743870805
|move|p1a: Ceruledge|Shadow Sneak|p2a: Kingambit
|-supereffective|p2a: Kingambit
|-damage|p2a: Kingambit|12/100 par
|move|p2a: Kingambit|Sucker Punch||[still]
|-fail|p2a: Kingambit
|
|-heal|p2a: Kingambit|18/100 par|[from] item: Leftovers
|upkeep
|turn|15
|
|t:|1743870818
|-end|p2a: Kingambit|fallen1|[silent]
|switch|p2a: Moltres|Moltres|19/100
|move|p1a: Ceruledge|Shadow Sneak|p2a: Moltres
|-damage|p2a: Moltres|3/100
|
|upkeep
|turn|16
|
|t:|1743870825
|move|p1a: Ceruledge|Shadow Sneak|p2a: Moltres
|-damage|p2a: Moltres|0 fnt
|faint|p2a: Moltres
|
|upkeep
|
|t:|1743870833
|switch|p2a: Weavile|Weavile, F|61/100
|-damage|p2a: Weavile|36/100|[from] Stealth Rock
|-damage|p2a: Weavile|24/100|[from] Spikes
|-ability|p2a: Weavile|Pressure
|turn|17
|
|t:|1743870838
|move|p1a: Ceruledge|Shadow Sneak|p2a: Weavile
|-resisted|p2a: Weavile
|-damage|p2a: Weavile|4/100
|move|p2a: Weavile|Knock Off|p1a: Ceruledge
|-supereffective|p1a: Ceruledge
|-damage|p1a: Ceruledge|0 fnt
|-enditem|p1a: Ceruledge|Focus Sash|[from] move: Knock Off|[of] p2a: Weavile
|faint|p1a: Ceruledge
|
|upkeep
|
|t:|1743870841
|switch|p1a: Breloom|Breloom, M|100/100
|-damage|p1a: Breloom|94/100|[from] Stealth Rock
|turn|18
|
|t:|1743870844
|move|p1a: Breloom|Mach Punch|p2a: Weavile
|-supereffective|p2a: Weavile
|-damage|p2a: Weavile|0 fnt
|faint|p2a: Weavile
|
|upkeep
|
|t:|1743870846
|switch|p2a: Kingambit|Kingambit, M, tera:Ghost|18/100 par
|-damage|p2a: Kingambit|5/100 par|[from] Stealth Rock
|-damage|p2a: Kingambit|0 fnt|[from] Spikes
|faint|p2a: Kingambit
|-end|p2a: Kingambit|fallen1|[silent]
|
|t:|1743870854
|switch|p2a: Iron Valiant|Iron Valiant|100/100
|-damage|p2a: Iron Valiant|94/100|[from] Stealth Rock
|-damage|p2a: Iron Valiant|82/100|[from] Spikes
|-enditem|p2a: Iron Valiant|Booster Energy
|-activate|p2a: Iron Valiant|ability: Quark Drive|[fromitem]
|-start|p2a: Iron Valiant|quarkdrivespe
|turn|19
|
|t:|1743870862
|move|p1a: Breloom|Mach Punch|p2a: Iron Valiant
|-resisted|p2a: Iron Valiant
|-damage|p2a: Iron Valiant|59/100
|move|p2a: Iron Valiant|Moonblast|p1a: Breloom
|-supereffective|p1a: Breloom
|-damage|p1a: Breloom|0 fnt
|faint|p1a: Breloom
|
|upkeep
|
|t:|1743870871
|switch|p1a: Greninja|Greninja, M|100/100
|-damage|p1a: Greninja|88/100|[from] Stealth Rock
|turn|20
|
|t:|1743870875
|move|p2a: Iron Valiant|Moonblast|p1a: Greninja
|-supereffective|p1a: Greninja
|-damage|p1a: Greninja|0 fnt
|faint|p1a: Greninja
|
|upkeep
|
|t:|1743870878
|switch|p1a: Blaziken|Blaziken, M, shiny|100/100
|-damage|p1a: Blaziken|88/100|[from] Stealth Rock
|turn|21
|c|☆MarMarteau|all shit in ur mouth for that ?
|
|t:|1743870892
|move|p2a: Iron Valiant|Moonblast|p1a: Blaziken
|-damage|p1a: Blaziken|11/100
|move|p1a: Blaziken|Earthquake|p2a: Iron Valiant
|-damage|p2a: Iron Valiant|15/100
|
|-ability|p1a: Blaziken|Speed Boost|boost
|-boost|p1a: Blaziken|spe|1
|upkeep
|turn|22
|c|☆senpako|Zzz
|
|t:|1743870901
|move|p2a: Iron Valiant|Moonblast|p1a: Blaziken
|-damage|p1a: Blaziken|0 fnt
|faint|p1a: Blaziken
|
|win|MarMarteau
|raw|senpako's rating: 1316 &rarr; <strong>1299</strong><br />(-17 for losing)
|raw|MarMarteau's rating: 1366 &rarr; <strong>1383</strong><br />(+17 for winning)
|c|☆MarMarteau|so bad
|l|☆senpako
|player|p1|
|c|☆MarMarteau|shut up pls
|l|☆MarMarteau
|player|p2|
