|j|☆Shinoics
|j|☆ebbaxter13
|t:|1743827287
|gametype|singles
|player|p1|Shinoics|n|1133
|player|p2|ebbaxter13|dancer|1083
|teamsize|p1|6
|teamsize|p2|6
|gen|9
|tier|[Gen 9] OU
|rated|
|rule|HP Percentage Mod: HP is shown in percentages
|rule|Endless Battle Clause: Forcing endless battles is banned
|rule|Species Clause: Limit one of each Pokémon
|rule|OHKO Clause: OHKO moves are banned
|rule|Evasion Items Clause: Evasion items are banned
|rule|Evasion Moves Clause: Evasion moves are banned
|rule|Sleep Moves Clause: Sleep-inducing moves are banned
|clearpoke
|poke|p1|Chesnaught, M|
|poke|p1|Glaceon, M|
|poke|p1|Meowstic, M|
|poke|p1|Dragapult, M|
|poke|p1|Weavile, M|
|poke|p1|Samurott, F|
|poke|p2|Primarina, F|
|poke|p2|Clodsire, F|
|poke|p2|Dragapult, M|
|poke|p2|Raging Bolt|
|poke|p2|Corviknight, M|
|poke|p2|Iron Valiant|
|teampreview
|inactive|Battle timer is ON: inactive players will automatically lose when time's up. (requested by ebbaxter13)
|
|t:|1743827294
|start
|switch|p1a: Meowstic|Meowstic, M|100/100
|switch|p2a: Dragapult|Dragapult, M|100/100
|turn|1
|
|t:|1743827301
|move|p1a: Meowstic|Thunder Wave|p2a: Dragapult
|-status|p2a: Dragapult|par
|move|p2a: Dragapult|U-turn|p1a: Meowstic
|-supereffective|p1a: Meowstic
|-damage|p1a: Meowstic|33/100
|
|t:|1743827309
|switch|p2a: Clodsire|Clodsire, F|100/100|[from] U-turn
|
|upkeep
|turn|2
|
|t:|1743827317
|move|p1a: Meowstic|Psychic|p2a: Clodsire
|-supereffective|p2a: Clodsire
|-damage|p2a: Clodsire|62/100
|move|p2a: Clodsire|Earthquake|p1a: Meowstic
|-damage|p1a: Meowstic|0 fnt
|faint|p1a: Meowstic
|
|-heal|p2a: Clodsire|69/100|[from] item: Black Sludge
|upkeep
|
|t:|1743827328
|switch|p1a: Weavile|Weavile, M|100/100
|-ability|p1a: Weavile|Pressure
|turn|3
|
|t:|1743827334
|switch|p2a: Primarina|Primarina, F, shiny|100/100
|move|p1a: Weavile|Icicle Crash|p2a: Primarina
|-resisted|p2a: Primarina
|-damage|p2a: Primarina|77/100
|-damage|p1a: Weavile|91/100|[from] item: Life Orb
|
|-heal|p2a: Primarina|83/100|[from] item: Leftovers
|upkeep
|turn|4
|
|t:|1743827357
|move|p1a: Weavile|Foul Play|p2a: Primarina
|-resisted|p2a: Primarina
|-damage|p2a: Primarina|72/100
|-damage|p1a: Weavile|81/100|[from] item: Life Orb
|move|p2a: Primarina|Draining Kiss|p1a: Weavile
|-supereffective|p1a: Weavile
|-damage|p1a: Weavile|22/100
|-heal|p2a: Primarina|100/100|[from] drain|[of] p1a: Weavile
|
|upkeep
|turn|5
|
|t:|1743827363
|move|p1a: Weavile|Icicle Crash|p2a: Primarina
|-resisted|p2a: Primarina
|-damage|p2a: Primarina|77/100
|-damage|p1a: Weavile|12/100|[from] item: Life Orb
|move|p2a: Primarina|Draining Kiss|p1a: Weavile
|-supereffective|p1a: Weavile
|-damage|p1a: Weavile|0 fnt
|-heal|p2a: Primarina|84/100|[from] drain|[of] p1a: Weavile
|faint|p1a: Weavile
|
|-heal|p2a: Primarina|90/100|[from] item: Leftovers
|upkeep
|
|t:|1743827366
|switch|p1a: Chesnaught|Chesnaught, M|100/100
|turn|6
|
|t:|1743827385
|switch|p2a: Corviknight|Corviknight, M|100/100
|-ability|p2a: Corviknight|Pressure
|-terastallize|p1a: Chesnaught|Steel
|move|p1a: Chesnaught|Seed Bomb|p2a: Corviknight
|-resisted|p2a: Corviknight
|-damage|p2a: Corviknight|96/100
|
|-heal|p2a: Corviknight|100/100|[from] item: Leftovers
|upkeep
|turn|7
|
|t:|1743827397
|move|p2a: Corviknight|U-turn|p1a: Chesnaught
|-resisted|p1a: Chesnaught
|-crit|p1a: Chesnaught
|-damage|p1a: Chesnaught|92/100
|
|t:|1743827402
|switch|p2a: Raging Bolt|Raging Bolt|100/100|[from] U-turn
|move|p1a: Chesnaught|Iron Defense|p1a: Chesnaught
|-boost|p1a: Chesnaught|def|2
|
|-heal|p1a: Chesnaught|98/100|[from] item: Leftovers
|upkeep
|turn|8
|
|t:|1743827412
|move|p2a: Raging Bolt|Volt Switch|p1a: Chesnaught
|-damage|p1a: Chesnaught|63/100
|
|t:|1743827416
|-end|p2a: Raging Bolt|Protosynthesis|[silent]
|switch|p2a: Iron Valiant|Iron Valiant|100/100|[from] Volt Switch
|-enditem|p2a: Iron Valiant|Booster Energy
|-activate|p2a: Iron Valiant|ability: Quark Drive|[fromitem]
|-start|p2a: Iron Valiant|quarkdrivespe
|move|p1a: Chesnaught|Body Press|p2a: Iron Valiant
|-resisted|p2a: Iron Valiant
|-crit|p2a: Iron Valiant
|-damage|p2a: Iron Valiant|35/100
|
|-heal|p1a: Chesnaught|69/100|[from] item: Leftovers
|upkeep
|turn|9
|
|t:|1743827424
|move|p1a: Chesnaught|Spiky Shield|p1a: Chesnaught
|-singleturn|p1a: Chesnaught|move: Protect
|move|p2a: Iron Valiant|Close Combat|p1a: Chesnaught
|-activate|p1a: Chesnaught|move: Protect
|-damage|p2a: Iron Valiant|23/100|[from] Spiky Shield|[of] p1a: Chesnaught
|
|-heal|p1a: Chesnaught|75/100|[from] item: Leftovers
|upkeep
|turn|10
|
|t:|1743827431
|switch|p1a: Dragapult|Dragapult, M|100/100
|move|p2a: Iron Valiant|Encore||[still]
|-fail|p2a: Iron Valiant
|
|upkeep
|turn|11
|
|t:|1743827436
|move|p2a: Iron Valiant|Moonblast|p1a: Dragapult
|-supereffective|p1a: Dragapult
|-damage|p1a: Dragapult|0 fnt
|faint|p1a: Dragapult
|
|upkeep
|
|t:|1743827439
|switch|p1a: Samurott|Samurott, F|100/100
|turn|12
|
|t:|1743827444
|move|p1a: Samurott|Aqua Jet|p2a: Iron Valiant
|-damage|p2a: Iron Valiant|0 fnt
|faint|p2a: Iron Valiant
|-end|p2a: Iron Valiant|Quark Drive|[silent]
|
|upkeep
|
|t:|1743827448
|switch|p2a: Raging Bolt|Raging Bolt|100/100
|turn|13
|
|t:|1743827453
|move|p2a: Raging Bolt|Thunderclap|p1a: Samurott
|-supereffective|p1a: Samurott
|-damage|p1a: Samurott|36/100
|move|p1a: Samurott|Megahorn|p2a: Raging Bolt
|-damage|p2a: Raging Bolt|64/100
|
|upkeep
|turn|14
|
|t:|1743827456
|move|p1a: Samurott|Aqua Jet|p2a: Raging Bolt
|-resisted|p2a: Raging Bolt
|-damage|p2a: Raging Bolt|54/100
|move|p2a: Raging Bolt|Volt Switch|p1a: Samurott
|-supereffective|p1a: Samurott
|-damage|p1a: Samurott|0 fnt
|faint|p1a: Samurott
|
|t:|1743827459
|-end|p2a: Raging Bolt|Protosynthesis|[silent]
|switch|p2a: Dragapult|Dragapult, M|100/100 par|[from] Volt Switch
|
|upkeep
|
|t:|1743827462
|switch|p1a: Glaceon|Glaceon, M|100/100
|turn|15
|
|t:|1743827467
|switch|p2a: Primarina|Primarina, F, shiny|90/100
|move|p1a: Glaceon|Ice Beam|p2a: Primarina
|-resisted|p2a: Primarina
|-damage|p2a: Primarina|68/100
|-status|p2a: Primarina|frz
|
|-heal|p2a: Primarina|74/100 frz|[from] item: Leftovers
|upkeep
|turn|16
|
|t:|1743827471
|cant|p2a: Primarina|frz
|move|p1a: Glaceon|Calm Mind|p1a: Glaceon
|-boost|p1a: Glaceon|spa|1
|-boost|p1a: Glaceon|spd|1
|
|-heal|p2a: Primarina|80/100 frz|[from] item: Leftovers
|upkeep
|turn|17
|
|t:|1743827478
|switch|p2a: Clodsire|Clodsire, F|69/100
|move|p1a: Glaceon|Shadow Ball|p2a: Clodsire
|-damage|p2a: Clodsire|51/100
|
|-heal|p2a: Clodsire|57/100|[from] item: Black Sludge
|upkeep
|turn|18
|
|t:|1743827483
|move|p1a: Glaceon|Ice Beam|p2a: Clodsire
|-supereffective|p2a: Clodsire
|-damage|p2a: Clodsire|1/100
|move|p2a: Clodsire|Recover|p2a: Clodsire
|-heal|p2a: Clodsire|51/100
|
|-heal|p2a: Clodsire|57/100|[from] item: Black Sludge
|upkeep
|turn|19
|
|t:|1743827490
|-terastallize|p2a: Clodsire|Poison
|move|p1a: Glaceon|Calm Mind|p1a: Glaceon
|-boost|p1a: Glaceon|spa|1
|-boost|p1a: Glaceon|spd|1
|move|p2a: Clodsire|Recover|p2a: Clodsire
|-heal|p2a: Clodsire|100/100
|
|upkeep
|turn|20
|
|t:|1743827494
|move|p1a: Glaceon|Ice Beam|p2a: Clodsire
|-damage|p2a: Clodsire|74/100
|move|p2a: Clodsire|Toxic|p1a: Glaceon
|-status|p1a: Glaceon|tox
|
|-heal|p2a: Clodsire|80/100|[from] item: Black Sludge
|-damage|p1a: Glaceon|95/100 tox|[from] psn
|upkeep
|turn|21
|
|t:|1743827499
|move|p1a: Glaceon|Ice Beam|p2a: Clodsire
|-damage|p2a: Clodsire|54/100
|move|p2a: Clodsire|Stealth Rock|p1a: Glaceon
|-sidestart|p1: Shinoics|move: Stealth Rock
|
|-heal|p2a: Clodsire|60/100|[from] item: Black Sludge
|-damage|p1a: Glaceon|83/100 tox|[from] psn
|upkeep
|turn|22
|
|t:|1743827502
|move|p1a: Glaceon|Ice Beam|p2a: Clodsire
|-damage|p2a: Clodsire|30/100
|move|p2a: Clodsire|Recover|p2a: Clodsire
|-heal|p2a: Clodsire|80/100
|
|-heal|p2a: Clodsire|86/100|[from] item: Black Sludge
|-damage|p1a: Glaceon|65/100 tox|[from] psn
|upkeep
|turn|23
|
|t:|1743827505
|switch|p1a: Chesnaught|Chesnaught, M, tera:Steel|75/100
|-damage|p1a: Chesnaught|69/100|[from] Stealth Rock
|move|p2a: Clodsire|Earthquake|p1a: Chesnaught
|-supereffective|p1a: Chesnaught
|-damage|p1a: Chesnaught|30/100
|
|-heal|p1a: Chesnaught|37/100|[from] item: Leftovers
|-heal|p2a: Clodsire|93/100|[from] item: Black Sludge
|upkeep
|turn|24
|
|t:|1743827510
|move|p1a: Chesnaught|Body Press|p2a: Clodsire
|-resisted|p2a: Clodsire
|-damage|p2a: Clodsire|74/100
|move|p2a: Clodsire|Earthquake|p1a: Chesnaught
|-supereffective|p1a: Chesnaught
|-damage|p1a: Chesnaught|0 fnt
|faint|p1a: Chesnaught
|
|-heal|p2a: Clodsire|80/100|[from] item: Black Sludge
|upkeep
|
|t:|1743827512
|switch|p1a: Glaceon|Glaceon, M|65/100 tox
|turn|25
|
|t:|1743827514
|move|p1a: Glaceon|Shadow Ball|p2a: Clodsire
|-crit|p2a: Clodsire
|-damage|p2a: Clodsire|55/100
|move|p2a: Clodsire|Earthquake|p1a: Glaceon
|-damage|p1a: Glaceon|38/100 tox
|
|-heal|p2a: Clodsire|61/100|[from] item: Black Sludge
|-damage|p1a: Glaceon|32/100 tox|[from] psn
|upkeep
|turn|26
|
|t:|1743827518
|move|p1a: Glaceon|Shadow Ball|p2a: Clodsire
|-damage|p2a: Clodsire|45/100
|-unboost|p2a: Clodsire|spd|1
|move|p2a: Clodsire|Recover|p2a: Clodsire
|-heal|p2a: Clodsire|96/100
|
|-heal|p2a: Clodsire|100/100|[from] item: Black Sludge
|-damage|p1a: Glaceon|20/100 tox|[from] psn
|upkeep
|turn|27
|
|t:|1743827525
|move|p1a: Glaceon|Shadow Ball|p2a: Clodsire
|-damage|p2a: Clodsire|76/100
|move|p2a: Clodsire|Earthquake|p1a: Glaceon
|-damage|p1a: Glaceon|0 fnt
|faint|p1a: Glaceon
|
|win|ebbaxter13
|raw|Shinoics's rating: 1133 &rarr; <strong>1104</strong><br />(-29 for losing)
|raw|ebbaxter13's rating: 1083 &rarr; <strong>1114</strong><br />(+31 for winning)
|l|☆Shinoics
|player|p1|
|l|☆ebbaxter13
|player|p2|
