|j|☆Drudger
|j|☆WAAHAAHEE
|t:|1743912697
|gametype|singles
|player|p1|Drudger|brawly|1187
|player|p2|WAAHAAHEE|2|1228
|teamsize|p1|6
|teamsize|p2|6
|gen|9
|tier|[Gen 9] OU
|rated|
|rule|HP Percentage Mod: HP is shown in percentages
|rule|Endless Battle Clause: Forcing endless battles is banned
|rule|Species Clause: Limit one of each Pokémon
|rule|OHKO Clause: OHKO moves are banned
|rule|Evasion Items Clause: Evasion items are banned
|rule|Evasion Moves Clause: Evasion moves are banned
|rule|Sleep Moves Clause: Sleep-inducing moves are banned
|clearpoke
|poke|p1|Latias, F|
|poke|p1|Kyurem|
|poke|p1|Ogerpon-Wellspring, F|
|poke|p1|Cinderace, M|
|poke|p1|Enamorus, F|
|poke|p1|Great Tusk|
|poke|p2|Tyranitar, M|
|poke|p2|Gholdengo|
|poke|p2|Excadrill, M|
|poke|p2|Clodsire, F|
|poke|p2|Torterra, M|
|poke|p2|Gliscor, M|
|teampreview
|
|t:|1743912704
|start
|switch|p1a: Ogerpon|Ogerpon-Wellspring, F|100/100
|switch|p2a: Tyranitar|Tyranitar, M|100/100
|-weather|Sandstorm|[from] ability: Sand Stream|[of] p2a: Tyranitar
|turn|1
|inactive|Battle timer is ON: inactive players will automatically lose when time's up. (requested by WAAHAAHEE)
|
|t:|1743912716
|-terastallize|p2a: Tyranitar|Grass
|move|p1a: Ogerpon|Ivy Cudgel|p2a: Tyranitar|[anim] Ivy Cudgel Water
|-resisted|p2a: Tyranitar
|-damage|p2a: Tyranitar|76/100
|move|p2a: Tyranitar|Thunder Wave|p1a: Ogerpon
|-status|p1a: Ogerpon|par
|
|-weather|Sandstorm|[upkeep]
|-damage|p1a: Ogerpon|95/100 par|[from] Sandstorm
|-damage|p2a: Tyranitar|70/100|[from] Sandstorm
|upkeep
|turn|2
|
|t:|1743912727
|move|p1a: Ogerpon|Encore|p2a: Tyranitar
|-start|p2a: Tyranitar|Encore
|move|p2a: Tyranitar|Thunder Wave|p1a: Ogerpon
|-fail|p1a: Ogerpon|par
|
|-weather|Sandstorm|[upkeep]
|-damage|p1a: Ogerpon|89/100 par|[from] Sandstorm
|-damage|p2a: Tyranitar|63/100|[from] Sandstorm
|upkeep
|turn|3
|
|t:|1743912737
|switch|p2a: Torterra|Torterra, M|100/100
|move|p1a: Ogerpon|U-turn|p2a: Torterra
|-supereffective|p2a: Torterra
|-damage|p2a: Torterra|46/100
|
|t:|1743912749
|switch|p1a: Great Tusk|Great Tusk|100/100|[from] U-turn
|-enditem|p1a: Great Tusk|Booster Energy
|-activate|p1a: Great Tusk|ability: Protosynthesis|[fromitem]
|-start|p1a: Great Tusk|protosynthesisspe
|
|-weather|Sandstorm|[upkeep]
|upkeep
|turn|4
|
|t:|1743912757
|move|p1a: Great Tusk|Ice Spinner|p2a: Torterra
|-supereffective|p2a: Torterra
|-damage|p2a: Torterra|0 fnt
|faint|p2a: Torterra
|
|-weather|Sandstorm|[upkeep]
|upkeep
|
|t:|1743912761
|switch|p2a: Gholdengo|Gholdengo|100/100
|turn|5
|
|t:|1743912775
|move|p1a: Great Tusk|Bulk Up|p1a: Great Tusk
|-boost|p1a: Great Tusk|atk|1
|-boost|p1a: Great Tusk|def|1
|move|p2a: Gholdengo|Trick|p1a: Great Tusk
|-activate|p2a: Gholdengo|move: Trick|[of] p1a: Great Tusk
|-item|p1a: Great Tusk|Choice Scarf|[from] move: Trick
|-enditem|p2a: Gholdengo|Choice Scarf|[silent]|[from] move: Trick
|
|-weather|Sandstorm|[upkeep]
|upkeep
|turn|6
|
|t:|1743912785
|switch|p2a: Gliscor|Gliscor, M|100/100
|move|p1a: Great Tusk|Ice Spinner|p2a: Gliscor
|-supereffective|p2a: Gliscor
|-damage|p2a: Gliscor|0 fnt
|faint|p2a: Gliscor
|
|-weather|Sandstorm|[upkeep]
|upkeep
|-message|WAAHAAHEE forfeited.
|
|win|Drudger
|raw|Drudger's rating: 1187 &rarr; <strong>1215</strong><br />(+28 for winning)
|raw|WAAHAAHEE's rating: 1228 &rarr; <strong>1200</strong><br />(-28 for losing)
|l|☆WAAHAAHEE
|player|p2|
|l|☆Drudger
|player|p1|
