|j|☆Kanto's Finest
|j|☆giolololol
|t:|1743893959
|gametype|singles
|player|p1|Kanto's Finest|tamer-gen1rb|1237
|player|p2|giolololol|169|1272
|teamsize|p1|6
|teamsize|p2|6
|gen|9
|tier|[Gen 9] OU
|rated|
|rule|HP Percentage Mod: HP is shown in percentages
|rule|Endless Battle Clause: Forcing endless battles is banned
|rule|Species Clause: Limit one of each Pokémon
|rule|OHKO Clause: OHKO moves are banned
|rule|Evasion Items Clause: Evasion items are banned
|rule|Evasion Moves Clause: Evasion moves are banned
|rule|Sleep Moves Clause: Sleep-inducing moves are banned
|clearpoke
|poke|p1|Clefable, M|
|poke|p1|Chansey, F|
|poke|p1|Vileplume, F|
|poke|p1|Hitmonlee, M|
|poke|p1|Mew|
|poke|p1|Golduck, F|
|poke|p2|Arcanine, M|
|poke|p2|Blissey, F|
|poke|p2|Ambipom, F|
|poke|p2|Zapdos|
|poke|p2|Alomomola, F|
|poke|p2|Iron Moth|
|teampreview
|inactive|Battle timer is ON: inactive players will automatically lose when time's up. (requested by Kanto's Finest)
|
|t:|1743893972
|start
|switch|p1a: Mew|Mew|100/100
|switch|p2a: Ambipom|Ambipom, F|100/100
|turn|1
|
|t:|1743893981
|-terastallize|p1a: Mew|Ghost
|move|p2a: Ambipom|Fake Out|p1a: Mew
|-immune|p1a: Mew
|move|p1a: Mew|Will-O-Wisp|p2a: Ambipom
|-status|p2a: Ambipom|brn
|
|-damage|p2a: Ambipom|94/100 brn|[from] brn
|upkeep
|turn|2
|
|t:|1743893991
|move|p2a: Ambipom|Knock Off|p1a: Mew
|-supereffective|p1a: Mew
|-damage|p1a: Mew|77/100
|-enditem|p1a: Mew|Red Card|[from] move: Knock Off|[of] p2a: Ambipom
|move|p1a: Mew|Transform|p2a: Ambipom
|-transform|p1a: Mew|p2a: Ambipom
|
|-damage|p2a: Ambipom|88/100 brn|[from] brn
|upkeep
|turn|3
|
|t:|1743894004
|switch|p2a: Blissey|Blissey, F|100/100
|move|p1a: Mew|Double Hit|p2a: Blissey
|-damage|p2a: Blissey|81/100
|-crit|p2a: Blissey
|-damage|p2a: Blissey|52/100
|-hitcount|p2a: Blissey|2
|
|-heal|p2a: Blissey|58/100|[from] item: Leftovers
|upkeep
|turn|4
|
|t:|1743894019
|switch|p2a: Alomomola|Alomomola, F|100/100
|move|p1a: Mew|Knock Off|p2a: Alomomola
|-damage|p2a: Alomomola|86/100
|-damage|p1a: Mew|61/100|[from] item: Rocky Helmet|[of] p2a: Alomomola
|-enditem|p2a: Alomomola|Rocky Helmet|[from] move: Knock Off|[of] p1a: Mew
|
|upkeep
|turn|5
|
|t:|1743894029
|switch|p1a: Golduck|Golduck, F|100/100
|-ability|p1a: Golduck|Cloud Nine
|move|p2a: Alomomola|Wish|p2a: Alomomola
|
|upkeep
|turn|6
|inactive|Kanto's Finest has 120 seconds left.
|
|t:|1743894059
|switch|p2a: Zapdos|Zapdos|100/100
|move|p1a: Golduck|Encore||[still]
|-fail|p1a: Golduck
|
|upkeep
|turn|7
|
|t:|1743894066
|switch|p1a: Chansey|Chansey, F|100/100
|move|p2a: Zapdos|Substitute|p2a: Zapdos
|-start|p2a: Zapdos|Substitute
|-damage|p2a: Zapdos|76/100
|
|-heal|p2a: Zapdos|82/100|[from] item: Leftovers
|upkeep
|turn|8
|
|t:|1743894078
|move|p2a: Zapdos|Thunderbolt|p1a: Chansey
|-damage|p1a: Chansey|86/100
|move|p1a: Chansey|Stealth Rock|p2a: Zapdos
|-sidestart|p2: giolololol|move: Stealth Rock
|
|-heal|p2a: Zapdos|88/100|[from] item: Leftovers
|upkeep
|turn|9
|
|t:|1743894097
|move|p2a: Zapdos|Thunderbolt|p1a: Chansey
|-damage|p1a: Chansey|71/100
|-status|p1a: Chansey|par
|cant|p1a: Chansey|par
|
|-heal|p2a: Zapdos|94/100|[from] item: Leftovers
|upkeep
|turn|10
|
|t:|1743894104
|move|p2a: Zapdos|Thunderbolt|p1a: Chansey
|-damage|p1a: Chansey|57/100 par
|cant|p1a: Chansey|par
|
|-heal|p2a: Zapdos|100/100|[from] item: Leftovers
|upkeep
|turn|11
|
|t:|1743894109
|move|p2a: Zapdos|Thunderbolt|p1a: Chansey
|-damage|p1a: Chansey|42/100 par
|move|p1a: Chansey|Soft-Boiled|p1a: Chansey
|-heal|p1a: Chansey|93/100 par
|
|upkeep
|turn|12
|
|t:|1743894115
|move|p2a: Zapdos|Thunderbolt|p1a: Chansey
|-damage|p1a: Chansey|78/100 par
|cant|p1a: Chansey|par
|
|upkeep
|turn|13
|
|t:|1743894119
|move|p2a: Zapdos|Thunderbolt|p1a: Chansey
|-damage|p1a: Chansey|64/100 par
|move|p1a: Chansey|Seismic Toss|p2a: Zapdos
|-end|p2a: Zapdos|Substitute
|
|upkeep
|turn|14
|
|t:|1743894132
|move|p2a: Zapdos|Volt Switch|p1a: Chansey
|-crit|p1a: Chansey
|-damage|p1a: Chansey|47/100 par
|
|t:|1743894136
|switch|p2a: Blissey|Blissey, F|58/100|[from] Volt Switch
|-damage|p2a: Blissey|45/100|[from] Stealth Rock
|move|p1a: Chansey|Seismic Toss|p2a: Blissey
|-damage|p2a: Blissey|31/100
|
|-heal|p2a: Blissey|37/100|[from] item: Leftovers
|upkeep
|turn|15
|
|t:|1743894143
|move|p2a: Blissey|Stealth Rock|p1a: Chansey
|-sidestart|p1: Kanto's Finest|move: Stealth Rock
|move|p1a: Chansey|Soft-Boiled|p1a: Chansey
|-heal|p1a: Chansey|97/100 par
|
|-heal|p2a: Blissey|44/100|[from] item: Leftovers
|upkeep
|turn|16
|
|t:|1743894149
|move|p2a: Blissey|Soft-Boiled|p2a: Blissey
|-heal|p2a: Blissey|94/100
|move|p1a: Chansey|Seismic Toss|p2a: Blissey
|-damage|p2a: Blissey|80/100
|
|-heal|p2a: Blissey|86/100|[from] item: Leftovers
|upkeep
|turn|17
|
|t:|1743894171
|switch|p2a: Iron Moth|Iron Moth|100/100
|-curestatus|p1a: Chansey|par|[from] ability: Natural Cure
|switch|p1a: Golduck|Golduck, F|100/100
|-damage|p1a: Golduck|88/100|[from] Stealth Rock
|-ability|p1a: Golduck|Cloud Nine
|
|upkeep
|turn|18
|
|t:|1743894181
|move|p1a: Golduck|Protect|p1a: Golduck
|-singleturn|p1a: Golduck|Protect
|move|p2a: Iron Moth|Energy Ball|p1a: Golduck
|-activate|p1a: Golduck|move: Protect
|
|upkeep
|turn|19
|
|t:|1743894189
|switch|p1a: Chansey|Chansey, F|97/100
|-damage|p1a: Chansey|84/100|[from] Stealth Rock
|move|p2a: Iron Moth|Fiery Dance|p1a: Chansey
|-damage|p1a: Chansey|70/100
|
|upkeep
|turn|20
|
|t:|1743894203
|-end|p2a: Iron Moth|Quark Drive|[silent]
|switch|p2a: Alomomola|Alomomola, F|100/100
|-damage|p2a: Alomomola|88/100|[from] Stealth Rock
|move|p1a: Chansey|Seismic Toss|p2a: Alomomola
|-damage|p2a: Alomomola|69/100
|
|upkeep
|turn|21
|
|t:|1743894217
|switch|p1a: Mew|Mew, tera:Ghost|61/100
|-damage|p1a: Mew|48/100|[from] Stealth Rock
|move|p2a: Alomomola|Whirlpool|p1a: Mew
|-damage|p1a: Mew|43/100
|-activate|p1a: Mew|move: Whirlpool|[of] p2a: Alomomola
|
|-damage|p1a: Mew|31/100|[from] move: Whirlpool|[partiallytrapped]
|upkeep
|turn|22
|
|t:|1743894228
|move|p1a: Mew|Taunt|p2a: Alomomola
|-start|p2a: Alomomola|move: Taunt
|cant|p2a: Alomomola|move: Taunt|Wish
|
|-damage|p1a: Mew|18/100|[from] move: Whirlpool|[partiallytrapped]
|upkeep
|turn|23
|
|t:|1743894234
|move|p1a: Mew|Toxic Spikes|p2a: Alomomola
|-sidestart|p2: giolololol|move: Toxic Spikes
|move|p2a: Alomomola|Scald|p1a: Mew
|-damage|p1a: Mew|6/100
|
|-damage|p1a: Mew|0 fnt|[from] move: Whirlpool|[partiallytrapped]
|faint|p1a: Mew
|upkeep
|
|t:|1743894242
|switch|p1a: Hitmonlee|Hitmonlee, M|100/100
|-damage|p1a: Hitmonlee|95/100|[from] Stealth Rock
|turn|24
|
|t:|1743894262
|switch|p2a: Arcanine|Arcanine, M|100/100
|-damage|p2a: Arcanine|75/100|[from] Stealth Rock
|-status|p2a: Arcanine|psn
|-ability|p2a: Arcanine|Intimidate|boost
|-unboost|p1a: Hitmonlee|atk|1
|move|p1a: Hitmonlee|Rapid Spin|p2a: Arcanine
|-enditem|p1a: Hitmonlee|Normal Gem|[from] gem
|-damage|p2a: Arcanine|64/100 psn
|-boost|p1a: Hitmonlee|spe|1
|-sideend|p1: Kanto's Finest|Stealth Rock|[from] move: Rapid Spin|[of] p1a: Hitmonlee
|
|-heal|p2a: Arcanine|70/100 psn|[from] item: Leftovers
|-damage|p2a: Arcanine|57/100 psn|[from] psn
|upkeep
|turn|25
|
|t:|1743894277
|switch|p1a: Golduck|Golduck, F|88/100
|-ability|p1a: Golduck|Cloud Nine
|move|p2a: Arcanine|Roar|p1a: Golduck
|drag|p1a: Hitmonlee|Hitmonlee, M|95/100
|
|-heal|p2a: Arcanine|64/100 psn|[from] item: Leftovers
|-damage|p2a: Arcanine|51/100 psn|[from] psn
|upkeep
|turn|26
|
|t:|1743894284
|move|p1a: Hitmonlee|Fake Out|p2a: Arcanine
|-damage|p2a: Arcanine|39/100 psn
|cant|p2a: Arcanine|flinch
|
|-heal|p2a: Arcanine|46/100 psn|[from] item: Leftovers
|-damage|p2a: Arcanine|33/100 psn|[from] psn
|upkeep
|turn|27
|
|t:|1743894311
|move|p2a: Arcanine|Morning Sun|p2a: Arcanine
|-heal|p2a: Arcanine|83/100 psn
|move|p1a: Hitmonlee|Knock Off|p2a: Arcanine
|-damage|p2a: Arcanine|58/100 psn
|-enditem|p2a: Arcanine|Leftovers|[from] move: Knock Off|[of] p1a: Hitmonlee
|
|-damage|p2a: Arcanine|46/100 psn|[from] psn
|upkeep
|turn|28
|inactive|Kanto's Finest has 120 seconds left.
|
|t:|1743894331
|move|p2a: Arcanine|Will-O-Wisp|p1a: Hitmonlee
|-status|p1a: Hitmonlee|brn
|move|p1a: Hitmonlee|High Jump Kick|p2a: Arcanine|[miss]
|-miss|p1a: Hitmonlee|p2a: Arcanine
|-damage|p1a: Hitmonlee|45/100 brn|[from] highjumpkick
|
|-damage|p2a: Arcanine|33/100 psn|[from] psn
|-damage|p1a: Hitmonlee|39/100 brn|[from] brn
|upkeep
|turn|29
|inactive|Kanto's Finest has 120 seconds left.
|
|t:|1743894363
|move|p2a: Arcanine|Morning Sun|p2a: Arcanine
|-heal|p2a: Arcanine|83/100 psn
|move|p1a: Hitmonlee|High Jump Kick|p2a: Arcanine|[miss]
|-miss|p1a: Hitmonlee|p2a: Arcanine
|-damage|p1a: Hitmonlee|0 fnt|[from] highjumpkick
|faint|p1a: Hitmonlee
|
|-damage|p2a: Arcanine|71/100 psn|[from] psn
|upkeep
|inactive|Kanto's Finest has 90 seconds left.
|
|t:|1743894380
|switch|p1a: Golduck|Golduck, F|88/100
|-ability|p1a: Golduck|Cloud Nine
|turn|30
|inactive|giolololol has 120 seconds left.
|
|t:|1743894418
|switch|p2a: Blissey|Blissey, F|86/100
|-damage|p2a: Blissey|73/100|[from] Stealth Rock
|-status|p2a: Blissey|psn
|move|p1a: Golduck|Whirlpool|p2a: Blissey
|-damage|p2a: Blissey|70/100 psn
|-activate|p2a: Blissey|move: Whirlpool|[of] p1a: Golduck
|
|-heal|p2a: Blissey|76/100 psn|[from] item: Leftovers
|-damage|p2a: Blissey|63/100 psn|[from] psn
|-damage|p2a: Blissey|51/100 psn|[from] move: Whirlpool|[partiallytrapped]
|upkeep
|turn|31
|inactive|giolololol has 120 seconds left.
|
|t:|1743894433
|move|p1a: Golduck|Protect|p1a: Golduck
|-singleturn|p1a: Golduck|Protect
|move|p2a: Blissey|Soft-Boiled|p2a: Blissey
|-heal|p2a: Blissey|100/100 psn
|
|-damage|p2a: Blissey|88/100 psn|[from] psn
|-damage|p2a: Blissey|76/100 psn|[from] move: Whirlpool|[partiallytrapped]
|upkeep
|turn|32
|
|t:|1743894450
|move|p1a: Golduck|Disable|p2a: Blissey
|-start|p2a: Blissey|Disable|Soft-Boiled
|move|p2a: Blissey|Stealth Rock|p1a: Golduck
|-sidestart|p1: Kanto's Finest|move: Stealth Rock
|
|-heal|p2a: Blissey|82/100 psn|[from] item: Leftovers
|-damage|p2a: Blissey|69/100 psn|[from] psn
|-damage|p2a: Blissey|57/100 psn|[from] move: Whirlpool|[partiallytrapped]
|upkeep
|turn|33
|
|t:|1743894460
|move|p1a: Golduck|Encore|p2a: Blissey
|-start|p2a: Blissey|Encore
|move|p2a: Blissey|Stealth Rock||[still]
|-fail|p2a: Blissey
|
|-heal|p2a: Blissey|63/100 psn|[from] item: Leftovers
|-damage|p2a: Blissey|50/100 psn|[from] psn
|-damage|p2a: Blissey|38/100 psn|[from] move: Whirlpool|[partiallytrapped]
|upkeep
|turn|34
|inactive|Kanto's Finest has 90 seconds left.
|
|t:|1743894505
|move|p1a: Golduck|Protect|p1a: Golduck
|-singleturn|p1a: Golduck|Protect
|move|p2a: Blissey|Stealth Rock||[still]
|-fail|p2a: Blissey
|
|-heal|p2a: Blissey|44/100 psn|[from] item: Leftovers
|-damage|p2a: Blissey|32/100 psn|[from] psn
|-damage|p2a: Blissey|19/100 psn|[from] move: Whirlpool|[partiallytrapped]
|upkeep
|turn|35
|
|t:|1743894524
|move|p1a: Golduck|Protect||[still]
|-fail|p1a: Golduck
|move|p2a: Blissey|Stealth Rock||[still]
|-fail|p2a: Blissey
|
|-heal|p2a: Blissey|25/100 psn|[from] item: Leftovers
|-damage|p2a: Blissey|13/100 psn|[from] psn
|-damage|p2a: Blissey|0 fnt|[from] move: Whirlpool|[partiallytrapped]
|faint|p2a: Blissey
|upkeep
|
|t:|1743894533
|switch|p2a: Zapdos|Zapdos|100/100
|-damage|p2a: Zapdos|76/100|[from] Stealth Rock
|turn|36
|inactive|Kanto's Finest has 60 seconds left.
|
|t:|1743894555
|move|p1a: Golduck|Protect|p1a: Golduck
|-singleturn|p1a: Golduck|Protect
|move|p2a: Zapdos|Thunderbolt|p1a: Golduck
|-activate|p1a: Golduck|move: Protect
|
|-heal|p2a: Zapdos|82/100|[from] item: Leftovers
|upkeep
|turn|37
|inactive|Kanto's Finest has 60 seconds left.
|
|t:|1743894568
|switch|p1a: Chansey|Chansey, F|70/100
|-damage|p1a: Chansey|58/100|[from] Stealth Rock
|move|p2a: Zapdos|Substitute|p2a: Zapdos
|-start|p2a: Zapdos|Substitute
|-damage|p2a: Zapdos|57/100
|
|-heal|p2a: Zapdos|63/100|[from] item: Leftovers
|upkeep
|turn|38
|inactive|Kanto's Finest has 60 seconds left.
|
|t:|1743894584
|move|p2a: Zapdos|Thunderbolt|p1a: Chansey
|-damage|p1a: Chansey|44/100
|move|p1a: Chansey|Seismic Toss|p2a: Zapdos
|-end|p2a: Zapdos|Substitute
|
|-heal|p2a: Zapdos|69/100|[from] item: Leftovers
|upkeep
|turn|39
|inactive|giolololol has 120 seconds left.
|
|t:|1743894625
|move|p2a: Zapdos|Volt Switch|p1a: Chansey
|-damage|p1a: Chansey|32/100
|
|t:|1743894629
|switch|p2a: Alomomola|Alomomola, F|100/100|[from] Volt Switch
|-damage|p2a: Alomomola|88/100|[from] Stealth Rock
|-status|p2a: Alomomola|psn
|move|p1a: Chansey|Soft-Boiled|p1a: Chansey
|-heal|p1a: Chansey|82/100
|
|-damage|p2a: Alomomola|76/100 psn|[from] psn
|upkeep
|turn|40
|inactive|giolololol has 120 seconds left.
|inactive|Kanto's Finest has 60 seconds left.
|
|t:|1743894655
|switch|p1a: Vileplume|Vileplume, F|100/100
|-damage|p1a: Vileplume|88/100|[from] Stealth Rock
|move|p2a: Alomomola|Whirlpool|p1a: Vileplume|[miss]
|-miss|p2a: Alomomola|p1a: Vileplume
|
|-damage|p2a: Alomomola|63/100 psn|[from] psn
|upkeep
|turn|41
|inactive|Kanto's Finest has 60 seconds left.
|inactive|giolololol has 120 seconds left.
|
|t:|1743894669
|switch|p2a: Ambipom|Ambipom, F|88/100 brn
|-damage|p2a: Ambipom|76/100 brn|[from] Stealth Rock
|move|p1a: Vileplume|Leech Seed|p2a: Ambipom
|-start|p2a: Ambipom|move: Leech Seed
|
|-damage|p2a: Ambipom|63/100 brn|[from] Leech Seed|[of] p1a: Vileplume
|-heal|p1a: Vileplume|98/100|[silent]
|-damage|p2a: Ambipom|57/100 brn|[from] brn
|upkeep
|turn|42
|
|t:|1743894679
|move|p2a: Ambipom|Fake Out|p1a: Vileplume
|-damage|p1a: Vileplume|87/100
|-damage|p2a: Ambipom|41/100 brn|[from] item: Rocky Helmet|[of] p1a: Vileplume
|cant|p1a: Vileplume|flinch
|
|-damage|p2a: Ambipom|28/100 brn|[from] Leech Seed|[of] p1a: Vileplume
|-heal|p1a: Vileplume|97/100|[silent]
|-damage|p2a: Ambipom|22/100 brn|[from] brn
|upkeep
|turn|43
|
|t:|1743894690
|move|p2a: Ambipom|Triple Axel|p1a: Vileplume
|-supereffective|p1a: Vileplume
|-damage|p1a: Vileplume|90/100
|-damage|p2a: Ambipom|6/100 brn|[from] item: Rocky Helmet|[of] p1a: Vileplume
|-supereffective|p1a: Vileplume
|-damage|p1a: Vileplume|77/100
|-damage|p2a: Ambipom|0 fnt|[from] item: Rocky Helmet|[of] p1a: Vileplume
|faint|p2a: Ambipom
|-hitcount|p1a: Vileplume|2
|move|p1a: Vileplume|Strength Sap|p2: Ambipom|[notarget]
|-fail|p1a: Vileplume
|
|upkeep
|
|t:|1743894701
|switch|p2a: Iron Moth|Iron Moth|100/100
|-sideend|p2: giolololol|move: Toxic Spikes|[of] p2a: Iron Moth
|turn|44
|
|t:|1743894710
|switch|p1a: Chansey|Chansey, F|82/100
|-damage|p1a: Chansey|70/100|[from] Stealth Rock
|move|p2a: Iron Moth|Fiery Dance|p1a: Chansey
|-damage|p1a: Chansey|57/100
|-boost|p2a: Iron Moth|spa|1
|
|upkeep
|turn|45
|
|t:|1743894726
|move|p2a: Iron Moth|Fiery Dance|p1a: Chansey
|-damage|p1a: Chansey|36/100
|move|p1a: Chansey|Soft-Boiled|p1a: Chansey
|-heal|p1a: Chansey|86/100
|
|upkeep
|turn|46
|
|t:|1743894735
|-end|p2a: Iron Moth|Quark Drive|[silent]
|switch|p2a: Arcanine|Arcanine, M|71/100 psn
|-damage|p2a: Arcanine|46/100 psn|[from] Stealth Rock
|-ability|p2a: Arcanine|Intimidate|boost
|-unboost|p1a: Chansey|atk|1
|move|p1a: Chansey|Seismic Toss|p2a: Arcanine
|-damage|p2a: Arcanine|20/100 psn
|
|-damage|p2a: Arcanine|7/100 psn|[from] psn
|upkeep
|turn|47
|
|t:|1743894745
|switch|p1a: Golduck|Golduck, F|88/100
|-damage|p1a: Golduck|76/100|[from] Stealth Rock
|-ability|p1a: Golduck|Cloud Nine
|move|p2a: Arcanine|Morning Sun|p2a: Arcanine
|-heal|p2a: Arcanine|57/100 psn
|
|-damage|p2a: Arcanine|45/100 psn|[from] psn
|upkeep
|turn|48
|
|t:|1743894761
|move|p1a: Golduck|Whirlpool|p2a: Arcanine
|-supereffective|p2a: Arcanine
|-damage|p2a: Arcanine|22/100 psn
|-activate|p2a: Arcanine|move: Whirlpool|[of] p1a: Golduck
|move|p2a: Arcanine|Roar|p1a: Golduck
|drag|p1a: Vileplume|Vileplume, F|77/100
|-damage|p1a: Vileplume|65/100|[from] Stealth Rock
|
|-damage|p2a: Arcanine|10/100 psn|[from] psn
|-end|p2a: Arcanine|Whirlpool|[partiallytrapped]|[silent]
|upkeep
|turn|49
|
|t:|1743894773
|switch|p1a: Golduck|Golduck, F|76/100
|-damage|p1a: Golduck|63/100|[from] Stealth Rock
|-ability|p1a: Golduck|Cloud Nine
|move|p2a: Arcanine|Morning Sun|p2a: Arcanine
|-heal|p2a: Arcanine|60/100 psn
|
|-damage|p2a: Arcanine|47/100 psn|[from] psn
|upkeep
|turn|50
|
|t:|1743894787
|move|p1a: Golduck|Encore|p2a: Arcanine
|-start|p2a: Arcanine|Encore
|move|p2a: Arcanine|Morning Sun|p2a: Arcanine
|-heal|p2a: Arcanine|97/100 psn
|
|-damage|p2a: Arcanine|85/100 psn|[from] psn
|upkeep
|turn|51
|
|t:|1743894796
|switch|p2a: Alomomola|Alomomola, F|97/100 psn
|-damage|p2a: Alomomola|84/100 psn|[from] Stealth Rock
|move|p1a: Golduck|Whirlpool|p2a: Alomomola
|-resisted|p2a: Alomomola
|-damage|p2a: Alomomola|78/100 psn
|-activate|p2a: Alomomola|move: Whirlpool|[of] p1a: Golduck
|
|-damage|p2a: Alomomola|66/100 psn|[from] psn
|-damage|p2a: Alomomola|53/100 psn|[from] move: Whirlpool|[partiallytrapped]
|upkeep
|turn|52
|
|t:|1743894809
|move|p1a: Golduck|Protect|p1a: Golduck
|-singleturn|p1a: Golduck|Protect
|move|p2a: Alomomola|Wish|p2a: Alomomola
|
|-damage|p2a: Alomomola|41/100 psn|[from] psn
|-damage|p2a: Alomomola|29/100 psn|[from] move: Whirlpool|[partiallytrapped]
|upkeep
|turn|53
|inactive|Kanto's Finest has 120 seconds left.
|
|t:|1743894822
|move|p2a: Alomomola|Protect|p2a: Alomomola
|-singleturn|p2a: Alomomola|Protect
|move|p1a: Golduck|Encore|p2a: Alomomola
|-activate|p2a: Alomomola|move: Protect
|
|-heal|p2a: Alomomola|79/100 psn|[from] move: Wish|[wisher] Alomomola
|-damage|p2a: Alomomola|66/100 psn|[from] psn
|-damage|p2a: Alomomola|54/100 psn|[from] move: Whirlpool|[partiallytrapped]
|upkeep
|turn|54
|
|t:|1743894835
|move|p1a: Golduck|Encore|p2a: Alomomola
|-start|p2a: Alomomola|Encore
|move|p2a: Alomomola|Protect||[still]
|-fail|p2a: Alomomola
|
|-damage|p2a: Alomomola|42/100 psn|[from] psn
|-damage|p2a: Alomomola|29/100 psn|[from] move: Whirlpool|[partiallytrapped]
|upkeep
|turn|55
|
|t:|1743894843
|move|p2a: Alomomola|Protect|p2a: Alomomola
|-singleturn|p2a: Alomomola|Protect
|move|p1a: Golduck|Disable|p2a: Alomomola
|-activate|p2a: Alomomola|move: Protect
|
|-damage|p2a: Alomomola|17/100 psn|[from] psn
|-damage|p2a: Alomomola|5/100 psn|[from] move: Whirlpool|[partiallytrapped]
|upkeep
|turn|56
|
|t:|1743894851
|move|p2a: Alomomola|Protect||[still]
|-fail|p2a: Alomomola
|move|p1a: Golduck|Whirlpool|p2a: Alomomola
|-resisted|p2a: Alomomola
|-damage|p2a: Alomomola|0 fnt
|faint|p2a: Alomomola
|
|upkeep
|
|t:|1743894855
|switch|p2a: Zapdos|Zapdos|69/100
|-damage|p2a: Zapdos|44/100|[from] Stealth Rock
|turn|57
|
|t:|1743894864
|switch|p1a: Chansey|Chansey, F|86/100
|-damage|p1a: Chansey|74/100|[from] Stealth Rock
|move|p2a: Zapdos|Volt Switch|p1a: Chansey
|-damage|p1a: Chansey|63/100
|
|t:|1743894870
|switch|p2a: Arcanine|Arcanine, M|85/100 psn|[from] Volt Switch
|-damage|p2a: Arcanine|60/100 psn|[from] Stealth Rock
|-ability|p2a: Arcanine|Intimidate|boost
|-unboost|p1a: Chansey|atk|1
|
|-damage|p2a: Arcanine|47/100 psn|[from] psn
|upkeep
|turn|58
|
|t:|1743894879
|move|p2a: Arcanine|Will-O-Wisp|p1a: Chansey
|-status|p1a: Chansey|brn
|move|p1a: Chansey|Seismic Toss|p2a: Arcanine
|-damage|p2a: Arcanine|21/100 psn
|
|-damage|p2a: Arcanine|9/100 psn|[from] psn
|-damage|p1a: Chansey|57/100 brn|[from] brn
|upkeep
|turn|59
|
|t:|1743894884
|move|p2a: Arcanine|Morning Sun|p2a: Arcanine
|-heal|p2a: Arcanine|59/100 psn
|move|p1a: Chansey|Soft-Boiled|p1a: Chansey
|-heal|p1a: Chansey|100/100 brn
|
|-damage|p2a: Arcanine|46/100 psn|[from] psn
|-damage|p1a: Chansey|94/100 brn|[from] brn
|upkeep
|turn|60
|
|t:|1743894892
|-curestatus|p1a: Chansey|brn|[from] ability: Natural Cure
|switch|p1a: Golduck|Golduck, F|63/100
|-damage|p1a: Golduck|51/100|[from] Stealth Rock
|-ability|p1a: Golduck|Cloud Nine
|move|p2a: Arcanine|Morning Sun|p2a: Arcanine
|-heal|p2a: Arcanine|96/100 psn
|
|-damage|p2a: Arcanine|84/100 psn|[from] psn
|upkeep
|turn|61
|
|t:|1743894902
|move|p1a: Golduck|Whirlpool|p2a: Arcanine
|-supereffective|p2a: Arcanine
|-damage|p2a: Arcanine|60/100 psn
|-activate|p2a: Arcanine|move: Whirlpool|[of] p1a: Golduck
|move|p2a: Arcanine|Will-O-Wisp|p1a: Golduck
|-status|p1a: Golduck|brn
|
|-damage|p2a: Arcanine|48/100 psn|[from] psn
|-damage|p1a: Golduck|45/100 brn|[from] brn
|-damage|p2a: Arcanine|35/100 psn|[from] move: Whirlpool|[partiallytrapped]
|upkeep
|turn|62
|
|t:|1743894914
|move|p1a: Golduck|Encore|p2a: Arcanine
|-start|p2a: Arcanine|Encore
|move|p2a: Arcanine|Will-O-Wisp|p1a: Golduck
|-fail|p1a: Golduck|brn
|
|-damage|p2a: Arcanine|23/100 psn|[from] psn
|-damage|p1a: Golduck|39/100 brn|[from] brn
|-damage|p2a: Arcanine|10/100 psn|[from] move: Whirlpool|[partiallytrapped]
|upkeep
|turn|63
|-message|giolololol forfeited.
|
|win|Kanto's Finest
|raw|Kanto&apos;s Finest's rating: 1237 &rarr; <strong>1265</strong><br />(+28 for winning)
|raw|giolololol's rating: 1272 &rarr; <strong>1244</strong><br />(-28 for losing)
|l|☆giolololol
|player|p2|
|l|☆Kanto's Finest
|player|p1|
