|j|☆Smurf account 6969
|j|☆TestFor11222024
|t:|1743855911
|gametype|singles
|player|p1|Smurf account 6969|169|
|player|p2|TestFor11222024|hiker-gen4|
|teamsize|p1|6
|teamsize|p2|6
|gen|9
|tier|[Gen 9] OU
|rule|HP Percentage Mod: HP is shown in percentages
|rule|Endless Battle Clause: Forcing endless battles is banned
|rule|Species Clause: Limit one of each Pokémon
|rule|OHKO Clause: OHKO moves are banned
|rule|Evasion Items Clause: Evasion items are banned
|rule|Evasion Moves Clause: Evasion moves are banned
|rule|Sleep Moves Clause: Sleep-inducing moves are banned
|clearpoke
|poke|p1|Dragonite, M|
|poke|p1|Ting-Lu|
|poke|p1|Iron Moth|
|poke|p1|Iron Valiant|
|poke|p1|Kyurem|
|poke|p1|Gholdengo|
|poke|p2|Great Tusk|
|poke|p2|Tyranitar, M|
|poke|p2|Iron Moth|
|poke|p2|Latias, F|
|poke|p2|Kingambit, M|
|poke|p2|Iron Hands|
|teampreview
|inactive|Battle timer is ON: inactive players will automatically lose when time's up. (requested by TestFor11222024)
|
|t:|1743855929
|start
|switch|p1a: Iron Valiant|Iron Valiant|100/100
|switch|p2a: Kingambit|Kingambit, M|100/100
|-enditem|p1a: Iron Valiant|Booster Energy
|-activate|p1a: Iron Valiant|ability: Quark Drive|[fromitem]
|-start|p1a: Iron Valiant|quarkdrivespe
|turn|1
|
|t:|1743855940
|-end|p1a: Iron Valiant|Quark Drive|[silent]
|switch|p1a: Ting-Lu|Ting-Lu|100/100
|-ability|p1a: Ting-Lu|Vessel of Ruin
|-terastallize|p2a: Kingambit|Flying
|move|p2a: Kingambit|Tera Blast|p1a: Ting-Lu|[anim] Tera Blast Flying
|-damage|p1a: Ting-Lu|75/100
|
|-heal|p1a: Ting-Lu|81/100|[from] item: Leftovers
|upkeep
|turn|2
|
|t:|1743855949
|-end|p2a: Kingambit|fallenundefined|[silent]
|switch|p2a: Great Tusk|Great Tusk|100/100
|move|p1a: Ting-Lu|Ruination|p2a: Great Tusk
|-damage|p2a: Great Tusk|51/100
|
|-heal|p1a: Ting-Lu|87/100|[from] item: Leftovers
|upkeep
|turn|3
|
|t:|1743855961
|switch|p1a: Dragonite|Dragonite, M|100/100
|move|p2a: Great Tusk|Headlong Rush|p1a: Dragonite
|-immune|p1a: Dragonite
|
|upkeep
|turn|4
|
|t:|1743855968
|move|p1a: Dragonite|Dragon Dance|p1a: Dragonite
|-boost|p1a: Dragonite|atk|1
|-boost|p1a: Dragonite|spe|1
|move|p2a: Great Tusk|Ice Spinner|p1a: Dragonite
|-supereffective|p1a: Dragonite
|-damage|p1a: Dragonite|37/100
|
|upkeep
|turn|5
|
|t:|1743855974
|move|p1a: Dragonite|Ice Spinner|p2a: Great Tusk
|-supereffective|p2a: Great Tusk
|-damage|p2a: Great Tusk|1/100
|-damage|p1a: Dragonite|20/100|[from] item: Rocky Helmet|[of] p2a: Great Tusk
|move|p2a: Great Tusk|Ice Spinner|p1a: Dragonite
|-supereffective|p1a: Dragonite
|-damage|p1a: Dragonite|0 fnt
|faint|p1a: Dragonite
|
|upkeep
|c|☆Smurf account 6969|30% roll :(
|c|☆TestFor11222024|Yup
|
|t:|1743855993
|switch|p1a: Iron Valiant|Iron Valiant|100/100
|turn|6
|
|t:|1743855998
|-end|p2a: Great Tusk|Protosynthesis|[silent]
|switch|p2a: Iron Moth|Iron Moth|100/100
|move|p1a: Iron Valiant|Moonblast|p2a: Iron Moth
|-resisted|p2a: Iron Moth
|-damage|p2a: Iron Moth|93/100
|
|upkeep
|turn|7
|
|t:|1743856004
|-end|p1a: Iron Valiant|Quark Drive|[silent]
|switch|p1a: Ting-Lu|Ting-Lu|87/100
|-ability|p1a: Ting-Lu|Vessel of Ruin
|move|p2a: Iron Moth|Sludge Wave|p1a: Ting-Lu
|-resisted|p1a: Ting-Lu
|-damage|p1a: Ting-Lu|75/100
|
|-heal|p1a: Ting-Lu|81/100|[from] item: Leftovers
|upkeep
|turn|8
|
|t:|1743856009
|move|p2a: Iron Moth|U-turn|p1a: Ting-Lu
|-supereffective|p1a: Ting-Lu
|-damage|p1a: Ting-Lu|69/100
|
|t:|1743856013
|-end|p2a: Iron Moth|Quark Drive|[silent]
|switch|p2a: Great Tusk|Great Tusk|1/100|[from] U-turn
|move|p1a: Ting-Lu|Stealth Rock|p2a: Great Tusk
|-sidestart|p2: TestFor11222024|move: Stealth Rock
|
|-heal|p1a: Ting-Lu|76/100|[from] item: Leftovers
|upkeep
|turn|9
|
|t:|1743856021
|move|p2a: Great Tusk|Stealth Rock|p1a: Ting-Lu
|-sidestart|p1: Smurf account 6969|move: Stealth Rock
|move|p1a: Ting-Lu|Earthquake|p2a: Great Tusk
|-damage|p2a: Great Tusk|0 fnt
|faint|p2a: Great Tusk
|-end|p2a: Great Tusk|Protosynthesis|[silent]
|
|-heal|p1a: Ting-Lu|82/100|[from] item: Leftovers
|upkeep
|
|t:|1743856024
|switch|p2a: Iron Hands|Iron Hands|100/100
|-damage|p2a: Iron Hands|94/100|[from] Stealth Rock
|turn|10
|
|t:|1743856046
|-terastallize|p1a: Ting-Lu|Ghost
|move|p2a: Iron Hands|Fake Out|p1a: Ting-Lu
|-immune|p1a: Ting-Lu
|move|p1a: Ting-Lu|Spikes|p2a: Iron Hands
|-sidestart|p2: TestFor11222024|Spikes
|
|-heal|p1a: Ting-Lu|88/100|[from] item: Leftovers
|upkeep
|turn|11
|
|t:|1743856056
|-end|p2a: Iron Hands|Quark Drive|[silent]
|switch|p2a: Tyranitar|Tyranitar, M|100/100
|-damage|p2a: Tyranitar|88/100|[from] Stealth Rock
|-damage|p2a: Tyranitar|76/100|[from] Spikes
|-weather|Sandstorm|[from] ability: Sand Stream|[of] p2a: Tyranitar
|move|p1a: Ting-Lu|Spikes|p2a: Tyranitar
|-sidestart|p2: TestFor11222024|Spikes
|
|-weather|Sandstorm|[upkeep]
|-damage|p1a: Ting-Lu|82/100|[from] Sandstorm
|-heal|p1a: Ting-Lu|88/100|[from] item: Leftovers
|upkeep
|turn|12
|
|t:|1743856062
|switch|p1a: Iron Valiant|Iron Valiant|100/100
|-damage|p1a: Iron Valiant|94/100|[from] Stealth Rock
|move|p2a: Tyranitar|Knock Off|p1a: Iron Valiant
|-resisted|p1a: Iron Valiant
|-damage|p1a: Iron Valiant|85/100
|
|-weather|Sandstorm|[upkeep]
|-damage|p1a: Iron Valiant|79/100|[from] Sandstorm
|upkeep
|turn|13
|
|t:|1743856068
|switch|p2a: Iron Hands|Iron Hands|94/100
|-damage|p2a: Iron Hands|88/100|[from] Stealth Rock
|-damage|p2a: Iron Hands|71/100|[from] Spikes
|move|p1a: Iron Valiant|Close Combat|p2a: Iron Hands
|-damage|p2a: Iron Hands|33/100
|-unboost|p1a: Iron Valiant|def|1
|-unboost|p1a: Iron Valiant|spd|1
|
|-weather|Sandstorm|[upkeep]
|-damage|p1a: Iron Valiant|73/100|[from] Sandstorm
|-damage|p2a: Iron Hands|27/100|[from] Sandstorm
|upkeep
|turn|14
|
|t:|1743856072
|-end|p1a: Iron Valiant|Quark Drive|[silent]
|switch|p1a: Ting-Lu|Ting-Lu, tera:Ghost|88/100
|-damage|p1a: Ting-Lu|76/100|[from] Stealth Rock
|-ability|p1a: Ting-Lu|Vessel of Ruin
|move|p2a: Iron Hands|Fake Out|p1a: Ting-Lu
|-immune|p1a: Ting-Lu
|
|-weather|Sandstorm|[upkeep]
|-damage|p2a: Iron Hands|21/100|[from] Sandstorm
|-damage|p1a: Ting-Lu|69/100|[from] Sandstorm
|-heal|p1a: Ting-Lu|76/100|[from] item: Leftovers
|upkeep
|turn|15
|
|t:|1743856081
|-end|p2a: Iron Hands|Quark Drive|[silent]
|switch|p2a: Kingambit|Kingambit, M, tera:Flying|100/100
|-damage|p2a: Kingambit|76/100|[from] Stealth Rock
|-activate|p2a: Kingambit|ability: Supreme Overlord
|-start|p2a: Kingambit|fallen1|[silent]
|move|p1a: Ting-Lu|Earthquake|p2a: Kingambit
|-immune|p2a: Kingambit
|
|-weather|none
|-heal|p1a: Ting-Lu|82/100|[from] item: Leftovers
|upkeep
|turn|16
|
|t:|1743856105
|move|p2a: Kingambit|Swords Dance|p2a: Kingambit
|-boost|p2a: Kingambit|atk|2
|move|p1a: Ting-Lu|Spikes|p2a: Kingambit
|-sidestart|p2: TestFor11222024|Spikes
|
|-heal|p1a: Ting-Lu|88/100|[from] item: Leftovers
|upkeep
|turn|17
|inactive|Smurf account 6969 has 270 seconds left.
|
|t:|1743856125
|move|p2a: Kingambit|Kowtow Cleave|p1a: Ting-Lu
|-supereffective|p1a: Ting-Lu
|-damage|p1a: Ting-Lu|0 fnt
|faint|p1a: Ting-Lu
|
|upkeep
|inactive|Smurf account 6969 has 270 seconds left.
|
|t:|1743856145
|switch|p1a: Iron Moth|Iron Moth|100/100
|-damage|p1a: Iron Moth|76/100|[from] Stealth Rock
|-enditem|p1a: Iron Moth|Booster Energy
|-activate|p1a: Iron Moth|ability: Quark Drive|[fromitem]
|-start|p1a: Iron Moth|quarkdrivespe
|turn|18
|
|t:|1743856149
|move|p1a: Iron Moth|Substitute|p1a: Iron Moth
|-start|p1a: Iron Moth|Substitute
|-damage|p1a: Iron Moth|51/100
|move|p2a: Kingambit|Kowtow Cleave|p1a: Iron Moth
|-end|p1a: Iron Moth|Substitute
|
|upkeep
|turn|19
|inactive|Smurf account 6969 has 270 seconds left.
|
|t:|1743856155
|move|p1a: Iron Moth|Sludge Wave|p2a: Kingambit
|-damage|p2a: Kingambit|29/100
|move|p2a: Kingambit|Kowtow Cleave|p1a: Iron Moth
|-damage|p1a: Iron Moth|0 fnt
|faint|p1a: Iron Moth
|-end|p1a: Iron Moth|Quark Drive|[silent]
|
|upkeep
|inactive|Smurf account 6969 has 270 seconds left.
|
|t:|1743856162
|switch|p1a: Iron Valiant|Iron Valiant|73/100
|-damage|p1a: Iron Valiant|67/100|[from] Stealth Rock
|turn|20
|
|t:|1743856167
|-end|p2a: Kingambit|fallen1|[silent]
|switch|p2a: Iron Hands|Iron Hands|21/100
|-damage|p2a: Iron Hands|14/100|[from] Stealth Rock
|-damage|p2a: Iron Hands|0 fnt|[from] Spikes
|faint|p2a: Iron Hands
|-end|p2a: Iron Hands|Quark Drive|[silent]
|move|p1a: Iron Valiant|Moonblast|p2: Iron Hands|[notarget]
|-fail|p1a: Iron Valiant
|
|upkeep
|
|t:|1743856171
|switch|p2a: Latias|Latias, F|100/100
|-damage|p2a: Latias|88/100|[from] Stealth Rock
|turn|21
|
|t:|1743856177
|-end|p1a: Iron Valiant|Quark Drive|[silent]
|switch|p1a: Gholdengo|Gholdengo|100/100
|-damage|p1a: Gholdengo|94/100|[from] Stealth Rock
|move|p2a: Latias|Healing Wish|p2a: Latias
|faint|p2a: Latias
|
|upkeep
|
|t:|1743856179
|switch|p2a: Kingambit|Kingambit, M, tera:Flying|29/100
|-heal|p2a: Kingambit|100/100|[from] move: Healing Wish
|-damage|p2a: Kingambit|76/100|[from] Stealth Rock
|-activate|p2a: Kingambit|ability: Supreme Overlord
|-start|p2a: Kingambit|fallen3|[silent]
|turn|22
|
|t:|1743856183
|-end|p2a: Kingambit|fallen3|[silent]
|switch|p2a: Tyranitar|Tyranitar, M|76/100
|-damage|p2a: Tyranitar|63/100|[from] Stealth Rock
|-damage|p2a: Tyranitar|38/100|[from] Spikes
|-weather|Sandstorm|[from] ability: Sand Stream|[of] p2a: Tyranitar
|move|p1a: Gholdengo|Trick|p2a: Tyranitar
|-activate|p1a: Gholdengo|move: Trick|[of] p2a: Tyranitar
|-item|p2a: Tyranitar|Choice Scarf|[from] move: Trick
|-item|p1a: Gholdengo|Assault Vest|[from] move: Trick
|
|-weather|Sandstorm|[upkeep]
|upkeep
|turn|23
|
|t:|1743856199
|move|p1a: Gholdengo|Dazzling Gleam|p2a: Tyranitar
|-supereffective|p2a: Tyranitar
|-damage|p2a: Tyranitar|11/100
|move|p2a: Tyranitar|Earthquake|p1a: Gholdengo
|-supereffective|p1a: Gholdengo
|-damage|p1a: Gholdengo|27/100
|
|-weather|Sandstorm|[upkeep]
|upkeep
|turn|24
|
|t:|1743856205
|move|p1a: Gholdengo|Dazzling Gleam|p2a: Tyranitar
|-supereffective|p2a: Tyranitar
|-damage|p2a: Tyranitar|0 fnt
|faint|p2a: Tyranitar
|
|-weather|Sandstorm|[upkeep]
|upkeep
|
|t:|1743856208
|switch|p2a: Iron Moth|Iron Moth|93/100
|-damage|p2a: Iron Moth|68/100|[from] Stealth Rock
|-damage|p2a: Iron Moth|44/100|[from] Spikes
|turn|25
|
|t:|1743856213
|move|p2a: Iron Moth|Fiery Dance|p1a: Gholdengo
|-supereffective|p1a: Gholdengo
|-damage|p1a: Gholdengo|0 fnt
|-boost|p2a: Iron Moth|spa|1
|faint|p1a: Gholdengo
|
|-weather|Sandstorm|[upkeep]
|-damage|p2a: Iron Moth|38/100|[from] Sandstorm
|upkeep
|
|t:|1743856223
|switch|p1a: Iron Valiant|Iron Valiant|67/100
|-damage|p1a: Iron Valiant|60/100|[from] Stealth Rock
|turn|26
|
|t:|1743856225
|move|p1a: Iron Valiant|Knock Off|p2a: Iron Moth
|-damage|p2a: Iron Moth|0 fnt
|-enditem|p2a: Iron Moth|Assault Vest|[from] move: Knock Off|[of] p1a: Iron Valiant
|faint|p2a: Iron Moth
|-end|p2a: Iron Moth|Quark Drive|[silent]
|
|-weather|none
|upkeep
|
|t:|1743856227
|switch|p2a: Kingambit|Kingambit, M, tera:Flying|76/100
|-damage|p2a: Kingambit|51/100|[from] Stealth Rock
|-activate|p2a: Kingambit|ability: Supreme Overlord
|-start|p2a: Kingambit|fallen5|[silent]
|turn|27
|
|t:|1743856232
|move|p1a: Iron Valiant|Moonblast|p2a: Kingambit
|-damage|p2a: Kingambit|5/100
|move|p2a: Kingambit|Tera Blast|p1a: Iron Valiant|[anim] Tera Blast Flying
|-supereffective|p1a: Iron Valiant
|-damage|p1a: Iron Valiant|0 fnt
|faint|p1a: Iron Valiant
|-end|p1a: Iron Valiant|Quark Drive|[silent]
|
|upkeep
|
|t:|1743856235
|switch|p1a: Kyurem|Kyurem|100/100
|-damage|p1a: Kyurem|76/100|[from] Stealth Rock
|-ability|p1a: Kyurem|Pressure
|turn|28
|c|☆Smurf account 6969|crazy game
|inactive|TestFor11222024 has 270 seconds left.
|c|☆Smurf account 6969|i think tera flying gambit solos my team
|
|t:|1743856271
|move|p2a: Kingambit|Sucker Punch|p1a: Kyurem
|-damage|p1a: Kyurem|13/100
|move|p1a: Kyurem|Icicle Spear|p2a: Kingambit
|-supereffective|p2a: Kingambit
|-damage|p2a: Kingambit|0 fnt
|faint|p2a: Kingambit
|-end|p2a: Kingambit|fallen5|[silent]
|-hitcount|p2: Kingambit|1
|
|win|Smurf account 6969
|c|☆Smurf account 6969|gg
|c|☆TestFor11222024|GG
|c|☆Smurf account 6969|wp
|c|☆TestFor11222024|Now get out
|c|☆Smurf account 6969|yup
|c|☆Smurf account 6969|bye
|c|☆TestFor11222024|Lazy bum
|c|☆TestFor11222024|Cya
|c|☆Smurf account 6969|how old are you? XD
|c|☆TestFor11222024|20
|c|☆Smurf account 6969|idk why but i thought you were 6 or smt
|c|☆TestFor11222024|...
|c|☆Smurf account 6969|aight
|c|☆Smurf account 6969|bye
|l|☆Smurf account 6969
|player|p1|
|c|☆TestFor11222024|The name speaks it I guess
|l|☆TestFor11222024
|player|p2|
|j|☆TestFor11222024
|player|p2|TestFor11222024|hiker-gen4|
