|j|☆choicebandironmoth
|j|☆Swankentora
|t:|1743887250
|gametype|singles
|player|p1|choicebandironmoth|silver|1428
|player|p2|Swankentora|n|1397
|teamsize|p1|6
|teamsize|p2|6
|gen|9
|tier|[Gen 9] OU
|rated|
|rule|HP Percentage Mod: HP is shown in percentages
|rule|Endless Battle Clause: Forcing endless battles is banned
|rule|Species Clause: Limit one of each Pokémon
|rule|OHKO Clause: OHKO moves are banned
|rule|Evasion Items Clause: Evasion items are banned
|rule|Evasion Moves Clause: Evasion moves are banned
|rule|Sleep Moves Clause: Sleep-inducing moves are banned
|clearpoke
|poke|p1|Great Tusk|
|poke|p1|Iron Valiant|
|poke|p1|Azumarill, M|
|poke|p1|Heatran, M|
|poke|p1|Kingambit, F|
|poke|p1|Hydreigon, F|
|poke|p2|Iron Valiant|
|poke|p2|Samurott-Hisui, F|
|poke|p2|Dragonite, M|
|poke|p2|Pecharunt|
|poke|p2|Great Tusk|
|poke|p2|Kingambit, F|
|teampreview
|
|t:|1743887266
|start
|switch|p1a: Iron Valiant|Iron Valiant|100/100
|switch|p2a: Great Tusk|Great Tusk|100/100
|-enditem|p1a: Iron Valiant|Booster Energy
|-activate|p1a: Iron Valiant|ability: Quark Drive|[fromitem]
|-start|p1a: Iron Valiant|quarkdrivespe
|turn|1
|
|t:|1743887283
|-end|p2a: Great Tusk|Protosynthesis|[silent]
|switch|p2a: Pecharunt|Pecharunt|100/100
|move|p1a: Iron Valiant|Swords Dance|p1a: Iron Valiant
|-boost|p1a: Iron Valiant|atk|2
|
|upkeep
|turn|2
|
|t:|1743887290
|-terastallize|p1a: Iron Valiant|Steel
|move|p1a: Iron Valiant|Swords Dance|p1a: Iron Valiant
|-boost|p1a: Iron Valiant|atk|2
|move|p2a: Pecharunt|Malignant Chain|p1a: Iron Valiant
|-immune|p1a: Iron Valiant
|
|upkeep
|turn|3
|
|t:|1743887312
|switch|p2a: Great Tusk|Great Tusk|100/100
|move|p1a: Iron Valiant|Psycho Cut|p2a: Great Tusk
|-supereffective|p2a: Great Tusk
|-damage|p2a: Great Tusk|5/100
|
|upkeep
|turn|4
|
|t:|1743887321
|move|p1a: Iron Valiant|Psycho Cut|p2a: Great Tusk
|-supereffective|p2a: Great Tusk
|-damage|p2a: Great Tusk|0 fnt
|faint|p2a: Great Tusk
|-end|p2a: Great Tusk|Protosynthesis|[silent]
|
|upkeep
|
|t:|1743887324
|switch|p2a: Dragonite|Dragonite, M|100/100
|turn|5
|
|t:|1743887326
|move|p2a: Dragonite|Extreme Speed|p1a: Iron Valiant
|-resisted|p1a: Iron Valiant
|-damage|p1a: Iron Valiant|79/100
|move|p1a: Iron Valiant|Spirit Break|p2a: Dragonite
|-supereffective|p2a: Dragonite
|-damage|p2a: Dragonite|0 fnt
|faint|p2a: Dragonite
|
|upkeep
|
|t:|1743887329
|switch|p2a: Iron Valiant|Iron Valiant|100/100
|turn|6
|
|t:|1743887333
|move|p2a: Iron Valiant|Vacuum Wave|p1a: Iron Valiant
|-supereffective|p1a: Iron Valiant
|-damage|p1a: Iron Valiant|0 fnt
|faint|p1a: Iron Valiant
|-end|p1a: Iron Valiant|Quark Drive|[silent]
|
|upkeep
|
|t:|1743887349
|switch|p1a: Azumarill|Azumarill, M|100/100
|turn|7
|
|t:|1743887353
|-end|p2a: Iron Valiant|Quark Drive|[silent]
|switch|p2a: Pecharunt|Pecharunt|100/100
|move|p1a: Azumarill|Liquidation|p2a: Pecharunt
|-damage|p2a: Pecharunt|70/100
|
|upkeep
|turn|8
|
|t:|1743887360
|switch|p1a: Heatran|Heatran, M|100/100
|move|p2a: Pecharunt|Malignant Chain|p1a: Heatran
|-immune|p1a: Heatran
|
|upkeep
|turn|9
|
|t:|1743887364
|move|p1a: Heatran|Earth Power|p2a: Pecharunt
|-supereffective|p2a: Pecharunt
|-damage|p2a: Pecharunt|0 fnt
|faint|p2a: Pecharunt
|
|upkeep
|
|t:|1743887367
|switch|p2a: Samurott|Samurott-Hisui, F|100/100
|turn|10
|
|t:|1743887371
|switch|p1a: Azumarill|Azumarill, M|100/100
|move|p2a: Samurott|Razor Shell|p1a: Azumarill
|-resisted|p1a: Azumarill
|-damage|p1a: Azumarill|77/100
|-unboost|p1a: Azumarill|def|1
|
|upkeep
|turn|11
|
|t:|1743887387
|-terastallize|p2a: Samurott|Poison
|move|p2a: Samurott|Knock Off|p1a: Azumarill
|-resisted|p1a: Azumarill
|-damage|p1a: Azumarill|45/100
|-enditem|p1a: Azumarill|Assault Vest|[from] move: Knock Off|[of] p2a: Samurott
|move|p1a: Azumarill|Play Rough|p2a: Samurott
|-resisted|p2a: Samurott
|-damage|p2a: Samurott|67/100
|
|upkeep
|turn|12
|
|t:|1743887398
|switch|p1a: Heatran|Heatran, M|100/100
|move|p2a: Samurott|Ceaseless Edge|p1a: Heatran
|-damage|p1a: Heatran|54/100
|-status|p2a: Samurott|brn|[from] ability: Flame Body|[of] p1a: Heatran
|-sidestart|p1: choicebandironmoth|Spikes
|
|-damage|p2a: Samurott|61/100 brn|[from] brn
|upkeep
|turn|13
|
|t:|1743887404
|move|p1a: Heatran|Earth Power|p2a: Samurott
|-supereffective|p2a: Samurott
|-damage|p2a: Samurott|0 fnt
|faint|p2a: Samurott
|
|upkeep
|
|t:|1743887408
|switch|p2a: Iron Valiant|Iron Valiant|100/100
|turn|14
|
|t:|1743887413
|switch|p1a: Azumarill|Azumarill, M|45/100
|-damage|p1a: Azumarill|33/100|[from] Spikes
|move|p2a: Iron Valiant|Vacuum Wave|p1a: Azumarill
|-resisted|p1a: Azumarill
|-damage|p1a: Azumarill|17/100
|
|upkeep
|turn|15
|
|t:|1743887415
|move|p2a: Iron Valiant|Vacuum Wave|p1a: Azumarill
|-resisted|p1a: Azumarill
|-damage|p1a: Azumarill|0 fnt
|faint|p1a: Azumarill
|
|upkeep
|
|t:|1743887430
|switch|p1a: Heatran|Heatran, M|54/100
|-damage|p1a: Heatran|42/100|[from] Spikes
|turn|16
|
|t:|1743887433
|move|p2a: Iron Valiant|Vacuum Wave|p1a: Heatran
|-supereffective|p1a: Heatran
|-damage|p1a: Heatran|0 fnt
|faint|p1a: Heatran
|
|upkeep
|
|t:|1743887445
|switch|p1a: Great Tusk|Great Tusk|100/100
|-damage|p1a: Great Tusk|88/100|[from] Spikes
|-enditem|p1a: Great Tusk|Booster Energy
|-activate|p1a: Great Tusk|ability: Protosynthesis|[fromitem]
|-start|p1a: Great Tusk|protosynthesisspe
|turn|17
|
|t:|1743887454
|-end|p2a: Iron Valiant|Quark Drive|[silent]
|switch|p2a: Kingambit|Kingambit, F|100/100
|-activate|p2a: Kingambit|ability: Supreme Overlord
|-start|p2a: Kingambit|fallen4|[silent]
|move|p1a: Great Tusk|Headlong Rush|p2a: Kingambit
|-supereffective|p2a: Kingambit
|-damage|p2a: Kingambit|19/100
|-unboost|p1a: Great Tusk|def|1
|-unboost|p1a: Great Tusk|spd|1
|
|-heal|p2a: Kingambit|25/100|[from] item: Leftovers
|upkeep
|turn|18
|
|t:|1743887464
|move|p1a: Great Tusk|Bulk Up|p1a: Great Tusk
|-boost|p1a: Great Tusk|atk|1
|-boost|p1a: Great Tusk|def|1
|move|p2a: Kingambit|Iron Head|p1a: Great Tusk
|-damage|p1a: Great Tusk|43/100
|
|-heal|p2a: Kingambit|31/100|[from] item: Leftovers
|upkeep
|turn|19
|
|t:|1743887472
|move|p1a: Great Tusk|Headlong Rush|p2a: Kingambit
|-supereffective|p2a: Kingambit
|-damage|p2a: Kingambit|0 fnt
|-unboost|p1a: Great Tusk|def|1
|-unboost|p1a: Great Tusk|spd|1
|faint|p2a: Kingambit
|-end|p2a: Kingambit|fallen4|[silent]
|
|upkeep
|
|t:|1743887476
|switch|p2a: Iron Valiant|Iron Valiant|100/100
|turn|20
|
|t:|1743887482
|move|p2a: Iron Valiant|Vacuum Wave|p1a: Great Tusk
|-damage|p1a: Great Tusk|0 fnt
|faint|p1a: Great Tusk
|-end|p1a: Great Tusk|Protosynthesis|[silent]
|
|upkeep
|
|t:|1743887485
|switch|p1a: Hydreigon|Hydreigon, F|100/100
|turn|21
|
|t:|1743887494
|move|p2a: Iron Valiant|Vacuum Wave|p1a: Hydreigon
|-supereffective|p1a: Hydreigon
|-damage|p1a: Hydreigon|29/100
|move|p1a: Hydreigon|Flamethrower|p2a: Iron Valiant
|-damage|p2a: Iron Valiant|21/100
|
|upkeep
|turn|22
|
|t:|1743887496
|move|p2a: Iron Valiant|Vacuum Wave|p1a: Hydreigon
|-supereffective|p1a: Hydreigon
|-damage|p1a: Hydreigon|0 fnt
|faint|p1a: Hydreigon
|
|upkeep
|
|t:|1743887497
|switch|p1a: Kingambit|Kingambit, F|100/100
|-damage|p1a: Kingambit|88/100|[from] Spikes
|-activate|p1a: Kingambit|ability: Supreme Overlord
|-start|p1a: Kingambit|fallen5|[silent]
|turn|23
|
|t:|1743887507
|move|p2a: Iron Valiant|Vacuum Wave|p1a: Kingambit
|-supereffective|p1a: Kingambit
|-damage|p1a: Kingambit|0 fnt
|faint|p1a: Kingambit
|-end|p1a: Kingambit|fallen5|[silent]
|
|win|Swankentora
|raw|choicebandironmoth's rating: 1428 &rarr; <strong>1406</strong><br />(-22 for losing)
|raw|Swankentora's rating: 1397 &rarr; <strong>1419</strong><br />(+22 for winning)
|l|☆choicebandironmoth
|player|p1|
