|j|☆vipquangtri
|j|☆Brandonlee24
|t:|1743920780
|gametype|singles
|player|p1|vipquangtri|plasmagrunt|1166
|player|p2|Brandonlee24|volkner|1129
|teamsize|p1|6
|teamsize|p2|6
|gen|9
|tier|[Gen 9] OU
|rated|
|rule|HP Percentage Mod: HP is shown in percentages
|rule|Endless Battle Clause: Forcing endless battles is banned
|rule|Species Clause: Limit one of each Pokémon
|rule|OHKO Clause: OHKO moves are banned
|rule|Evasion Items Clause: Evasion items are banned
|rule|Evasion Moves Clause: Evasion moves are banned
|rule|Sleep Moves Clause: Sleep-inducing moves are banned
|clearpoke
|poke|p1|Iron Leaves|
|poke|p1|Glimmora, M|
|poke|p1|Iron Valiant|
|poke|p1|Garganacl, F|
|poke|p1|Hatterene, F|
|poke|p1|Registeel|
|poke|p2|Corviknight, F|
|poke|p2|Incineroar, M|
|poke|p2|Ursaluna, F|
|poke|p2|Hatterene, F|
|poke|p2|Slowking, F|
|poke|p2|Porygon2|
|teampreview
|inactive|Battle timer is ON: inactive players will automatically lose when time's up. (requested by vipquangtri)
|
|t:|1743920787
|start
|switch|p1a: Glimmora|Glimmora, M|100/100
|switch|p2a: Porygon2|Porygon2|100/100
|-ability|p2a: Porygon2|Toxic Debris|[from] ability: Trace|[of] p1a: Glimmora
|turn|1
|
|t:|1743920811
|move|p1a: Glimmora|Stealth Rock|p2a: Porygon2
|-sidestart|p2: Brandonlee24|move: Stealth Rock
|move|p2a: Porygon2|Trick Room|p2a: Porygon2
|-fieldstart|move: Trick Room|[of] p2a: Porygon2
|
|upkeep
|turn|2
|
|t:|1743920817
|move|p2a: Porygon2|Thunder Wave|p1a: Glimmora
|-status|p1a: Glimmora|par
|move|p1a: Glimmora|Mortal Spin|p2a: Porygon2
|-damage|p2a: Porygon2|96/100
|-status|p2a: Porygon2|psn
|-activate|p2a: Porygon2|ability: Toxic Debris
|-sidestart|p1: vipquangtri|move: Toxic Spikes
|-sideend|p1: vipquangtri|Toxic Spikes|[from] move: Mortal Spin|[of] p1a: Glimmora
|
|-damage|p2a: Porygon2|83/100 psn|[from] psn
|upkeep
|turn|3
|
|t:|1743920839
|switch|p2a: Ursaluna|Ursaluna, F|100/100
|-damage|p2a: Ursaluna|94/100|[from] Stealth Rock
|switch|p1a: Registeel|Registeel|100/100
|
|-status|p2a: Ursaluna|brn|[from] item: Flame Orb
|upkeep
|turn|4
|
|t:|1743920857
|-terastallize|p1a: Registeel|Ghost
|move|p1a: Registeel|Iron Defense|p1a: Registeel
|-boost|p1a: Registeel|def|2
|move|p2a: Ursaluna|Earthquake|p1a: Registeel
|-damage|p1a: Registeel|72/100
|
|-heal|p1a: Registeel|79/100|[from] item: Leftovers
|-damage|p2a: Ursaluna|88/100 brn|[from] brn
|upkeep
|turn|5
|
|t:|1743920874
|move|p2a: Ursaluna|Earthquake|p1a: Registeel
|-damage|p1a: Registeel|50/100
|move|p1a: Registeel|Body Press|p2a: Ursaluna
|-supereffective|p2a: Ursaluna
|-damage|p2a: Ursaluna|18/100 brn
|
|-heal|p1a: Registeel|57/100|[from] item: Leftovers
|-damage|p2a: Ursaluna|12/100 brn|[from] brn
|-fieldend|move: Trick Room
|upkeep
|turn|6
|
|t:|1743920887
|move|p1a: Registeel|Body Press|p2a: Ursaluna
|-supereffective|p2a: Ursaluna
|-damage|p2a: Ursaluna|0 fnt
|faint|p2a: Ursaluna
|
|-heal|p1a: Registeel|63/100|[from] item: Leftovers
|upkeep
|inactive|Brandonlee24 has 120 seconds left.
|
|t:|1743920910
|switch|p2a: Slowking|Slowking, F|100/100
|-damage|p2a: Slowking|88/100|[from] Stealth Rock
|turn|7
|
|t:|1743920918
|move|p1a: Registeel|Meteor Beam||[still]
|-prepare|p1a: Registeel|Meteor Beam
|-boost|p1a: Registeel|spa|1
|move|p2a: Slowking|Scald|p1a: Registeel
|-damage|p1a: Registeel|47/100
|-status|p1a: Registeel|brn
|
|-heal|p1a: Registeel|53/100 brn|[from] item: Leftovers
|-heal|p2a: Slowking|94/100|[from] item: Leftovers
|-damage|p1a: Registeel|47/100 brn|[from] brn
|upkeep
|turn|8
|inactive|Brandonlee24 has 120 seconds left.
|
|t:|1743920932
|move|p1a: Registeel|Meteor Beam|p2a: Slowking|[from] lockedmove
|-damage|p2a: Slowking|71/100
|move|p2a: Slowking|Trick Room|p2a: Slowking
|-fieldstart|move: Trick Room|[of] p2a: Slowking
|
|-heal|p2a: Slowking|77/100|[from] item: Leftovers
|-heal|p1a: Registeel|53/100 brn|[from] item: Leftovers
|-damage|p1a: Registeel|47/100 brn|[from] brn
|upkeep
|turn|9
|inactive|Brandonlee24 has 120 seconds left.
|
|t:|1743920946
|move|p2a: Slowking|Future Sight|p1a: Registeel
|-start|p2a: Slowking|move: Future Sight
|move|p1a: Registeel|Flash Cannon|p2a: Slowking
|-resisted|p2a: Slowking
|-damage|p2a: Slowking|66/100
|
|-heal|p2a: Slowking|72/100|[from] item: Leftovers
|-heal|p1a: Registeel|53/100 brn|[from] item: Leftovers
|-damage|p1a: Registeel|47/100 brn|[from] brn
|upkeep
|turn|10
|inactive|Brandonlee24 has 120 seconds left.
|inactive|Brandonlee24 has 90 seconds left.
|
|t:|1743920984
|switch|p2a: Corviknight|Corviknight, F|100/100
|-ability|p2a: Corviknight|Unnerve
|-damage|p2a: Corviknight|88/100|[from] Stealth Rock
|move|p1a: Registeel|Flash Cannon|p2a: Corviknight
|-resisted|p2a: Corviknight
|-damage|p2a: Corviknight|72/100
|
|-heal|p1a: Registeel|53/100 brn|[from] item: Leftovers
|-damage|p1a: Registeel|47/100 brn|[from] brn
|upkeep
|turn|11
|inactive|Brandonlee24 has 90 seconds left.
|
|t:|1743920998
|switch|p1a: Glimmora|Glimmora, M|100/100 par
|move|p2a: Corviknight|Body Press|p1a: Glimmora
|-damage|p1a: Glimmora|66/100 par
|-activate|p1a: Glimmora|ability: Toxic Debris
|-sidestart|p2: Brandonlee24|move: Toxic Spikes
|
|-end|p1a: Glimmora|move: Future Sight
|-supereffective|p1a: Glimmora
|-damage|p1a: Glimmora|0 fnt
|faint|p1a: Glimmora
|upkeep
|
|t:|1743921012
|switch|p1a: Hatterene|Hatterene, F|100/100
|turn|12
|
|t:|1743921022
|switch|p2a: Incineroar|Incineroar, M|100/100
|-damage|p2a: Incineroar|76/100|[from] Stealth Rock
|-status|p2a: Incineroar|psn
|-ability|p2a: Incineroar|Intimidate|boost
|-unboost|p1a: Hatterene|atk|1
|move|p1a: Hatterene|Mystical Fire|p2a: Incineroar
|-resisted|p2a: Incineroar
|-damage|p2a: Incineroar|68/100 psn
|-unboost|p2a: Incineroar|spa|1
|
|-damage|p2a: Incineroar|56/100 psn|[from] psn
|-fieldend|move: Trick Room
|upkeep
|turn|13
|
|t:|1743921040
|move|p2a: Incineroar|Flare Blitz|p1a: Hatterene
|-damage|p1a: Hatterene|39/100
|-damage|p2a: Incineroar|39/100 psn|[from] Recoil
|move|p1a: Hatterene|Draining Kiss|p2a: Incineroar
|-damage|p2a: Incineroar|24/100 psn
|-heal|p1a: Hatterene|53/100|[from] drain|[of] p2a: Incineroar
|
|-damage|p2a: Incineroar|11/100 psn|[from] psn
|upkeep
|turn|14
|
|t:|1743921051
|switch|p1a: Registeel|Registeel, tera:Ghost|47/100 brn
|move|p2a: Incineroar|Flare Blitz|p1a: Registeel
|-damage|p1a: Registeel|10/100 brn
|-damage|p2a: Incineroar|0 fnt|[from] Recoil
|faint|p2a: Incineroar
|
|-heal|p1a: Registeel|16/100 brn|[from] item: Leftovers
|-damage|p1a: Registeel|10/100 brn|[from] brn
|upkeep
|inactive|Brandonlee24 has 90 seconds left.
|
|t:|1743921063
|switch|p2a: Corviknight|Corviknight, F|72/100
|-ability|p2a: Corviknight|Unnerve
|-damage|p2a: Corviknight|59/100|[from] Stealth Rock
|turn|15
|inactive|Brandonlee24 has 90 seconds left.
|
|t:|1743921082
|move|p2a: Corviknight|Body Press|p1a: Registeel
|-immune|p1a: Registeel
|move|p1a: Registeel|Flash Cannon|p2a: Corviknight
|-resisted|p2a: Corviknight
|-crit|p2a: Corviknight
|-damage|p2a: Corviknight|43/100
|-unboost|p2a: Corviknight|spd|1
|
|-heal|p1a: Registeel|16/100 brn|[from] item: Leftovers
|-damage|p1a: Registeel|10/100 brn|[from] brn
|upkeep
|turn|16
|inactive|Brandonlee24 has 90 seconds left.
|
|t:|1743921094
|move|p2a: Corviknight|Roost|p2a: Corviknight
|-heal|p2a: Corviknight|93/100
|-singleturn|p2a: Corviknight|move: Roost
|move|p1a: Registeel|Flash Cannon|p2a: Corviknight
|-resisted|p2a: Corviknight
|-damage|p2a: Corviknight|73/100
|-unboost|p2a: Corviknight|spd|1
|
|-heal|p1a: Registeel|16/100 brn|[from] item: Leftovers
|-damage|p1a: Registeel|10/100 brn|[from] brn
|upkeep
|turn|17
|inactive|Brandonlee24 has 90 seconds left.
|
|t:|1743921112
|move|p2a: Corviknight|Roost|p2a: Corviknight
|-heal|p2a: Corviknight|100/100
|-singleturn|p2a: Corviknight|move: Roost
|move|p1a: Registeel|Flash Cannon|p2a: Corviknight
|-resisted|p2a: Corviknight
|-damage|p2a: Corviknight|75/100
|
|-heal|p1a: Registeel|16/100 brn|[from] item: Leftovers
|-damage|p1a: Registeel|10/100 brn|[from] brn
|upkeep
|turn|18
|
|t:|1743921124
|switch|p2a: Porygon2|Porygon2|83/100 psn
|-damage|p2a: Porygon2|71/100 psn|[from] Stealth Rock
|-ability|p2a: Porygon2|Clear Body|[from] ability: Trace|[of] p1a: Registeel
|move|p1a: Registeel|Flash Cannon|p2a: Porygon2
|-damage|p2a: Porygon2|59/100 psn
|
|-heal|p1a: Registeel|16/100 brn|[from] item: Leftovers
|-damage|p2a: Porygon2|47/100 psn|[from] psn
|-damage|p1a: Registeel|10/100 brn|[from] brn
|upkeep
|turn|19
|
|t:|1743921140
|switch|p2a: Corviknight|Corviknight, F|75/100
|-ability|p2a: Corviknight|Unnerve
|-damage|p2a: Corviknight|63/100|[from] Stealth Rock
|move|p1a: Registeel|Body Press|p2a: Corviknight
|-damage|p2a: Corviknight|56/100
|-damage|p1a: Registeel|0 fnt|[from] item: Rocky Helmet|[of] p2a: Corviknight
|faint|p1a: Registeel
|
|upkeep
|
|t:|1743921154
|switch|p1a: Iron Valiant|Iron Valiant|100/100
|-enditem|p1a: Iron Valiant|Booster Energy
|-activate|p1a: Iron Valiant|ability: Quark Drive|[fromitem]
|-start|p1a: Iron Valiant|quarkdrivespe
|turn|20
|
|t:|1743921162
|move|p1a: Iron Valiant|Calm Mind|p1a: Iron Valiant
|-boost|p1a: Iron Valiant|spa|1
|-boost|p1a: Iron Valiant|spd|1
|move|p2a: Corviknight|Taunt|p1a: Iron Valiant
|-start|p1a: Iron Valiant|move: Taunt
|
|upkeep
|turn|21
|inactive|Brandonlee24 has 90 seconds left.
|
|t:|1743921178
|move|p1a: Iron Valiant|Aura Sphere|p2a: Corviknight
|-damage|p2a: Corviknight|0 fnt
|faint|p2a: Corviknight
|
|upkeep
|inactive|Brandonlee24 has 90 seconds left.
|
|t:|1743921189
|switch|p2a: Slowking|Slowking, F|100/100
|-damage|p2a: Slowking|88/100|[from] Stealth Rock
|-status|p2a: Slowking|psn
|turn|22
|inactive|Brandonlee24 has 90 seconds left.
|
|t:|1743921202
|move|p1a: Iron Valiant|Shadow Ball|p2a: Slowking
|-supereffective|p2a: Slowking
|-damage|p2a: Slowking|39/100 psn
|move|p2a: Slowking|Trick Room|p2a: Slowking
|-fieldstart|move: Trick Room|[of] p2a: Slowking
|
|-heal|p2a: Slowking|45/100 psn|[from] item: Leftovers
|-damage|p2a: Slowking|33/100 psn|[from] psn
|upkeep
|turn|23
|inactive|Brandonlee24 has 90 seconds left.
|
|t:|1743921216
|switch|p2a: Porygon2|Porygon2|47/100 psn
|-damage|p2a: Porygon2|35/100 psn|[from] Stealth Rock
|-end|p1a: Iron Valiant|Quark Drive|[silent]
|switch|p1a: Iron Leaves|Iron Leaves|100/100
|-enditem|p1a: Iron Leaves|Booster Energy
|-activate|p1a: Iron Leaves|ability: Quark Drive|[fromitem]
|-start|p1a: Iron Leaves|quarkdrivespe
|
|-damage|p2a: Porygon2|22/100 psn|[from] psn
|upkeep
|turn|24
|inactive|Brandonlee24 has 90 seconds left.
|
|t:|1743921244
|move|p2a: Porygon2|Recover|p2a: Porygon2
|-heal|p2a: Porygon2|73/100 psn
|move|p1a: Iron Leaves|Swords Dance|p1a: Iron Leaves
|-boost|p1a: Iron Leaves|atk|2
|
|-damage|p2a: Porygon2|60/100 psn|[from] psn
|upkeep
|turn|25
|
|t:|1743921255
|move|p2a: Porygon2|Thunder Wave|p1a: Iron Leaves
|-status|p1a: Iron Leaves|par
|move|p1a: Iron Leaves|Close Combat|p2a: Porygon2
|-supereffective|p2a: Porygon2
|-damage|p2a: Porygon2|0 fnt
|-unboost|p1a: Iron Leaves|def|1
|-unboost|p1a: Iron Leaves|spd|1
|faint|p2a: Porygon2
|
|upkeep
|
|t:|1743921268
|switch|p2a: Hatterene|Hatterene, F|100/100
|-damage|p2a: Hatterene|88/100|[from] Stealth Rock
|-status|p2a: Hatterene|psn
|turn|26
|
|t:|1743921286
|move|p2a: Hatterene|Mystical Fire|p1a: Iron Leaves
|-supereffective|p1a: Iron Leaves
|-damage|p1a: Iron Leaves|22/100 par
|-unboost|p1a: Iron Leaves|spa|1
|cant|p1a: Iron Leaves|par
|
|-damage|p2a: Hatterene|76/100 psn|[from] psn
|-fieldend|move: Trick Room
|upkeep
|turn|27
|
|t:|1743921297
|move|p1a: Iron Leaves|Leaf Blade|p2a: Hatterene
|-damage|p2a: Hatterene|0 fnt
|faint|p2a: Hatterene
|
|upkeep
|
|t:|1743921303
|switch|p2a: Slowking|Slowking, F|66/100 psn
|-damage|p2a: Slowking|53/100 psn|[from] Stealth Rock
|turn|28
|
|t:|1743921313
|move|p1a: Iron Leaves|Throat Chop|p2a: Slowking
|-supereffective|p2a: Slowking
|-damage|p2a: Slowking|0 fnt
|faint|p2a: Slowking
|
|win|vipquangtri
|raw|vipquangtri's rating: 1166 &rarr; <strong>1188</strong><br />(+22 for winning)
|raw|Brandonlee24's rating: 1129 &rarr; <strong>1107</strong><br />(-22 for losing)
|l|☆vipquangtri
|player|p1|
