|j|☆Lin wen di
|j|☆dblq
|t:|1743840576
|gametype|singles
|player|p1|Lin wen di|burgh|1140
|player|p2|dblq|170|1119
|teamsize|p1|6
|teamsize|p2|6
|gen|9
|tier|[Gen 9] OU
|rated|
|rule|HP Percentage Mod: HP is shown in percentages
|rule|Endless Battle Clause: Forcing endless battles is banned
|rule|Species Clause: Limit one of each Pokémon
|rule|OHKO Clause: OHKO moves are banned
|rule|Evasion Items Clause: Evasion items are banned
|rule|Evasion Moves Clause: Evasion moves are banned
|rule|Sleep Moves Clause: Sleep-inducing moves are banned
|clearpoke
|poke|p1|Pelipper, M|
|poke|p1|Zapdos|
|poke|p1|Slowbro, F|
|poke|p1|Gliscor, F|
|poke|p1|Kingambit, M|
|poke|p1|Greninja-*, M|
|poke|p2|Torkoal, F|
|poke|p2|Venusaur, F|
|poke|p2|Scovillain, M|
|poke|p2|Iron Moth|
|poke|p2|Great Tusk|
|poke|p2|Ninetales, F|
|teampreview
|inactive|Battle timer is ON: inactive players will automatically lose when time's up. (requested by dblq)
|inactive|Lin wen di also wants the timer to be on.
|
|t:|1743840595
|start
|switch|p1a: Slowbro|Slowbro, F|100/100
|switch|p2a: Torkoal|Torkoal, F|100/100
|-weather|SunnyDay|[from] ability: Drought|[of] p2a: Torkoal
|turn|1
|
|t:|1743840607
|move|p1a: Slowbro|Calm Mind|p1a: Slowbro
|-boost|p1a: Slowbro|spa|1
|-boost|p1a: Slowbro|spd|1
|move|p2a: Torkoal|Stealth Rock|p1a: Slowbro
|-sidestart|p1: Lin wen di|move: Stealth Rock
|
|-weather|SunnyDay|[upkeep]
|upkeep
|turn|2
|
|t:|1743840618
|switch|p2a: Venusaur|Venusaur, F|100/100
|move|p1a: Slowbro|Scald|p2a: Venusaur
|-resisted|p2a: Venusaur
|-damage|p2a: Venusaur|89/100
|-status|p2a: Venusaur|brn
|
|-weather|SunnyDay|[upkeep]
|-damage|p2a: Venusaur|83/100 brn|[from] brn
|upkeep
|turn|3
|
|t:|1743840637
|switch|p1a: Pelipper|Pelipper, M|100/100
|-weather|RainDance|[from] ability: Drizzle|[of] p1a: Pelipper
|move|p2a: Venusaur|Growth|p2a: Venusaur
|-boost|p2a: Venusaur|atk|1
|-boost|p2a: Venusaur|spa|1
|
|-weather|RainDance|[upkeep]
|-damage|p2a: Venusaur|77/100 brn|[from] brn
|upkeep
|turn|4
|
|t:|1743840653
|move|p2a: Venusaur|Sludge Bomb|p1a: Pelipper
|-crit|p1a: Pelipper
|-damage|p1a: Pelipper|0 fnt
|faint|p1a: Pelipper
|-damage|p2a: Venusaur|67/100 brn|[from] item: Life Orb
|
|-weather|RainDance|[upkeep]
|-damage|p2a: Venusaur|61/100 brn|[from] brn
|upkeep
|
|t:|1743840659
|switch|p1a: Zapdos|Zapdos|100/100
|-damage|p1a: Zapdos|75/100|[from] Stealth Rock
|turn|5
|
|t:|1743840666
|switch|p2a: Torkoal|Torkoal, F|100/100
|-weather|SunnyDay|[from] ability: Drought|[of] p2a: Torkoal
|move|p1a: Zapdos|Hurricane|p2a: Torkoal
|-damage|p2a: Torkoal|40/100
|
|-weather|SunnyDay|[upkeep]
|upkeep
|turn|6
|
|t:|1743840682
|move|p1a: Zapdos|Thunder Wave|p2a: Torkoal
|-status|p2a: Torkoal|par
|cant|p2a: Torkoal|par
|
|-weather|SunnyDay|[upkeep]
|upkeep
|turn|7
|
|t:|1743840690
|move|p1a: Zapdos|Volt Switch|p2a: Torkoal
|-damage|p2a: Torkoal|4/100 par
|
|t:|1743840698
|switch|p1a: Slowbro|Slowbro, F|100/100|[from] Volt Switch
|-damage|p1a: Slowbro|88/100|[from] Stealth Rock
|move|p2a: Torkoal|Lava Plume|p1a: Slowbro
|-resisted|p1a: Slowbro
|-damage|p1a: Slowbro|71/100
|-status|p1a: Slowbro|brn
|
|-weather|SunnyDay|[upkeep]
|-damage|p1a: Slowbro|65/100 brn|[from] brn
|upkeep
|turn|8
|
|t:|1743840714
|move|p1a: Slowbro|Slack Off|p1a: Slowbro
|-heal|p1a: Slowbro|100/100 brn
|move|p2a: Torkoal|Lava Plume|p1a: Slowbro
|-resisted|p1a: Slowbro
|-damage|p1a: Slowbro|83/100 brn
|
|-weather|SunnyDay|[upkeep]
|-damage|p1a: Slowbro|77/100 brn|[from] brn
|upkeep
|turn|9
|
|t:|1743840727
|switch|p2a: Scovillain|Scovillain, M|100/100
|move|p1a: Slowbro|Calm Mind|p1a: Slowbro
|-boost|p1a: Slowbro|spa|1
|-boost|p1a: Slowbro|spd|1
|
|-weather|SunnyDay|[upkeep]
|-damage|p1a: Slowbro|71/100 brn|[from] brn
|upkeep
|turn|10
|
|t:|1743840744
|switch|p1a: Zapdos|Zapdos|75/100
|-damage|p1a: Zapdos|50/100|[from] Stealth Rock
|move|p2a: Scovillain|Flamethrower|p1a: Zapdos
|-damage|p1a: Zapdos|0 fnt
|faint|p1a: Zapdos
|
|-weather|SunnyDay|[upkeep]
|upkeep
|
|t:|1743840751
|switch|p1a: Greninja|Greninja, M|100/100
|-damage|p1a: Greninja|88/100|[from] Stealth Rock
|turn|11
|
|t:|1743840767
|switch|p2a: Venusaur|Venusaur, F|61/100 brn
|move|p1a: Greninja|Sludge Wave|p2a: Venusaur
|-damage|p2a: Venusaur|9/100 brn
|
|-weather|SunnyDay|[upkeep]
|-damage|p2a: Venusaur|3/100 brn|[from] brn
|upkeep
|turn|12
|
|t:|1743840780
|-terastallize|p1a: Greninja|Steel
|move|p2a: Venusaur|Solar Beam||[still]
|-prepare|p2a: Venusaur|Solar Beam
|-anim|p2a: Venusaur|Solar Beam|p1a: Greninja
|-resisted|p1a: Greninja
|-damage|p1a: Greninja|31/100
|-damage|p2a: Venusaur|0 fnt|[from] item: Life Orb
|faint|p2a: Venusaur
|move|p1a: Greninja|Sludge Wave|p2: Venusaur|[notarget]
|-fail|p1a: Greninja
|
|-weather|none
|upkeep
|
|t:|1743840795
|switch|p2a: Ninetales|Ninetales, F|100/100
|-weather|SunnyDay|[from] ability: Drought|[of] p2a: Ninetales
|turn|13
|
|t:|1743840803
|move|p1a: Greninja|Sludge Wave|p2a: Ninetales
|-damage|p2a: Ninetales|54/100
|move|p2a: Ninetales|Weather Ball|p1a: Greninja
|-supereffective|p1a: Greninja
|-damage|p1a: Greninja|0 fnt
|faint|p1a: Greninja
|-damage|p2a: Ninetales|44/100|[from] item: Life Orb
|
|-weather|SunnyDay|[upkeep]
|upkeep
|
|t:|1743840813
|switch|p1a: Kingambit|Kingambit, M|100/100
|-activate|p1a: Kingambit|ability: Supreme Overlord
|-start|p1a: Kingambit|fallen3|[silent]
|turn|14
|
|t:|1743840823
|move|p1a: Kingambit|Sucker Punch|p2a: Ninetales
|-damage|p2a: Ninetales|0 fnt
|faint|p2a: Ninetales
|
|-weather|SunnyDay|[upkeep]
|upkeep
|
|t:|1743840838
|switch|p2a: Great Tusk|Great Tusk|100/100
|-activate|p2a: Great Tusk|ability: Protosynthesis
|-start|p2a: Great Tusk|protosynthesisatk
|turn|15
|
|t:|1743840850
|-end|p1a: Kingambit|fallen3|[silent]
|switch|p1a: Gliscor|Gliscor, F|100/100
|-damage|p1a: Gliscor|88/100|[from] Stealth Rock
|move|p2a: Great Tusk|Close Combat|p1a: Gliscor
|-resisted|p1a: Gliscor
|-damage|p1a: Gliscor|49/100
|-unboost|p2a: Great Tusk|def|1
|-unboost|p2a: Great Tusk|spd|1
|
|-weather|SunnyDay|[upkeep]
|-status|p1a: Gliscor|tox|[from] item: Toxic Orb
|upkeep
|turn|16
|
|t:|1743840866
|move|p1a: Gliscor|Protect|p1a: Gliscor
|-singleturn|p1a: Gliscor|Protect
|move|p2a: Great Tusk|Bulk Up|p2a: Great Tusk
|-boost|p2a: Great Tusk|atk|1
|-boost|p2a: Great Tusk|def|1
|
|-weather|SunnyDay|[upkeep]
|-heal|p1a: Gliscor|61/100 tox|[from] ability: Poison Heal
|upkeep
|turn|17
|
|t:|1743840877
|switch|p1a: Slowbro|Slowbro, F|100/100 brn
|-damage|p1a: Slowbro|88/100 brn|[from] Stealth Rock
|move|p2a: Great Tusk|Close Combat|p1a: Slowbro
|-resisted|p1a: Slowbro
|-damage|p1a: Slowbro|44/100 brn
|-unboost|p2a: Great Tusk|def|1
|-unboost|p2a: Great Tusk|spd|1
|-damage|p2a: Great Tusk|84/100|[from] item: Rocky Helmet|[of] p1a: Slowbro
|
|-weather|none
|-end|p2a: Great Tusk|Protosynthesis
|-heal|p2a: Great Tusk|90/100|[from] item: Leftovers
|-damage|p1a: Slowbro|38/100 brn|[from] brn
|upkeep
|turn|18
|
|t:|1743840900
|-end|p2a: Great Tusk|Protosynthesis|[silent]
|switch|p2a: Torkoal|Torkoal, F|4/100 par
|-weather|SunnyDay|[from] ability: Drought|[of] p2a: Torkoal
|switch|p1a: Gliscor|Gliscor, F|61/100 tox
|-damage|p1a: Gliscor|49/100 tox|[from] Stealth Rock
|
|-weather|SunnyDay|[upkeep]
|-heal|p1a: Gliscor|61/100 tox|[from] ability: Poison Heal
|upkeep
|turn|19
|
|t:|1743840914
|move|p1a: Gliscor|Knock Off|p2a: Torkoal
|-damage|p2a: Torkoal|0 fnt
|-enditem|p2a: Torkoal|Heat Rock|[from] move: Knock Off|[of] p1a: Gliscor
|faint|p2a: Torkoal
|
|-weather|SunnyDay|[upkeep]
|-heal|p1a: Gliscor|74/100 tox|[from] ability: Poison Heal
|upkeep
|inactive|dblq has 120 seconds left.
|
|t:|1743840931
|switch|p2a: Great Tusk|Great Tusk|90/100
|-activate|p2a: Great Tusk|ability: Protosynthesis
|-start|p2a: Great Tusk|protosynthesisatk
|turn|20
|inactive|dblq has 120 seconds left.
|
|t:|1743840950
|-end|p2a: Great Tusk|Protosynthesis|[silent]
|switch|p2a: Iron Moth|Iron Moth|100/100
|-enditem|p2a: Iron Moth|Booster Energy
|-activate|p2a: Iron Moth|ability: Quark Drive|[fromitem]
|-start|p2a: Iron Moth|quarkdrivespa
|move|p1a: Gliscor|Swords Dance|p1a: Gliscor
|-boost|p1a: Gliscor|atk|2
|
|-weather|SunnyDay|[upkeep]
|-heal|p1a: Gliscor|86/100 tox|[from] ability: Poison Heal
|upkeep
|turn|21
|inactive|dblq has 120 seconds left.
|l|☆dblq
|inactive|dblq disconnected and has a minute to reconnect!
|player|p2|
|j|☆dblq
|inactive|dblq reconnected and has 110 seconds left.
|player|p2|dblq|170|
|
|t:|1743840986
|move|p2a: Iron Moth|Fiery Dance|p1a: Gliscor
|-damage|p1a: Gliscor|0 fnt
|faint|p1a: Gliscor
|
|-weather|SunnyDay|[upkeep]
|upkeep
|
|t:|1743840994
|switch|p1a: Slowbro|Slowbro, F|71/100 brn
|-damage|p1a: Slowbro|59/100 brn|[from] Stealth Rock
|turn|22
|
|t:|1743841002
|move|p2a: Iron Moth|Energy Ball|p1a: Slowbro
|-supereffective|p1a: Slowbro
|-damage|p1a: Slowbro|0 fnt
|faint|p1a: Slowbro
|
|-weather|SunnyDay|[upkeep]
|upkeep
|
|t:|1743841005
|switch|p1a: Kingambit|Kingambit, M|100/100
|-activate|p1a: Kingambit|ability: Supreme Overlord
|-start|p1a: Kingambit|fallen5|[silent]
|turn|23
|
|t:|1743841018
|-terastallize|p2a: Iron Moth|Fire
|move|p1a: Kingambit|Sucker Punch|p2a: Iron Moth
|-damage|p2a: Iron Moth|0 fnt
|faint|p2a: Iron Moth
|-end|p2a: Iron Moth|Quark Drive|[silent]
|
|-weather|SunnyDay|[upkeep]
|upkeep
|
|t:|1743841022
|switch|p2a: Great Tusk|Great Tusk|90/100
|-activate|p2a: Great Tusk|ability: Protosynthesis
|-start|p2a: Great Tusk|protosynthesisatk
|turn|24
|inactive|dblq has 120 seconds left.
|
|t:|1743841035
|move|p2a: Great Tusk|Bulk Up|p2a: Great Tusk
|-boost|p2a: Great Tusk|atk|1
|-boost|p2a: Great Tusk|def|1
|move|p1a: Kingambit|Substitute|p1a: Kingambit
|-start|p1a: Kingambit|Substitute
|-damage|p1a: Kingambit|75/100
|
|-weather|SunnyDay|[upkeep]
|-heal|p2a: Great Tusk|96/100|[from] item: Leftovers
|upkeep
|turn|25
|inactive|dblq has 120 seconds left.
|
|t:|1743841046
|move|p2a: Great Tusk|Close Combat|p1a: Kingambit
|-supereffective|p1a: Kingambit
|-end|p1a: Kingambit|Substitute
|-unboost|p2a: Great Tusk|def|1
|-unboost|p2a: Great Tusk|spd|1
|move|p1a: Kingambit|Swords Dance|p1a: Kingambit
|-boost|p1a: Kingambit|atk|2
|
|-weather|none
|-end|p2a: Great Tusk|Protosynthesis
|-heal|p2a: Great Tusk|100/100|[from] item: Leftovers
|upkeep
|turn|26
|inactive|dblq has 120 seconds left.
|
|t:|1743841058
|move|p1a: Kingambit|Sucker Punch||[still]
|-fail|p1a: Kingambit
|move|p2a: Great Tusk|Bulk Up|p2a: Great Tusk
|-boost|p2a: Great Tusk|atk|1
|-boost|p2a: Great Tusk|def|1
|
|upkeep
|turn|27
|
|t:|1743841067
|move|p1a: Kingambit|Sucker Punch|p2a: Great Tusk
|-resisted|p2a: Great Tusk
|-damage|p2a: Great Tusk|73/100
|move|p2a: Great Tusk|Close Combat|p1a: Kingambit
|-supereffective|p1a: Kingambit
|-damage|p1a: Kingambit|0 fnt
|-unboost|p2a: Great Tusk|def|1
|-unboost|p2a: Great Tusk|spd|1
|faint|p1a: Kingambit
|-end|p1a: Kingambit|fallen5|[silent]
|
|win|dblq
|raw|Lin wen di's rating: 1140 &rarr; <strong>1113</strong><br />(-27 for losing)
|raw|dblq's rating: 1119 &rarr; <strong>1146</strong><br />(+27 for winning)
|l|☆Lin wen di
|player|p1|
|l|☆dblq
|player|p2|
