|j|☆Purple Mamba
|j|☆McBlicken
|t:|1743840384
|gametype|singles
|player|p1|Purple Mamba|101|1271
|player|p2|McBlicken|fisherman-gen4|1289
|teamsize|p1|6
|teamsize|p2|6
|gen|9
|tier|[Gen 9] OU
|rated|
|rule|HP Percentage Mod: HP is shown in percentages
|rule|Endless Battle Clause: Forcing endless battles is banned
|rule|Species Clause: Limit one of each Pokémon
|rule|OHKO Clause: OHKO moves are banned
|rule|Evasion Items Clause: Evasion items are banned
|rule|Evasion Moves Clause: Evasion moves are banned
|rule|Sleep Moves Clause: Sleep-inducing moves are banned
|clearpoke
|poke|p1|Krookodile, F|
|poke|p1|Torkoal, M|
|poke|p1|Skeledirge, F|
|poke|p1|Scizor, M|
|poke|p1|Iron Valiant|
|poke|p1|Dragonite, M|
|poke|p2|Latias, F|
|poke|p2|Glimmora, F|
|poke|p2|Scizor, F|
|poke|p2|Hoopa-Unbound|
|poke|p2|Great Tusk|
|poke|p2|Zamazenta-*|
|teampreview
|inactive|Battle timer is ON: inactive players will automatically lose when time's up. (requested by Purple Mamba)
|
|t:|1743840392
|start
|switch|p1a: Krookodile|Krookodile, F|100/100
|switch|p2a: Glimmora|Glimmora, F|100/100
|-ability|p1a: Krookodile|Intimidate|boost
|-unboost|p2a: Glimmora|atk|1
|turn|1
|
|t:|1743840405
|move|p1a: Krookodile|Earthquake|p2a: Glimmora
|-supereffective|p2a: Glimmora
|-enditem|p2a: Glimmora|Focus Sash
|-damage|p2a: Glimmora|1/100
|-activate|p2a: Glimmora|ability: Toxic Debris
|-sidestart|p1: Purple Mamba|move: Toxic Spikes
|move|p2a: Glimmora|Stealth Rock|p1a: Krookodile
|-sidestart|p1: Purple Mamba|move: Stealth Rock
|
|upkeep
|turn|2
|
|t:|1743840421
|move|p2a: Glimmora|Spiky Shield|p2a: Glimmora
|-singleturn|p2a: Glimmora|move: Protect
|move|p1a: Krookodile|Earthquake|p2a: Glimmora
|-activate|p2a: Glimmora|move: Protect
|
|upkeep
|turn|3
|
|t:|1743840428
|move|p1a: Krookodile|Earthquake|p2a: Glimmora
|-supereffective|p2a: Glimmora
|-damage|p2a: Glimmora|0 fnt
|-activate|p2a: Glimmora|ability: Toxic Debris
|-sidestart|p1: Purple Mamba|move: Toxic Spikes
|faint|p2a: Glimmora
|
|upkeep
|
|t:|1743840440
|switch|p2a: Latias|Latias, F|100/100
|turn|4
|
|t:|1743840446
|move|p1a: Krookodile|Knock Off|p2a: Latias
|-supereffective|p2a: Latias
|-damage|p2a: Latias|6/100
|-enditem|p2a: Latias|Weakness Policy
|-boost|p2a: Latias|atk|2|[from] item: Weakness Policy
|-boost|p2a: Latias|spa|2|[from] item: Weakness Policy
|move|p2a: Latias|Agility|p2a: Latias
|-boost|p2a: Latias|spe|2
|
|upkeep
|turn|5
|
|t:|1743840462
|move|p2a: Latias|Aura Sphere|p1a: Krookodile
|-supereffective|p1a: Krookodile
|-enditem|p1a: Krookodile|Focus Sash
|-damage|p1a: Krookodile|1/100
|move|p1a: Krookodile|Knock Off|p2a: Latias
|-supereffective|p2a: Latias
|-damage|p2a: Latias|0 fnt
|faint|p2a: Latias
|
|upkeep
|
|t:|1743840468
|switch|p2a: Scizor|Scizor, F|100/100
|turn|6
|
|t:|1743840474
|move|p2a: Scizor|Bullet Punch|p1a: Krookodile
|-damage|p1a: Krookodile|0 fnt
|faint|p1a: Krookodile
|
|upkeep
|
|t:|1743840480
|switch|p1a: Torkoal|Torkoal, M|100/100
|-status|p1a: Torkoal|tox
|-damage|p1a: Torkoal|76/100 tox|[from] Stealth Rock
|-weather|SunnyDay|[from] ability: Drought|[of] p1a: Torkoal
|turn|7
|
|t:|1743840487
|move|p2a: Scizor|Knock Off|p1a: Torkoal
|-damage|p1a: Torkoal|56/100 tox
|-enditem|p1a: Torkoal|Heat Rock|[from] move: Knock Off|[of] p2a: Scizor
|move|p1a: Torkoal|Rapid Spin|p2a: Scizor
|-resisted|p2a: Scizor
|-damage|p2a: Scizor|96/100
|-boost|p1a: Torkoal|spe|1
|-sideend|p1: Purple Mamba|Toxic Spikes|[from] move: Rapid Spin|[of] p1a: Torkoal
|-sideend|p1: Purple Mamba|Stealth Rock|[from] move: Rapid Spin|[of] p1a: Torkoal
|
|-weather|SunnyDay|[upkeep]
|-heal|p2a: Scizor|100/100|[from] item: Leftovers
|-damage|p1a: Torkoal|50/100 tox|[from] psn
|upkeep
|turn|8
|
|t:|1743840501
|move|p2a: Scizor|Close Combat|p1a: Torkoal
|-damage|p1a: Torkoal|21/100 tox
|-unboost|p2a: Scizor|def|1
|-unboost|p2a: Scizor|spd|1
|move|p1a: Torkoal|Stealth Rock|p2a: Scizor
|-sidestart|p2: McBlicken|move: Stealth Rock
|
|-weather|SunnyDay|[upkeep]
|-damage|p1a: Torkoal|9/100 tox|[from] psn
|upkeep
|turn|9
|
|t:|1743840510
|move|p2a: Scizor|Bullet Punch|p1a: Torkoal
|-resisted|p1a: Torkoal
|-damage|p1a: Torkoal|0 fnt
|faint|p1a: Torkoal
|
|-weather|SunnyDay|[upkeep]
|upkeep
|
|t:|1743840517
|switch|p1a: Skeledirge|Skeledirge, F|100/100
|turn|10
|
|t:|1743840520
|move|p1a: Skeledirge|Torch Song|p2a: Scizor
|-supereffective|p2a: Scizor
|-damage|p2a: Scizor|0 fnt
|-boost|p1a: Skeledirge|spa|1
|faint|p2a: Scizor
|
|-weather|SunnyDay|[upkeep]
|upkeep
|
|t:|1743840525
|switch|p2a: Hoopa|Hoopa-Unbound|100/100
|-damage|p2a: Hoopa|88/100|[from] Stealth Rock
|turn|11
|
|t:|1743840531
|move|p2a: Hoopa|Trick|p1a: Skeledirge
|-activate|p2a: Hoopa|move: Trick|[of] p1a: Skeledirge
|-item|p1a: Skeledirge|Choice Scarf|[from] move: Trick
|-item|p2a: Hoopa|Leftovers|[from] move: Trick
|move|p1a: Skeledirge|Torch Song|p2a: Hoopa
|-damage|p2a: Hoopa|31/100
|-boost|p1a: Skeledirge|spa|1
|
|-weather|SunnyDay|[upkeep]
|-heal|p2a: Hoopa|37/100|[from] item: Leftovers
|upkeep
|turn|12
|
|t:|1743840541
|move|p2a: Hoopa|Destiny Bond|p2a: Hoopa
|-singlemove|p2a: Hoopa|Destiny Bond
|move|p1a: Skeledirge|Torch Song|p2a: Hoopa
|-damage|p2a: Hoopa|0 fnt
|-boost|p1a: Skeledirge|spa|1
|faint|p2a: Hoopa
|-activate|p2a: Hoopa|move: Destiny Bond
|faint|p1a: Skeledirge
|
|-weather|SunnyDay|[upkeep]
|upkeep
|
|t:|1743840554
|switch|p2a: Zamazenta|Zamazenta|100/100
|switch|p1a: Iron Valiant|Iron Valiant|100/100
|-damage|p2a: Zamazenta|94/100|[from] Stealth Rock
|-ability|p2a: Zamazenta|Dauntless Shield|boost
|-boost|p2a: Zamazenta|def|1
|-enditem|p1a: Iron Valiant|Booster Energy
|-activate|p1a: Iron Valiant|ability: Quark Drive|[fromitem]
|-start|p1a: Iron Valiant|quarkdrivespe
|turn|13
|
|t:|1743840564
|-terastallize|p2a: Zamazenta|Fire
|move|p1a: Iron Valiant|Moonblast|p2a: Zamazenta
|-resisted|p2a: Zamazenta
|-damage|p2a: Zamazenta|74/100
|-unboost|p2a: Zamazenta|spa|1
|move|p2a: Zamazenta|Iron Defense|p2a: Zamazenta
|-boost|p2a: Zamazenta|def|2
|
|-weather|SunnyDay|[upkeep]
|-heal|p2a: Zamazenta|81/100|[from] item: Leftovers
|upkeep
|turn|14
|
|t:|1743840578
|move|p1a: Iron Valiant|Calm Mind|p1a: Iron Valiant
|-boost|p1a: Iron Valiant|spa|1
|-boost|p1a: Iron Valiant|spd|1
|move|p2a: Zamazenta|Body Press|p1a: Iron Valiant
|-resisted|p1a: Iron Valiant
|-damage|p1a: Iron Valiant|51/100
|
|-weather|none
|-heal|p2a: Zamazenta|87/100|[from] item: Leftovers
|upkeep
|turn|15
|
|t:|1743840588
|move|p1a: Iron Valiant|Thunderbolt|p2a: Zamazenta
|-crit|p2a: Zamazenta
|-damage|p2a: Zamazenta|32/100
|move|p2a: Zamazenta|Body Press|p1a: Iron Valiant
|-resisted|p1a: Iron Valiant
|-damage|p1a: Iron Valiant|2/100
|
|-heal|p2a: Zamazenta|38/100|[from] item: Leftovers
|upkeep
|turn|16
|
|t:|1743840599
|-terastallize|p1a: Iron Valiant|Electric
|move|p1a: Iron Valiant|Thunderbolt|p2a: Zamazenta
|-damage|p2a: Zamazenta|0 fnt
|faint|p2a: Zamazenta
|
|upkeep
|
|t:|1743840602
|switch|p2a: Great Tusk|Great Tusk|100/100
|turn|17
|
|t:|1743840608
|move|p1a: Iron Valiant|Moonblast|p2a: Great Tusk
|-supereffective|p2a: Great Tusk
|-damage|p2a: Great Tusk|0 fnt
|faint|p2a: Great Tusk
|-end|p2a: Great Tusk|Protosynthesis|[silent]
|
|win|Purple Mamba
|raw|Purple Mamba's rating: 1271 &rarr; <strong>1297</strong><br />(+26 for winning)
|raw|McBlicken's rating: 1289 &rarr; <strong>1263</strong><br />(-26 for losing)
|l|☆McBlicken
|player|p2|
|l|☆Purple Mamba
|player|p1|
