|j|☆lklowxhn
|j|☆Hangfire
|t:|1743826134
|gametype|singles
|player|p1|lklowxhn|silver|1271
|player|p2|Hangfire|pokemonrangerf|1316
|teamsize|p1|6
|teamsize|p2|6
|gen|9
|tier|[Gen 9] OU
|rated|
|rule|HP Percentage Mod: HP is shown in percentages
|rule|Endless Battle Clause: Forcing endless battles is banned
|rule|Species Clause: Limit one of each Pokémon
|rule|OHKO Clause: OHKO moves are banned
|rule|Evasion Items Clause: Evasion items are banned
|rule|Evasion Moves Clause: Evasion moves are banned
|rule|Sleep Moves Clause: Sleep-inducing moves are banned
|clearpoke
|poke|p1|Pelipper, M|
|poke|p1|Scizor, F|
|poke|p1|Floatzel, F|
|poke|p1|Thundurus, M|
|poke|p1|Ludicolo, M|
|poke|p1|Landorus-Therian, M|
|poke|p2|Ting-Lu|
|poke|p2|Gliscor, F|
|poke|p2|Sinistcha|
|poke|p2|Keldeo|
|poke|p2|Tinkaton, F|
|poke|p2|Dragonite, F|
|teampreview
|inactive|Battle timer is ON: inactive players will automatically lose when time's up. (requested by lklowxhn)
|
|t:|1743826143
|start
|switch|p1a: 梦泪菇我错了✋😭✋|Pelipper, M|100/100
|switch|p2a: Dance Armstrong|Gliscor, F|100/100
|-weather|RainDance|[from] ability: Drizzle|[of] p1a: 梦泪菇我错了✋😭✋
|turn|1
|
|t:|1743826152
|move|p2a: Dance Armstrong|Protect|p2a: Dance Armstrong
|-singleturn|p2a: Dance Armstrong|Protect
|move|p1a: 梦泪菇我错了✋😭✋|U-turn|p2a: Dance Armstrong
|-activate|p2a: Dance Armstrong|move: Protect
|
|-weather|RainDance|[upkeep]
|-status|p2a: Dance Armstrong|tox|[from] item: Toxic Orb
|upkeep
|turn|2
|
|t:|1743826161
|switch|p2a: Tchavis Scott|Sinistcha|100/100
|move|p1a: 梦泪菇我错了✋😭✋|Weather Ball|p2a: Tchavis Scott
|-resisted|p2a: Tchavis Scott
|-damage|p2a: Tchavis Scott|59/100
|
|-weather|RainDance|[upkeep]
|upkeep
|turn|3
|
|t:|1743826170
|switch|p2a: Cuphead|Ting-Lu|100/100
|-ability|p2a: Cuphead|Vessel of Ruin
|move|p1a: 梦泪菇我错了✋😭✋|Hurricane|p2a: Cuphead
|-damage|p2a: Cuphead|78/100
|
|-weather|RainDance|[upkeep]
|-heal|p2a: Cuphead|84/100|[from] item: Leftovers
|upkeep
|turn|4
|
|t:|1743826177
|move|p1a: 梦泪菇我错了✋😭✋|Weather Ball|p2a: Cuphead
|-supereffective|p2a: Cuphead
|-damage|p2a: Cuphead|29/100
|move|p2a: Cuphead|Ruination|p1a: 梦泪菇我错了✋😭✋|[miss]
|-miss|p2a: Cuphead|p1a: 梦泪菇我错了✋😭✋
|
|-weather|RainDance|[upkeep]
|-heal|p2a: Cuphead|35/100|[from] item: Leftovers
|upkeep
|turn|5
|
|t:|1743826188
|switch|p2a: Secret Service|Dragonite, F|100/100
|move|p1a: 梦泪菇我错了✋😭✋|Weather Ball|p2a: Secret Service
|-resisted|p2a: Secret Service
|-damage|p2a: Secret Service|86/100
|
|-weather|RainDance|[upkeep]
|upkeep
|turn|6
|
|t:|1743826194
|move|p2a: Secret Service|Extreme Speed|p1a: 梦泪菇我错了✋😭✋
|-damage|p1a: 梦泪菇我错了✋😭✋|67/100
|move|p1a: 梦泪菇我错了✋😭✋|Ice Beam|p2a: Secret Service
|-supereffective|p2a: Secret Service
|-damage|p2a: Secret Service|0 fnt
|faint|p2a: Secret Service
|
|-weather|RainDance|[upkeep]
|upkeep
|
|t:|1743826201
|switch|p2a: Tinkki Minaj|Tinkaton, F|100/100
|-ability|p2a: Tinkki Minaj|Mold Breaker
|-item|p2a: Tinkki Minaj|Air Balloon
|turn|7
|
|t:|1743826209
|move|p2a: Tinkki Minaj|Thunder Wave|p1a: 梦泪菇我错了✋😭✋
|-status|p1a: 梦泪菇我错了✋😭✋|par
|move|p1a: 梦泪菇我错了✋😭✋|U-turn|p2a: Tinkki Minaj
|-resisted|p2a: Tinkki Minaj
|-damage|p2a: Tinkki Minaj|98/100
|-enditem|p2a: Tinkki Minaj|Air Balloon
|
|t:|1743826217
|switch|p1a: 喵|Landorus-Therian, M|100/100|[from] U-turn
|-ability|p1a: 喵|Intimidate|boost
|-unboost|p2a: Tinkki Minaj|atk|1
|
|-weather|RainDance|[upkeep]
|upkeep
|turn|8
|
|t:|1743826225
|switch|p2a: Tchavis Scott|Sinistcha|59/100
|move|p1a: 喵|Earthquake|p2a: Tchavis Scott
|-resisted|p2a: Tchavis Scott
|-damage|p2a: Tchavis Scott|36/100
|
|-weather|none
|upkeep
|turn|9
|
|t:|1743826232
|move|p1a: 喵|U-turn|p2a: Tchavis Scott
|-damage|p2a: Tchavis Scott|16/100
|
|t:|1743826235
|switch|p1a: 梦泪菇我错了✋😭✋|Pelipper, M|67/100 par|[from] U-turn
|-weather|RainDance|[from] ability: Drizzle|[of] p1a: 梦泪菇我错了✋😭✋
|move|p2a: Tchavis Scott|Strength Sap|p1a: 梦泪菇我错了✋😭✋
|-unboost|p1a: 梦泪菇我错了✋😭✋|atk|1
|-heal|p2a: Tchavis Scott|52/100
|
|-weather|RainDance|[upkeep]
|upkeep
|turn|10
|
|t:|1743826243
|-terastallize|p2a: Tchavis Scott|Poison
|move|p2a: Tchavis Scott|Strength Sap|p1a: 梦泪菇我错了✋😭✋
|-unboost|p1a: 梦泪菇我错了✋😭✋|atk|1
|-heal|p2a: Tchavis Scott|75/100
|move|p1a: 梦泪菇我错了✋😭✋|Hurricane|p2a: Tchavis Scott
|-damage|p2a: Tchavis Scott|11/100
|
|-weather|RainDance|[upkeep]
|upkeep
|turn|11
|
|t:|1743826256
|move|p2a: Tchavis Scott|Shadow Ball|p1a: 梦泪菇我错了✋😭✋
|-damage|p1a: 梦泪菇我错了✋😭✋|18/100 par
|move|p1a: 梦泪菇我错了✋😭✋|Weather Ball|p2a: Tchavis Scott
|-damage|p2a: Tchavis Scott|0 fnt
|faint|p2a: Tchavis Scott
|
|-weather|RainDance|[upkeep]
|upkeep
|
|t:|1743826261
|switch|p2a: My Little Pwny|Keldeo|100/100
|turn|12
|
|t:|1743826265
|switch|p1a: 哈哈哈哈哈哈哈哈哈哈|Ludicolo, M|100/100
|move|p2a: My Little Pwny|Surf|p1a: 哈哈哈哈哈哈哈哈哈哈
|-resisted|p1a: 哈哈哈哈哈哈哈哈哈哈
|-damage|p1a: 哈哈哈哈哈哈哈哈哈哈|82/100
|
|-weather|RainDance|[upkeep]
|upkeep
|turn|13
|
|t:|1743826272
|switch|p2a: Dance Armstrong|Gliscor, F|100/100 tox
|move|p1a: 哈哈哈哈哈哈哈哈哈哈|Giga Drain|p2a: Dance Armstrong
|-damage|p2a: Dance Armstrong|39/100 tox
|-heal|p1a: 哈哈哈哈哈哈哈哈哈哈|100/100|[from] drain|[of] p2a: Dance Armstrong
|
|-weather|RainDance|[upkeep]
|-heal|p2a: Dance Armstrong|52/100 tox|[from] ability: Poison Heal
|upkeep
|turn|14
|
|t:|1743826283
|move|p2a: Dance Armstrong|Protect|p2a: Dance Armstrong
|-singleturn|p2a: Dance Armstrong|Protect
|move|p1a: 哈哈哈哈哈哈哈哈哈哈|Giga Drain|p2a: Dance Armstrong
|-activate|p2a: Dance Armstrong|move: Protect
|
|-weather|RainDance|[upkeep]
|-heal|p2a: Dance Armstrong|64/100 tox|[from] ability: Poison Heal
|upkeep
|turn|15
|
|t:|1743826289
|move|p1a: 哈哈哈哈哈哈哈哈哈哈|Giga Drain|p2a: Dance Armstrong
|-damage|p2a: Dance Armstrong|0 fnt
|faint|p2a: Dance Armstrong
|
|-weather|RainDance|[upkeep]
|upkeep
|
|t:|1743826295
|switch|p2a: Tinkki Minaj|Tinkaton, F|98/100
|-ability|p2a: Tinkki Minaj|Mold Breaker
|turn|16
|-message|Hangfire forfeited.
|
|win|lklowxhn
|raw|lklowxhn's rating: 1271 &rarr; <strong>1299</strong><br />(+28 for winning)
|raw|Hangfire's rating: 1316 &rarr; <strong>1293</strong><br />(-23 for losing)
|l|☆Hangfire
|player|p2|
