|j|☆Javi1410
|j|☆awulartifact69
|t:|1743825615
|gametype|singles
|player|p1|Javi1410|101|1096
|player|p2|awulartifact69|ethan|1173
|teamsize|p1|6
|teamsize|p2|6
|gen|9
|tier|[Gen 9] OU
|rated|
|rule|HP Percentage Mod: HP is shown in percentages
|rule|Endless Battle Clause: Forcing endless battles is banned
|rule|Species Clause: Limit one of each Pokémon
|rule|OHKO Clause: OHKO moves are banned
|rule|Evasion Items Clause: Evasion items are banned
|rule|Evasion Moves Clause: Evasion moves are banned
|rule|Sleep Moves Clause: Sleep-inducing moves are banned
|clearpoke
|poke|p1|Pecharunt|
|poke|p1|Porygon2|
|poke|p1|Garchomp, F|
|poke|p1|Munkidori, M|
|poke|p1|Rotom-Heat|
|poke|p1|Rillaboom, M|
|poke|p2|Corviknight, M|
|poke|p2|Araquanid, M|
|poke|p2|Meowscarada, M|
|poke|p2|Great Tusk|
|poke|p2|Alomomola, M|
|poke|p2|Raging Bolt|
|teampreview
|inactive|Battle timer is ON: inactive players will automatically lose when time's up. (requested by awulartifact69)
|
|t:|1743825628
|start
|switch|p1a: Munkidori|Munkidori, M|100/100
|switch|p2a: Araquanid|Araquanid, M|100/100
|turn|1
|
|t:|1743825634
|move|p1a: Munkidori|U-turn|p2a: Araquanid
|-damage|p2a: Araquanid|88/100
|
|t:|1743825641
|switch|p1a: Pecharunt|Pecharunt|100/100|[from] U-turn
|move|p2a: Araquanid|Sticky Web|p1a: Pecharunt
|-sidestart|p1: Javi1410|move: Sticky Web
|
|upkeep
|turn|2
|
|t:|1743825653
|move|p1a: Pecharunt|Malignant Chain|p2a: Araquanid
|-damage|p2a: Araquanid|65/100
|-status|p2a: Araquanid|tox
|-start|p2a: Araquanid|confusion|[from] ability: Poison Puppeteer|[of] p1a: Pecharunt
|-activate|p2a: Araquanid|confusion
|move|p2a: Araquanid|Surf|p1a: Pecharunt
|-damage|p1a: Pecharunt|49/100
|
|-heal|p1a: Pecharunt|55/100|[from] item: Black Sludge
|-damage|p2a: Araquanid|59/100 tox|[from] psn
|upkeep
|turn|3
|
|t:|1743825666
|move|p1a: Pecharunt|Recover|p1a: Pecharunt
|-heal|p1a: Pecharunt|100/100
|-activate|p2a: Araquanid|confusion
|move|p2a: Araquanid|Surf|p1a: Pecharunt
|-damage|p1a: Pecharunt|50/100
|
|-heal|p1a: Pecharunt|56/100|[from] item: Black Sludge
|-damage|p2a: Araquanid|46/100 tox|[from] psn
|upkeep
|turn|4
|
|t:|1743825676
|move|p1a: Pecharunt|Recover|p1a: Pecharunt
|-heal|p1a: Pecharunt|100/100
|-activate|p2a: Araquanid|confusion
|-damage|p2a: Araquanid|41/100 tox|[from] confusion
|
|-damage|p2a: Araquanid|23/100 tox|[from] psn
|upkeep
|turn|5
|-enditem|p2a: Araquanid|Custap Berry|[eat]
|-activate|p2a: Araquanid|item: Custap Berry|[consumed]
|
|t:|1743825685
|-end|p2a: Araquanid|confusion
|move|p2a: Araquanid|Surf|p1a: Pecharunt
|-damage|p1a: Pecharunt|41/100
|move|p1a: Pecharunt|Parting Shot|p2a: Araquanid
|-unboost|p2a: Araquanid|atk|1
|-unboost|p2a: Araquanid|spa|1
|
|t:|1743825696
|switch|p1a: Rotom|Rotom-Heat|100/100|[from] Parting Shot
|
|-damage|p2a: Araquanid|0 fnt|[from] psn
|faint|p2a: Araquanid
|upkeep
|inactive|awulartifact69 has 120 seconds left.
|
|t:|1743825727
|switch|p2a: Meowscarada|Meowscarada, M, shiny|100/100
|turn|6
|
|t:|1743825733
|move|p2a: Meowscarada|U-turn|p1a: Rotom
|-start|p2a: Meowscarada|typechange|Bug|[from] ability: Protean
|-resisted|p1a: Rotom
|-damage|p1a: Rotom|66/100
|
|t:|1743825738
|switch|p2a: Great Tusk|Great Tusk, shiny|100/100|[from] U-turn
|move|p1a: Rotom|Volt Switch|p2a: Great Tusk
|-immune|p2a: Great Tusk
|
|-heal|p1a: Rotom|72/100|[from] item: Leftovers
|upkeep
|turn|7
|
|t:|1743825747
|move|p2a: Great Tusk|Stealth Rock|p1a: Rotom
|-sidestart|p1: Javi1410|move: Stealth Rock
|move|p1a: Rotom|Will-O-Wisp|p2a: Great Tusk
|-status|p2a: Great Tusk|brn
|
|-heal|p1a: Rotom|78/100|[from] item: Leftovers
|-damage|p2a: Great Tusk|94/100 brn|[from] brn
|upkeep
|turn|8
|
|t:|1743825757
|switch|p1a: Pecharunt|Pecharunt|41/100
|-activate|p1a: Pecharunt|move: Sticky Web
|-unboost|p1a: Pecharunt|spe|1
|-damage|p1a: Pecharunt|29/100|[from] Stealth Rock
|move|p2a: Great Tusk|Rapid Spin|p1a: Pecharunt
|-immune|p1a: Pecharunt
|
|-heal|p1a: Pecharunt|35/100|[from] item: Black Sludge
|-damage|p2a: Great Tusk|88/100 brn|[from] brn
|upkeep
|turn|9
|
|t:|1743825769
|move|p2a: Great Tusk|Headlong Rush|p1a: Pecharunt
|-supereffective|p1a: Pecharunt
|-damage|p1a: Pecharunt|7/100
|-unboost|p2a: Great Tusk|def|1
|-unboost|p2a: Great Tusk|spd|1
|move|p1a: Pecharunt|Recover|p1a: Pecharunt
|-heal|p1a: Pecharunt|57/100
|
|-heal|p1a: Pecharunt|63/100|[from] item: Black Sludge
|-damage|p2a: Great Tusk|82/100 brn|[from] brn
|upkeep
|turn|10
|
|t:|1743825788
|move|p2a: Great Tusk|Headlong Rush|p1a: Pecharunt
|-supereffective|p1a: Pecharunt
|-damage|p1a: Pecharunt|33/100
|-unboost|p2a: Great Tusk|def|1
|-unboost|p2a: Great Tusk|spd|1
|move|p1a: Pecharunt|Recover|p1a: Pecharunt
|-heal|p1a: Pecharunt|83/100
|
|-heal|p1a: Pecharunt|89/100|[from] item: Black Sludge
|-damage|p2a: Great Tusk|76/100 brn|[from] brn
|upkeep
|turn|11
|
|t:|1743825809
|-end|p2a: Great Tusk|Protosynthesis|[silent]
|switch|p2a: Corviknight|Corviknight, M, shiny|100/100
|move|p1a: Pecharunt|Malignant Chain|p2a: Corviknight
|-immune|p2a: Corviknight
|
|-heal|p1a: Pecharunt|95/100|[from] item: Black Sludge
|upkeep
|turn|12
|
|t:|1743825819
|move|p2a: Corviknight|Brave Bird|p1a: Pecharunt
|-damage|p1a: Pecharunt|77/100
|-damage|p2a: Corviknight|95/100|[from] Recoil
|move|p1a: Pecharunt|Mean Look|p2a: Corviknight
|-activate|p2a: Corviknight|trapped
|
|-heal|p2a: Corviknight|100/100|[from] item: Leftovers
|-heal|p1a: Pecharunt|83/100|[from] item: Black Sludge
|upkeep
|turn|13
|
|t:|1743825828
|move|p2a: Corviknight|Brave Bird|p1a: Pecharunt
|-damage|p1a: Pecharunt|64/100
|-damage|p2a: Corviknight|95/100|[from] Recoil
|move|p1a: Pecharunt|Parting Shot|p2a: Corviknight
|-ability|p2a: Corviknight|Mirror Armor
|-unboost|p1a: Pecharunt|atk|1
|-ability|p2a: Corviknight|Mirror Armor
|-unboost|p1a: Pecharunt|spa|1
|
|t:|1743825840
|switch|p1a: Rotom|Rotom-Heat|78/100|[from] Parting Shot
|-damage|p1a: Rotom|53/100|[from] Stealth Rock
|
|-heal|p1a: Rotom|59/100|[from] item: Leftovers
|-heal|p2a: Corviknight|100/100|[from] item: Leftovers
|upkeep
|turn|14
|
|t:|1743825850
|switch|p2a: Great Tusk|Great Tusk, shiny|76/100 brn
|move|p1a: Rotom|Overheat|p2a: Great Tusk
|-damage|p2a: Great Tusk|0 fnt
|-unboost|p1a: Rotom|spa|2
|faint|p2a: Great Tusk
|-end|p2a: Great Tusk|Protosynthesis|[silent]
|
|-heal|p1a: Rotom|66/100|[from] item: Leftovers
|upkeep
|
|t:|1743825865
|switch|p2a: Meowscarada|Meowscarada, M, shiny|100/100
|turn|15
|
|t:|1743825872
|switch|p1a: Pecharunt|Pecharunt|64/100
|-activate|p1a: Pecharunt|move: Sticky Web
|-unboost|p1a: Pecharunt|spe|1
|-damage|p1a: Pecharunt|52/100|[from] Stealth Rock
|move|p2a: Meowscarada|Knock Off|p1a: Pecharunt
|-start|p2a: Meowscarada|typechange|Dark|[from] ability: Protean
|-supereffective|p1a: Pecharunt
|-damage|p1a: Pecharunt|0 fnt
|-enditem|p1a: Pecharunt|Black Sludge|[from] move: Knock Off|[of] p2a: Meowscarada
|faint|p1a: Pecharunt
|
|upkeep
|inactive|Javi1410 has 120 seconds left.
|
|t:|1743825910
|switch|p1a: Rillaboom|Rillaboom, M|100/100
|-activate|p1a: Rillaboom|move: Sticky Web
|-unboost|p1a: Rillaboom|spe|1
|-damage|p1a: Rillaboom|88/100|[from] Stealth Rock
|-fieldstart|move: Grassy Terrain|[from] ability: Grassy Surge|[of] p1a: Rillaboom
|turn|16
|inactive|Javi1410 has 120 seconds left.
|
|t:|1743825924
|switch|p2a: Corviknight|Corviknight, M, shiny|100/100
|move|p1a: Rillaboom|Grassy Glide|p2a: Corviknight
|-resisted|p2a: Corviknight
|-damage|p2a: Corviknight|94/100
|
|-heal|p2a: Corviknight|99/100|[from] item: Leftovers
|-heal|p1a: Rillaboom|94/100|[from] Grassy Terrain
|upkeep
|turn|17
|inactive|Javi1410 has 120 seconds left.
|
|t:|1743825940
|move|p2a: Corviknight|U-turn|p1a: Rillaboom
|-supereffective|p1a: Rillaboom
|-damage|p1a: Rillaboom|70/100
|
|t:|1743825943
|switch|p2a: Raging Bolt|Raging Bolt|100/100|[from] U-turn
|-enditem|p2a: Raging Bolt|Booster Energy
|-activate|p2a: Raging Bolt|ability: Protosynthesis|[fromitem]
|-start|p2a: Raging Bolt|protosynthesisspa
|move|p1a: Rillaboom|Knock Off|p2a: Raging Bolt
|-damage|p2a: Raging Bolt|79/100
|
|-heal|p2a: Raging Bolt|85/100|[from] Grassy Terrain
|-heal|p1a: Rillaboom|76/100|[from] Grassy Terrain
|upkeep
|turn|18
|inactive|Javi1410 has 120 seconds left.
|
|t:|1743825956
|move|p1a: Rillaboom|Grassy Glide|p2a: Raging Bolt
|-resisted|p2a: Raging Bolt
|-damage|p2a: Raging Bolt|71/100
|move|p2a: Raging Bolt|Calm Mind|p2a: Raging Bolt
|-boost|p2a: Raging Bolt|spa|1
|-boost|p2a: Raging Bolt|spd|1
|
|-heal|p2a: Raging Bolt|77/100|[from] Grassy Terrain
|-heal|p1a: Rillaboom|82/100|[from] Grassy Terrain
|upkeep
|turn|19
|inactive|Javi1410 has 120 seconds left.
|
|t:|1743825967
|move|p2a: Raging Bolt|Calm Mind|p2a: Raging Bolt
|-boost|p2a: Raging Bolt|spa|1
|-boost|p2a: Raging Bolt|spd|1
|move|p1a: Rillaboom|Drain Punch|p2a: Raging Bolt
|-damage|p2a: Raging Bolt|53/100
|-heal|p1a: Rillaboom|96/100|[from] drain|[of] p2a: Raging Bolt
|
|-heal|p2a: Raging Bolt|59/100|[from] Grassy Terrain
|-heal|p1a: Rillaboom|100/100|[from] Grassy Terrain
|upkeep
|turn|20
|inactive|Javi1410 has 120 seconds left.
|
|t:|1743825995
|switch|p1a: Rotom|Rotom-Heat|66/100
|-damage|p1a: Rotom|41/100|[from] Stealth Rock
|move|p2a: Raging Bolt|Calm Mind|p2a: Raging Bolt
|-boost|p2a: Raging Bolt|spa|1
|-boost|p2a: Raging Bolt|spd|1
|
|-heal|p1a: Rotom|47/100|[from] item: Leftovers
|-heal|p2a: Raging Bolt|65/100|[from] Grassy Terrain
|-fieldend|move: Grassy Terrain
|upkeep
|turn|21
|inactive|Javi1410 has 120 seconds left.
|inactive|awulartifact69 has 120 seconds left.
|
|t:|1743826016
|move|p1a: Rotom|Overheat|p2a: Raging Bolt
|-resisted|p2a: Raging Bolt
|-damage|p2a: Raging Bolt|54/100
|-unboost|p1a: Rotom|spa|2
|move|p2a: Raging Bolt|Thunderbolt|p1a: Rotom
|-resisted|p1a: Rotom
|-damage|p1a: Rotom|0 fnt
|faint|p1a: Rotom
|
|upkeep
|inactive|Javi1410 has 120 seconds left.
|
|t:|1743826032
|switch|p1a: Munkidori|Munkidori, M|100/100
|-activate|p1a: Munkidori|move: Sticky Web
|-unboost|p1a: Munkidori|spe|1
|-damage|p1a: Munkidori|88/100|[from] Stealth Rock
|turn|22
|inactive|awulartifact69 has 120 seconds left.
|
|t:|1743826053
|move|p2a: Raging Bolt|Thunderclap|p1a: Munkidori
|-crit|p1a: Munkidori
|-damage|p1a: Munkidori|0 fnt
|faint|p1a: Munkidori
|
|upkeep
|
|t:|1743826058
|switch|p1a: Garchomp|Garchomp, F|100/100
|-activate|p1a: Garchomp|move: Sticky Web
|-unboost|p1a: Garchomp|spe|1
|-damage|p1a: Garchomp|94/100|[from] Stealth Rock
|turn|23
|inactive|awulartifact69 has 120 seconds left.
|inactive|Javi1410 has 120 seconds left.
|
|t:|1743826072
|-terastallize|p1a: Garchomp|Steel
|move|p1a: Garchomp|Earthquake|p2a: Raging Bolt
|-supereffective|p2a: Raging Bolt
|-damage|p2a: Raging Bolt|0 fnt
|faint|p2a: Raging Bolt
|-end|p2a: Raging Bolt|Protosynthesis|[silent]
|-damage|p1a: Garchomp|85/100|[from] item: Life Orb
|
|upkeep
|inactive|awulartifact69 has 120 seconds left.
|
|t:|1743826079
|switch|p2a: Alomomola|Alomomola, M|100/100
|turn|24
|
|t:|1743826084
|move|p1a: Garchomp|Outrage|p2a: Alomomola
|-damage|p2a: Alomomola|54/100
|-damage|p1a: Garchomp|68/100|[from] item: Rocky Helmet|[of] p2a: Alomomola
|-damage|p1a: Garchomp|58/100|[from] item: Life Orb
|move|p2a: Alomomola|Scald|p1a: Garchomp
|-damage|p1a: Garchomp|41/100
|
|upkeep
|turn|25
|
|t:|1743826093
|move|p1a: Garchomp|Outrage|p2a: Alomomola|[from] lockedmove
|-damage|p2a: Alomomola|12/100
|-damage|p1a: Garchomp|24/100|[from] item: Rocky Helmet|[of] p2a: Alomomola
|-damage|p1a: Garchomp|14/100|[from] item: Life Orb
|move|p2a: Alomomola|Wish|p2a: Alomomola
|
|upkeep
|turn|26
|
|t:|1743826101
|move|p2a: Alomomola|Protect|p2a: Alomomola
|-singleturn|p2a: Alomomola|Protect
|move|p1a: Garchomp|Outrage|p2a: Alomomola|[from] lockedmove
|-activate|p2a: Alomomola|move: Protect
|-start|p1a: Garchomp|confusion|[fatigue]
|
|-heal|p2a: Alomomola|62/100|[from] move: Wish|[wisher] Alomomola
|upkeep
|turn|27
|
|t:|1743826115
|-activate|p1a: Garchomp|confusion
|move|p1a: Garchomp|Outrage|p2a: Alomomola
|-damage|p2a: Alomomola|20/100
|-damage|p1a: Garchomp|0 fnt|[from] item: Rocky Helmet|[of] p2a: Alomomola
|faint|p1a: Garchomp
|move|p2a: Alomomola|Scald|p1: Garchomp|[notarget]
|-fail|p2a: Alomomola
|
|upkeep
|
|t:|1743826123
|switch|p1a: Rillaboom|Rillaboom, M|100/100
|-activate|p1a: Rillaboom|move: Sticky Web
|-unboost|p1a: Rillaboom|spe|1
|-damage|p1a: Rillaboom|88/100|[from] Stealth Rock
|-fieldstart|move: Grassy Terrain|[from] ability: Grassy Surge|[of] p1a: Rillaboom
|turn|28
|
|t:|1743826131
|switch|p2a: Corviknight|Corviknight, M, shiny|99/100
|move|p1a: Rillaboom|Grassy Glide|p2a: Corviknight
|-resisted|p2a: Corviknight
|-damage|p2a: Corviknight|94/100
|
|-heal|p2a: Corviknight|99/100|[from] item: Leftovers
|-heal|p1a: Rillaboom|94/100|[from] Grassy Terrain
|upkeep
|turn|29
|l|☆Javi1410
|inactive|Javi1410 disconnected and has a minute to reconnect!
|player|p1|
|j|☆Javi1410
|inactive|Javi1410 reconnected and has 115 seconds left.
|player|p1|Javi1410|101|
|
|t:|1743826177
|move|p2a: Corviknight|Brave Bird|p1a: Rillaboom
|-supereffective|p1a: Rillaboom
|-damage|p1a: Rillaboom|31/100
|-damage|p2a: Corviknight|80/100|[from] Recoil
|move|p1a: Rillaboom|Knock Off|p2a: Corviknight
|-damage|p2a: Corviknight|57/100
|-enditem|p2a: Corviknight|Leftovers|[from] move: Knock Off|[of] p1a: Rillaboom
|
|-heal|p1a: Rillaboom|37/100|[from] Grassy Terrain
|upkeep
|turn|30
|-message|Javi1410 forfeited.
|
|win|awulartifact69
|raw|Javi1410's rating: 1096 &rarr; <strong>1077</strong><br />(-19 for losing)
|raw|awulartifact69's rating: 1173 &rarr; <strong>1193</strong><br />(+20 for winning)
|l|☆Javi1410
|player|p1|
|l|☆awulartifact69
|player|p2|
