|j|☆nobody2712
|j|☆TheLaggyOwl
|t:|1743926645
|gametype|singles
|player|p1|nobody2712|elesa|1200
|player|p2|TheLaggyOwl|veteran|1194
|teamsize|p1|6
|teamsize|p2|6
|gen|9
|tier|[Gen 9] OU
|rated|
|rule|HP Percentage Mod: HP is shown in percentages
|rule|Endless Battle Clause: Forcing endless battles is banned
|rule|Species Clause: Limit one of each Pokémon
|rule|OHKO Clause: OHKO moves are banned
|rule|Evasion Items Clause: Evasion items are banned
|rule|Evasion Moves Clause: Evasion moves are banned
|rule|Sleep Moves Clause: Sleep-inducing moves are banned
|clearpoke
|poke|p1|Kingambit, M|
|poke|p1|Great Tusk|
|poke|p1|Dragapult, M|
|poke|p1|Primarina, F|
|poke|p1|Iron Valiant|
|poke|p1|Gholdengo|
|poke|p2|Haxorus, M|
|poke|p2|Dusclops, M|
|poke|p2|Chesnaught, M|
|poke|p2|Weavile, F|
|poke|p2|Cinccino, F|
|poke|p2|Latias, F|
|teampreview
|inactive|Battle timer is ON: inactive players will automatically lose when time's up. (requested by nobody2712)
|
|t:|1743926655
|start
|switch|p1a: Iron Valiant|Iron Valiant|100/100
|switch|p2a: Weavile|Weavile, F|100/100
|-ability|p2a: Weavile|Pressure
|-enditem|p1a: Iron Valiant|Booster Energy
|-activate|p1a: Iron Valiant|ability: Quark Drive|[fromitem]
|-start|p1a: Iron Valiant|quarkdrivespe
|turn|1
|
|t:|1743926667
|-end|p1a: Iron Valiant|Quark Drive|[silent]
|switch|p1a: Primarina|Primarina, F|100/100
|move|p2a: Weavile|Hone Claws|p2a: Weavile
|-boost|p2a: Weavile|atk|1
|-boost|p2a: Weavile|accuracy|1
|
|upkeep
|turn|2
|
|t:|1743926672
|move|p2a: Weavile|Knock Off|p1a: Primarina
|-resisted|p1a: Primarina
|-damage|p1a: Primarina|60/100
|-enditem|p1a: Primarina|Leftovers|[from] move: Knock Off|[of] p2a: Weavile
|move|p1a: Primarina|Calm Mind|p1a: Primarina
|-boost|p1a: Primarina|spa|1
|-boost|p1a: Primarina|spd|1
|
|upkeep
|turn|3
|
|t:|1743926677
|move|p2a: Weavile|Triple Axel|p1a: Primarina
|-resisted|p1a: Primarina
|-damage|p1a: Primarina|50/100
|-resisted|p1a: Primarina
|-crit|p1a: Primarina
|-damage|p1a: Primarina|26/100
|-resisted|p1a: Primarina
|-damage|p1a: Primarina|0 fnt
|faint|p1a: Primarina
|-hitcount|p1: Primarina|3
|
|upkeep
|
|t:|1743926686
|switch|p1a: Dragapult|Dragapult, M, shiny|100/100
|turn|4
|
|t:|1743926694
|move|p1a: Dragapult|U-turn|p2a: Weavile
|-supereffective|p2a: Weavile
|-damage|p2a: Weavile|24/100
|
|t:|1743926697
|switch|p1a: Gholdengo|Gholdengo|100/100|[from] U-turn
|move|p2a: Weavile|Triple Axel|p1a: Gholdengo
|-resisted|p1a: Gholdengo
|-damage|p1a: Gholdengo|92/100
|-resisted|p1a: Gholdengo
|-damage|p1a: Gholdengo|74/100
|-resisted|p1a: Gholdengo
|-crit|p1a: Gholdengo
|-damage|p1a: Gholdengo|35/100
|-hitcount|p1a: Gholdengo|3
|
|upkeep
|turn|5
|
|t:|1743926706
|move|p2a: Weavile|Knock Off|p1a: Gholdengo
|-supereffective|p1a: Gholdengo
|-damage|p1a: Gholdengo|0 fnt
|-enditem|p1a: Gholdengo|Custap Berry|[from] move: Knock Off|[of] p2a: Weavile
|faint|p1a: Gholdengo
|
|upkeep
|
|t:|1743926713
|switch|p1a: Dragapult|Dragapult, M, shiny|100/100
|turn|6
|
|t:|1743926717
|move|p2a: Weavile|Ice Shard|p1a: Dragapult
|-supereffective|p1a: Dragapult
|-damage|p1a: Dragapult|25/100
|move|p1a: Dragapult|U-turn|p2a: Weavile
|-supereffective|p2a: Weavile
|-damage|p2a: Weavile|0 fnt
|faint|p2a: Weavile
|inactive|nobody2712 has 120 seconds left.
|
|t:|1743926770
|switch|p1a: Great Tusk|Great Tusk|100/100|[from] U-turn
|
|upkeep
|
|t:|1743926781
|switch|p2a: Chesnaught|Chesnaught, M, shiny|100/100
|turn|7
|
|t:|1743926784
|move|p1a: Great Tusk|Play Rough|p2a: Chesnaught
|-supereffective|p2a: Chesnaught
|-damage|p2a: Chesnaught|62/100
|-unboost|p2a: Chesnaught|atk|1
|move|p2a: Chesnaught|Leech Seed|p1a: Great Tusk
|-start|p1a: Great Tusk|move: Leech Seed
|
|-heal|p2a: Chesnaught|68/100|[from] item: Leftovers
|-damage|p1a: Great Tusk|88/100|[from] Leech Seed|[of] p2a: Chesnaught
|-heal|p2a: Chesnaught|82/100|[silent]
|upkeep
|turn|8
|inactive|nobody2712 has 120 seconds left.
|
|t:|1743926793
|move|p2a: Chesnaught|Spiky Shield|p2a: Chesnaught
|-singleturn|p2a: Chesnaught|move: Protect
|move|p1a: Great Tusk|Rapid Spin|p2a: Chesnaught
|-activate|p2a: Chesnaught|move: Protect
|-damage|p1a: Great Tusk|76/100|[from] Spiky Shield|[of] p2a: Chesnaught
|
|-heal|p2a: Chesnaught|88/100|[from] item: Leftovers
|-damage|p1a: Great Tusk|63/100|[from] Leech Seed|[of] p2a: Chesnaught
|-heal|p2a: Chesnaught|100/100|[silent]
|upkeep
|turn|9
|
|t:|1743926801
|move|p1a: Great Tusk|Rapid Spin|p2a: Chesnaught
|-damage|p2a: Chesnaught|89/100
|-boost|p1a: Great Tusk|spe|1
|-end|p1a: Great Tusk|Leech Seed|[from] move: Rapid Spin|[of] p1a: Great Tusk
|move|p2a: Chesnaught|Drain Punch|p1a: Great Tusk
|-damage|p1a: Great Tusk|53/100
|-heal|p2a: Chesnaught|95/100|[from] drain|[of] p1a: Great Tusk
|
|-heal|p2a: Chesnaught|100/100|[from] item: Leftovers
|upkeep
|turn|10
|
|t:|1743926815
|move|p1a: Great Tusk|Play Rough|p2a: Chesnaught
|-supereffective|p2a: Chesnaught
|-damage|p2a: Chesnaught|59/100
|move|p2a: Chesnaught|Leech Seed|p1a: Great Tusk
|-start|p1a: Great Tusk|move: Leech Seed
|
|-heal|p2a: Chesnaught|65/100|[from] item: Leftovers
|-damage|p1a: Great Tusk|40/100|[from] Leech Seed|[of] p2a: Chesnaught
|-heal|p2a: Chesnaught|80/100|[silent]
|upkeep
|turn|11
|
|t:|1743926823
|move|p1a: Great Tusk|Earthquake|p2a: Chesnaught
|-resisted|p2a: Chesnaught
|-damage|p2a: Chesnaught|63/100
|move|p2a: Chesnaught|Earthquake|p1a: Great Tusk
|-damage|p1a: Great Tusk|30/100
|
|-heal|p2a: Chesnaught|69/100|[from] item: Leftovers
|-damage|p1a: Great Tusk|17/100|[from] Leech Seed|[of] p2a: Chesnaught
|-heal|p2a: Chesnaught|83/100|[silent]
|upkeep
|turn|12
|
|t:|1743926832
|move|p2a: Chesnaught|Spiky Shield|p2a: Chesnaught
|-singleturn|p2a: Chesnaught|move: Protect
|move|p1a: Great Tusk|Rapid Spin|p2a: Chesnaught
|-activate|p2a: Chesnaught|move: Protect
|-damage|p1a: Great Tusk|5/100|[from] Spiky Shield|[of] p2a: Chesnaught
|
|-heal|p2a: Chesnaught|89/100|[from] item: Leftovers
|-damage|p1a: Great Tusk|0 fnt|[from] Leech Seed|[of] p2a: Chesnaught
|-heal|p2a: Chesnaught|94/100|[silent]
|faint|p1a: Great Tusk
|-end|p1a: Great Tusk|Protosynthesis|[silent]
|upkeep
|
|t:|1743926835
|switch|p1a: Dragapult|Dragapult, M, shiny|25/100
|turn|13
|
|t:|1743926845
|move|p1a: Dragapult|Dragon Darts|p2a: Chesnaught
|-damage|p2a: Chesnaught|80/100
|-anim|p1a: Dragapult|Dragon Darts|p2a: Chesnaught
|-damage|p2a: Chesnaught|66/100
|move|p2a: Chesnaught|Leech Seed|p1a: Dragapult
|-start|p1a: Dragapult|move: Leech Seed
|
|-heal|p2a: Chesnaught|72/100|[from] item: Leftovers
|-damage|p1a: Dragapult|12/100|[from] Leech Seed|[of] p2a: Chesnaught
|-heal|p2a: Chesnaught|82/100|[silent]
|upkeep
|turn|14
|
|t:|1743926854
|move|p1a: Dragapult|Dragon Darts|p2a: Chesnaught
|-damage|p2a: Chesnaught|68/100
|-anim|p1a: Dragapult|Dragon Darts|p2a: Chesnaught
|-damage|p2a: Chesnaught|54/100
|move|p2a: Chesnaught|Earthquake|p1a: Dragapult
|-damage|p1a: Dragapult|0 fnt
|faint|p1a: Dragapult
|
|-heal|p2a: Chesnaught|60/100|[from] item: Leftovers
|upkeep
|
|t:|1743926860
|switch|p1a: Iron Valiant|Iron Valiant|100/100
|turn|15
|
|t:|1743926868
|-terastallize|p2a: Chesnaught|Steel
|move|p1a: Iron Valiant|Swords Dance|p1a: Iron Valiant
|-boost|p1a: Iron Valiant|atk|2
|move|p2a: Chesnaught|Leech Seed|p1a: Iron Valiant
|-start|p1a: Iron Valiant|move: Leech Seed
|
|-heal|p2a: Chesnaught|66/100|[from] item: Leftovers
|-damage|p1a: Iron Valiant|88/100|[from] Leech Seed|[of] p2a: Chesnaught
|-heal|p2a: Chesnaught|75/100|[silent]
|upkeep
|turn|16
|
|t:|1743926880
|move|p1a: Iron Valiant|Swords Dance|p1a: Iron Valiant
|-boost|p1a: Iron Valiant|atk|2
|move|p2a: Chesnaught|Earthquake|p1a: Iron Valiant
|-damage|p1a: Iron Valiant|68/100
|
|-heal|p2a: Chesnaught|82/100|[from] item: Leftovers
|-damage|p1a: Iron Valiant|55/100|[from] Leech Seed|[of] p2a: Chesnaught
|-heal|p2a: Chesnaught|91/100|[silent]
|upkeep
|turn|17
|
|t:|1743926884
|move|p2a: Chesnaught|Spiky Shield|p2a: Chesnaught
|-singleturn|p2a: Chesnaught|move: Protect
|move|p1a: Iron Valiant|Shadow Sneak|p2a: Chesnaught
|-activate|p2a: Chesnaught|move: Protect
|-damage|p1a: Iron Valiant|43/100|[from] Spiky Shield|[of] p2a: Chesnaught
|
|-heal|p2a: Chesnaught|97/100|[from] item: Leftovers
|-damage|p1a: Iron Valiant|30/100|[from] Leech Seed|[of] p2a: Chesnaught
|-heal|p2a: Chesnaught|100/100|[silent]
|upkeep
|turn|18
|
|t:|1743926891
|move|p1a: Iron Valiant|Shadow Sneak|p2a: Chesnaught
|-damage|p2a: Chesnaught|78/100
|move|p2a: Chesnaught|Earthquake|p1a: Iron Valiant
|-damage|p1a: Iron Valiant|9/100
|
|-heal|p2a: Chesnaught|84/100|[from] item: Leftovers
|-damage|p1a: Iron Valiant|0 fnt|[from] Leech Seed|[of] p2a: Chesnaught
|-heal|p2a: Chesnaught|90/100|[silent]
|faint|p1a: Iron Valiant
|-end|p1a: Iron Valiant|Quark Drive|[silent]
|upkeep
|
|t:|1743926896
|switch|p1a: Kingambit|Kingambit, M|100/100
|-activate|p1a: Kingambit|ability: Supreme Overlord
|-start|p1a: Kingambit|fallen5|[silent]
|turn|19
|
|t:|1743926902
|-terastallize|p1a: Kingambit|Ghost
|move|p2a: Chesnaught|Drain Punch|p1a: Kingambit
|-immune|p1a: Kingambit
|move|p1a: Kingambit|Swords Dance|p1a: Kingambit
|-boost|p1a: Kingambit|atk|2
|
|-heal|p2a: Chesnaught|96/100|[from] item: Leftovers
|upkeep
|turn|20
|
|t:|1743926910
|move|p1a: Kingambit|Sucker Punch||[still]
|-fail|p1a: Kingambit
|move|p2a: Chesnaught|Leech Seed|p1a: Kingambit|[miss]
|-miss|p2a: Chesnaught|p1a: Kingambit
|
|-heal|p2a: Chesnaught|100/100|[from] item: Leftovers
|upkeep
|turn|21
|
|t:|1743926915
|move|p2a: Chesnaught|Leech Seed|p1a: Kingambit
|-start|p1a: Kingambit|move: Leech Seed
|move|p1a: Kingambit|Kowtow Cleave|p2a: Chesnaught
|-damage|p2a: Chesnaught|22/100
|
|-heal|p2a: Chesnaught|28/100|[from] item: Leftovers
|-damage|p1a: Kingambit|88/100|[from] Leech Seed|[of] p2a: Chesnaught
|-heal|p2a: Chesnaught|42/100|[silent]
|upkeep
|turn|22
|
|t:|1743926922
|move|p2a: Chesnaught|Spiky Shield|p2a: Chesnaught
|-singleturn|p2a: Chesnaught|move: Protect
|move|p1a: Kingambit|Swords Dance|p1a: Kingambit
|-boost|p1a: Kingambit|atk|2
|
|-heal|p2a: Chesnaught|48/100|[from] item: Leftovers
|-heal|p1a: Kingambit|94/100|[from] item: Leftovers
|-damage|p1a: Kingambit|82/100|[from] Leech Seed|[of] p2a: Chesnaught
|-heal|p2a: Chesnaught|61/100|[silent]
|upkeep
|turn|23
|
|t:|1743926927
|move|p2a: Chesnaught|Earthquake|p1a: Kingambit
|-damage|p1a: Kingambit|70/100
|move|p1a: Kingambit|Kowtow Cleave|p2a: Chesnaught
|-crit|p2a: Chesnaught
|-damage|p2a: Chesnaught|0 fnt
|faint|p2a: Chesnaught
|
|-heal|p1a: Kingambit|76/100|[from] item: Leftovers
|upkeep
|c|☆TheLaggyOwl|we got a boss battle
|
|t:|1743926946
|switch|p2a: Cinccino|Cinccino, F|100/100
|turn|24
|
|t:|1743926973
|move|p1a: Kingambit|Sucker Punch|p2a: Cinccino
|-enditem|p2a: Cinccino|Focus Sash
|-damage|p2a: Cinccino|1/100
|move|p2a: Cinccino|Knock Off|p1a: Kingambit
|-supereffective|p1a: Kingambit
|-crit|p1a: Kingambit
|-damage|p1a: Kingambit|19/100
|-enditem|p1a: Kingambit|Leftovers|[from] move: Knock Off|[of] p2a: Cinccino
|
|-damage|p1a: Kingambit|7/100|[from] Leech Seed|[of] p2a: Cinccino
|-heal|p2a: Cinccino|18/100|[silent]
|upkeep
|turn|25
|
|t:|1743926983
|move|p1a: Kingambit|Sucker Punch||[still]
|-fail|p1a: Kingambit
|move|p2a: Cinccino|Tidy Up|p2a: Cinccino
|-boost|p2a: Cinccino|atk|1
|-boost|p2a: Cinccino|spe|1
|
|-damage|p1a: Kingambit|0 fnt|[from] Leech Seed|[of] p2a: Cinccino
|-heal|p2a: Cinccino|27/100|[silent]
|faint|p1a: Kingambit
|-end|p1a: Kingambit|fallen5|[silent]
|
|win|TheLaggyOwl
|raw|nobody2712's rating: 1200 &rarr; <strong>1175</strong><br />(-25 for losing)
|raw|TheLaggyOwl's rating: 1194 &rarr; <strong>1219</strong><br />(+25 for winning)
|c|☆nobody2712|it is a phycological battke
|c|☆nobody2712|i lost
|c|☆nobody2712|gg
|c|☆TheLaggyOwl|gg
|l|☆nobody2712
|player|p1|
|l|☆TheLaggyOwl
|player|p2|
