|j|☆eduardoprior
|j|☆jucoxdeluxe
|t:|1743903918
|gametype|singles
|player|p1|eduardoprior|101|1050
|player|p2|jucoxdeluxe|rocketgrunt|1074
|teamsize|p1|6
|teamsize|p2|6
|gen|9
|tier|[Gen 9] OU
|rated|
|rule|HP Percentage Mod: HP is shown in percentages
|rule|Endless Battle Clause: Forcing endless battles is banned
|rule|Species Clause: Limit one of each Pokémon
|rule|OHKO Clause: OHKO moves are banned
|rule|Evasion Items Clause: Evasion items are banned
|rule|Evasion Moves Clause: Evasion moves are banned
|rule|Sleep Moves Clause: Sleep-inducing moves are banned
|clearpoke
|poke|p1|Clefable, F|
|poke|p1|Gyarados, M|
|poke|p1|Clodsire, F|
|poke|p1|Toxapex, F|
|poke|p1|Gliscor, F|
|poke|p1|Umbreon, F|
|poke|p2|Stonjourner, M|
|poke|p2|Quagsire, F|
|poke|p2|Heracross, M|
|poke|p2|Florges, F|
|poke|p2|Oranguru, M|
|poke|p2|Iron Valiant|
|teampreview
|
|t:|1743903943
|start
|switch|p1a: Gyarados|Gyarados, M|100/100
|switch|p2a: Oranguru|Oranguru, M|100/100
|-ability|p1a: Gyarados|Intimidate|boost
|-fail|p2a: Oranguru|unboost|Attack|[from] ability: Inner Focus|[of] p2a: Oranguru
|turn|1
|
|t:|1743903957
|move|p1a: Gyarados|Dragon Dance|p1a: Gyarados
|-boost|p1a: Gyarados|atk|1
|-boost|p1a: Gyarados|spe|1
|move|p2a: Oranguru|Psyshock|p1a: Gyarados
|-crit|p1a: Gyarados
|-damage|p1a: Gyarados|10/100
|
|upkeep
|turn|2
|
|t:|1743903964
|move|p1a: Gyarados|Crunch|p2a: Oranguru
|-supereffective|p2a: Oranguru
|-damage|p2a: Oranguru|0 fnt
|faint|p2a: Oranguru
|-damage|p1a: Gyarados|0 fnt|[from] item: Life Orb
|faint|p1a: Gyarados
|
|upkeep
|
|t:|1743903974
|switch|p1a: Gliscor|Gliscor, F|100/100
|switch|p2a: Stonjourner|Stonjourner, M|100/100
|turn|3
|
|t:|1743903982
|move|p2a: Stonjourner|Rock Polish|p2a: Stonjourner
|-boost|p2a: Stonjourner|spe|2
|move|p1a: Gliscor|Toxic|p2a: Stonjourner
|-status|p2a: Stonjourner|tox
|
|-damage|p2a: Stonjourner|94/100 tox|[from] psn
|-status|p1a: Gliscor|tox|[from] item: Toxic Orb
|upkeep
|turn|4
|
|t:|1743903995
|-terastallize|p1a: Gliscor|Normal
|move|p2a: Stonjourner|Heat Crash|p1a: Gliscor
|-damage|p1a: Gliscor|63/100 tox
|-damage|p2a: Stonjourner|84/100 tox|[from] item: Life Orb
|move|p1a: Gliscor|Swords Dance|p1a: Gliscor
|-boost|p1a: Gliscor|atk|2
|
|-damage|p2a: Stonjourner|72/100 tox|[from] psn
|-heal|p1a: Gliscor|75/100 tox|[from] ability: Poison Heal
|upkeep
|turn|5
|
|t:|1743904010
|move|p1a: Gliscor|Protect|p1a: Gliscor
|-singleturn|p1a: Gliscor|Protect
|move|p2a: Stonjourner|Body Press|p1a: Gliscor
|-activate|p1a: Gliscor|move: Protect
|
|-damage|p2a: Stonjourner|54/100 tox|[from] psn
|-heal|p1a: Gliscor|88/100 tox|[from] ability: Poison Heal
|upkeep
|turn|6
|
|t:|1743904032
|switch|p1a: Clefable|Clefable, F|100/100
|move|p2a: Stonjourner|Body Press|p1a: Clefable
|-resisted|p1a: Clefable
|-damage|p1a: Clefable|85/100
|-damage|p2a: Stonjourner|44/100 tox|[from] item: Life Orb
|
|-heal|p1a: Clefable|91/100|[from] item: Leftovers
|-damage|p2a: Stonjourner|19/100 tox|[from] psn
|upkeep
|turn|7
|
|t:|1743904047
|move|p2a: Stonjourner|Heat Crash|p1a: Clefable
|-damage|p1a: Clefable|35/100
|-damage|p2a: Stonjourner|9/100 tox|[from] item: Life Orb
|move|p1a: Clefable|Wish|p1a: Clefable
|
|-heal|p1a: Clefable|41/100|[from] item: Leftovers
|-damage|p2a: Stonjourner|0 fnt|[from] psn
|faint|p2a: Stonjourner
|upkeep
|
|t:|1743904063
|switch|p2a: Florges|Florges, F|100/100
|turn|8
|
|t:|1743904069
|move|p1a: Clefable|Protect|p1a: Clefable
|-singleturn|p1a: Clefable|Protect
|move|p2a: Florges|Psychic Noise|p1a: Clefable
|-activate|p1a: Clefable|move: Protect
|
|-heal|p1a: Clefable|91/100|[from] move: Wish|[wisher] Clefable
|-heal|p1a: Clefable|97/100|[from] item: Leftovers
|upkeep
|turn|9
|
|t:|1743904084
|switch|p1a: Gliscor|Gliscor, F, tera:Normal|88/100 tox
|move|p2a: Florges|Calm Mind|p2a: Florges
|-boost|p2a: Florges|spa|1
|-boost|p2a: Florges|spd|1
|
|-heal|p1a: Gliscor|99/100 tox|[from] ability: Poison Heal
|upkeep
|turn|10
|
|t:|1743904093
|move|p1a: Gliscor|Toxic|p2a: Florges
|-status|p2a: Florges|tox
|move|p2a: Florges|Moonblast|p1a: Gliscor
|-damage|p1a: Gliscor|18/100 tox
|-damage|p2a: Florges|91/100 tox|[from] item: Life Orb
|
|-heal|p1a: Gliscor|31/100 tox|[from] ability: Poison Heal
|-damage|p2a: Florges|85/100 tox|[from] psn
|upkeep
|turn|11
|
|t:|1743904104
|move|p1a: Gliscor|Protect|p1a: Gliscor
|-singleturn|p1a: Gliscor|Protect
|move|p2a: Florges|Moonblast|p1a: Gliscor
|-activate|p1a: Gliscor|move: Protect
|
|-heal|p1a: Gliscor|43/100 tox|[from] ability: Poison Heal
|-damage|p2a: Florges|73/100 tox|[from] psn
|upkeep
|turn|12
|
|t:|1743904114
|switch|p1a: Clodsire|Clodsire, F|100/100
|move|p2a: Florges|Moonblast|p1a: Clodsire
|-resisted|p1a: Clodsire
|-damage|p1a: Clodsire|80/100
|-unboost|p1a: Clodsire|spa|1
|-damage|p2a: Florges|63/100 tox|[from] item: Life Orb
|
|-heal|p1a: Clodsire|86/100|[from] item: Leftovers
|-damage|p2a: Florges|45/100 tox|[from] psn
|upkeep
|turn|13
|
|t:|1743904126
|move|p2a: Florges|Psychic Noise|p1a: Clodsire
|-supereffective|p1a: Clodsire
|-damage|p1a: Clodsire|42/100
|-start|p1a: Clodsire|move: Heal Block
|-damage|p2a: Florges|35/100 tox|[from] item: Life Orb
|move|p1a: Clodsire|Spikes|p2a: Florges
|-sidestart|p2: jucoxdeluxe|Spikes
|
|-damage|p2a: Florges|11/100 tox|[from] psn
|upkeep
|turn|14
|
|t:|1743904139
|move|p2a: Florges|Moonblast|p1a: Clodsire
|-resisted|p1a: Clodsire
|-damage|p1a: Clodsire|22/100
|-unboost|p1a: Clodsire|spa|1
|-damage|p2a: Florges|1/100 tox|[from] item: Life Orb
|move|p1a: Clodsire|Spikes|p2a: Florges
|-sidestart|p2: jucoxdeluxe|Spikes
|
|-damage|p2a: Florges|0 fnt|[from] psn
|faint|p2a: Florges
|-end|p1a: Clodsire|move: Heal Block
|upkeep
|
|t:|1743904152
|switch|p2a: CHADsiren't|Quagsire, F|100/100
|-damage|p2a: CHADsiren't|84/100|[from] Spikes
|turn|15
|
|t:|1743904162
|switch|p1a: Umbreon|Umbreon, F|100/100
|-terastallize|p2a: CHADsiren't|Poison
|move|p2a: CHADsiren't|Earthquake|p1a: Umbreon
|-damage|p1a: Umbreon|70/100
|
|-heal|p1a: Umbreon|76/100|[from] item: Leftovers
|upkeep
|turn|16
|
|t:|1743904172
|move|p1a: Umbreon|Wish|p1a: Umbreon
|move|p2a: CHADsiren't|Ice Punch|p1a: Umbreon
|-damage|p1a: Umbreon|61/100
|
|-heal|p1a: Umbreon|67/100|[from] item: Leftovers
|upkeep
|turn|17
|
|t:|1743904181
|move|p1a: Umbreon|Foul Play|p2a: CHADsiren't
|-damage|p2a: CHADsiren't|50/100
|-damage|p1a: Umbreon|50/100|[from] item: Rocky Helmet|[of] p2a: CHADsiren't
|move|p2a: CHADsiren't|Ice Punch|p1a: Umbreon
|-damage|p1a: Umbreon|35/100
|
|-heal|p1a: Umbreon|85/100|[from] move: Wish|[wisher] Umbreon
|-heal|p1a: Umbreon|91/100|[from] item: Leftovers
|upkeep
|turn|18
|
|t:|1743904193
|move|p1a: Umbreon|Wish|p1a: Umbreon
|move|p2a: CHADsiren't|Recover|p2a: CHADsiren't
|-heal|p2a: CHADsiren't|100/100
|
|-heal|p1a: Umbreon|97/100|[from] item: Leftovers
|upkeep
|turn|19
|
|t:|1743904206
|switch|p1a: Clodsire|Clodsire, F|22/100
|move|p2a: CHADsiren't|Ice Punch|p1a: Clodsire
|-supereffective|p1a: Clodsire
|-damage|p1a: Clodsire|0 fnt
|faint|p1a: Clodsire
|
|upkeep
|
|t:|1743904212
|switch|p1a: Gliscor|Gliscor, F, tera:Normal|43/100 tox
|turn|20
|
|t:|1743904221
|move|p1a: Gliscor|Protect|p1a: Gliscor
|-singleturn|p1a: Gliscor|Protect
|move|p2a: CHADsiren't|Earthquake|p1a: Gliscor
|-activate|p1a: Gliscor|move: Protect
|
|-heal|p1a: Gliscor|56/100 tox|[from] ability: Poison Heal
|upkeep
|turn|21
|
|t:|1743904232
|move|p1a: Gliscor|Facade|p2a: CHADsiren't
|-damage|p2a: CHADsiren't|62/100
|-damage|p1a: Gliscor|39/100 tox|[from] item: Rocky Helmet|[of] p2a: CHADsiren't
|move|p2a: CHADsiren't|Earthquake|p1a: Gliscor
|-crit|p1a: Gliscor
|-damage|p1a: Gliscor|0 fnt
|faint|p1a: Gliscor
|
|upkeep
|
|t:|1743904244
|switch|p1a: Clefable|Clefable, F|97/100
|turn|22
|
|t:|1743904248
|move|p1a: Clefable|Thunder Wave|p2a: CHADsiren't
|-status|p2a: CHADsiren't|par
|move|p2a: CHADsiren't|Recover|p2a: CHADsiren't
|-heal|p2a: CHADsiren't|100/100 par
|
|-heal|p1a: Clefable|100/100|[from] item: Leftovers
|upkeep
|turn|23
|
|t:|1743904257
|move|p1a: Clefable|Moonblast|p2a: CHADsiren't
|-resisted|p2a: CHADsiren't
|-damage|p2a: CHADsiren't|76/100 par
|move|p2a: CHADsiren't|Curse|p2a: CHADsiren't
|-unboost|p2a: CHADsiren't|spe|1
|-boost|p2a: CHADsiren't|atk|1
|-boost|p2a: CHADsiren't|def|1
|
|upkeep
|turn|24
|
|t:|1743904269
|move|p1a: Clefable|Moonblast|p2a: CHADsiren't
|-resisted|p2a: CHADsiren't
|-damage|p2a: CHADsiren't|52/100 par
|cant|p2a: CHADsiren't|par
|
|upkeep
|turn|25
|
|t:|1743904276
|move|p1a: Clefable|Moonblast|p2a: CHADsiren't
|-resisted|p2a: CHADsiren't
|-damage|p2a: CHADsiren't|30/100 par
|move|p2a: CHADsiren't|Recover|p2a: CHADsiren't
|-heal|p2a: CHADsiren't|80/100 par
|
|upkeep
|turn|26
|
|t:|1743904283
|move|p1a: Clefable|Moonblast|p2a: CHADsiren't
|-resisted|p2a: CHADsiren't
|-damage|p2a: CHADsiren't|57/100 par
|-unboost|p2a: CHADsiren't|spa|1
|move|p2a: CHADsiren't|Earthquake|p1a: Clefable
|-damage|p1a: Clefable|37/100
|
|-heal|p1a: Clefable|43/100|[from] item: Leftovers
|upkeep
|turn|27
|
|t:|1743904293
|move|p1a: Clefable|Wish|p1a: Clefable
|move|p2a: CHADsiren't|Earthquake|p1a: Clefable
|-damage|p1a: Clefable|0 fnt
|faint|p1a: Clefable
|
|upkeep
|
|t:|1743904298
|switch|p1a: Umbreon|Umbreon, F|97/100
|turn|28
|
|t:|1743904307
|move|p1a: Umbreon|Foul Play|p2a: CHADsiren't
|-crit|p2a: CHADsiren't
|-damage|p2a: CHADsiren't|14/100 par
|-damage|p1a: Umbreon|81/100|[from] item: Rocky Helmet|[of] p2a: CHADsiren't
|move|p2a: CHADsiren't|Earthquake|p1a: Umbreon
|-damage|p1a: Umbreon|31/100
|
|-heal|p1a: Umbreon|79/100|[from] move: Wish|[wisher] Clefable
|-heal|p1a: Umbreon|85/100|[from] item: Leftovers
|upkeep
|turn|29
|
|t:|1743904319
|move|p1a: Umbreon|Foul Play|p2a: CHADsiren't
|-damage|p2a: CHADsiren't|0 fnt
|-damage|p1a: Umbreon|69/100|[from] item: Rocky Helmet|[of] p2a: CHADsiren't
|faint|p2a: CHADsiren't
|
|-heal|p1a: Umbreon|75/100|[from] item: Leftovers
|upkeep
|
|t:|1743904327
|switch|p2a: Iron Valiant|Iron Valiant|100/100
|-damage|p2a: Iron Valiant|84/100|[from] Spikes
|-enditem|p2a: Iron Valiant|Booster Energy
|-activate|p2a: Iron Valiant|ability: Quark Drive|[fromitem]
|-start|p2a: Iron Valiant|quarkdrivespe
|turn|30
|
|t:|1743904339
|switch|p1a: Toxapex|Toxapex, F|100/100
|move|p2a: Iron Valiant|Moonblast|p1a: Toxapex
|-resisted|p1a: Toxapex
|-damage|p1a: Toxapex|85/100
|-unboost|p1a: Toxapex|spa|1
|
|-heal|p1a: Toxapex|91/100|[from] item: Black Sludge
|upkeep
|turn|31
|
|t:|1743904350
|-end|p2a: Iron Valiant|Quark Drive|[silent]
|switch|p2a: Heracross|Heracross, M|100/100
|-damage|p2a: Heracross|84/100|[from] Spikes
|move|p1a: Toxapex|Toxic|p2a: Heracross
|-status|p2a: Heracross|tox
|
|-heal|p1a: Toxapex|97/100|[from] item: Black Sludge
|-damage|p2a: Heracross|78/100 tox|[from] psn
|upkeep
|turn|32
|
|t:|1743904362
|move|p1a: Toxapex|Baneful Bunker|p1a: Toxapex
|-singleturn|p1a: Toxapex|move: Protect
|move|p2a: Heracross|Earthquake|p1a: Toxapex
|-activate|p1a: Toxapex|move: Protect
|
|-heal|p1a: Toxapex|100/100|[from] item: Black Sludge
|-damage|p2a: Heracross|66/100 tox|[from] psn
|upkeep
|turn|33
|
|t:|1743904375
|move|p2a: Heracross|Earthquake|p1a: Toxapex
|-supereffective|p1a: Toxapex
|-damage|p1a: Toxapex|47/100
|move|p1a: Toxapex|Poison Jab|p2a: Heracross
|-damage|p2a: Heracross|39/100 tox
|
|-heal|p1a: Toxapex|53/100|[from] item: Black Sludge
|-damage|p2a: Heracross|21/100 tox|[from] psn
|upkeep
|turn|34
|
|t:|1743904388
|move|p1a: Toxapex|Baneful Bunker|p1a: Toxapex
|-singleturn|p1a: Toxapex|move: Protect
|move|p2a: Heracross|Earthquake|p1a: Toxapex
|-activate|p1a: Toxapex|move: Protect
|
|-heal|p1a: Toxapex|60/100|[from] item: Black Sludge
|-damage|p2a: Heracross|0 fnt|[from] psn
|faint|p2a: Heracross
|upkeep
|
|t:|1743904398
|switch|p2a: Iron Valiant|Iron Valiant|84/100
|-damage|p2a: Iron Valiant|67/100|[from] Spikes
|turn|35
|
|t:|1743904410
|move|p2a: Iron Valiant|Psyshock|p1a: Toxapex
|-supereffective|p1a: Toxapex
|-damage|p1a: Toxapex|17/100
|move|p1a: Toxapex|Toxic|p2a: Iron Valiant
|-status|p2a: Iron Valiant|tox
|
|-heal|p1a: Toxapex|23/100|[from] item: Black Sludge
|-damage|p2a: Iron Valiant|61/100 tox|[from] psn
|upkeep
|turn|36
|
|t:|1743904422
|move|p1a: Toxapex|Baneful Bunker|p1a: Toxapex
|-singleturn|p1a: Toxapex|move: Protect
|move|p2a: Iron Valiant|Psyshock|p1a: Toxapex
|-activate|p1a: Toxapex|move: Protect
|
|-heal|p1a: Toxapex|29/100|[from] item: Black Sludge
|-damage|p2a: Iron Valiant|49/100 tox|[from] psn
|upkeep
|turn|37
|
|t:|1743904438
|move|p2a: Iron Valiant|Psyshock|p1a: Toxapex
|-supereffective|p1a: Toxapex
|-damage|p1a: Toxapex|0 fnt
|faint|p1a: Toxapex
|
|-damage|p2a: Iron Valiant|30/100 tox|[from] psn
|upkeep
|
|t:|1743904449
|switch|p1a: Umbreon|Umbreon, F|75/100
|turn|38
|
|t:|1743904455
|move|p1a: Umbreon|Protect|p1a: Umbreon
|-singleturn|p1a: Umbreon|Protect
|move|p2a: Iron Valiant|Moonblast|p1a: Umbreon
|-activate|p1a: Umbreon|move: Protect
|
|-heal|p1a: Umbreon|81/100|[from] item: Leftovers
|-damage|p2a: Iron Valiant|5/100 tox|[from] psn
|upkeep
|turn|39
|
|t:|1743904465
|move|p2a: Iron Valiant|Moonblast|p1a: Umbreon
|-supereffective|p1a: Umbreon
|-damage|p1a: Umbreon|32/100
|move|p1a: Umbreon|Foul Play|p2a: Iron Valiant
|-resisted|p2a: Iron Valiant
|-damage|p2a: Iron Valiant|0 fnt
|faint|p2a: Iron Valiant
|-end|p2a: Iron Valiant|Quark Drive|[silent]
|
|win|eduardoprior
|raw|eduardoprior's rating: 1050 &rarr; <strong>1085</strong><br />(+35 for winning)
|raw|jucoxdeluxe's rating: 1074 &rarr; <strong>1051</strong><br />(-23 for losing)
|l|☆jucoxdeluxe
|player|p2|
|l|☆eduardoprior
|player|p1|
