|j|☆rzjyar
|j|☆ProteanMod
|t:|1743779351
|gametype|singles
|player|p1|rzjyar|2|1243
|player|p2|ProteanMod|colress|1254
|teamsize|p1|6
|teamsize|p2|6
|gen|9
|tier|[Gen 9] OU
|rated|
|rule|HP Percentage Mod: HP is shown in percentages
|rule|Endless Battle Clause: Forcing endless battles is banned
|rule|Species Clause: Limit one of each Pokémon
|rule|OHKO Clause: OHKO moves are banned
|rule|Evasion Items Clause: Evasion items are banned
|rule|Evasion Moves Clause: Evasion moves are banned
|rule|Sleep Moves Clause: Sleep-inducing moves are banned
|clearpoke
|poke|p1|Ogerpon-Wellspring, F|
|poke|p1|Gliscor, F|
|poke|p1|Corviknight, M|
|poke|p1|Iron Valiant|
|poke|p1|Kingambit, M|
|poke|p1|Iron Moth|
|poke|p2|Mienshao, F|
|poke|p2|Gliscor, M|
|poke|p2|Gholdengo|
|poke|p2|Dragonite, M|
|poke|p2|Clefable, M|
|poke|p2|Iron Crown|
|teampreview
|inactive|Battle timer is ON: inactive players will automatically lose when time's up. (requested by ProteanMod)
|
|t:|1743779363
|start
|switch|p1a: right wing hater|Ogerpon-Wellspring, F|100/100
|switch|p2a: Mienshao|Mienshao, F|100/100
|turn|1
|
|t:|1743779371
|move|p2a: Mienshao|Fake Out|p1a: right wing hater
|-crit|p1a: right wing hater
|-damage|p1a: right wing hater|66/100
|-damage|p2a: Mienshao|91/100|[from] item: Life Orb
|cant|p1a: right wing hater|flinch
|
|upkeep
|turn|2
|
|t:|1743779378
|switch|p2a: Iron Crown|Iron Crown|100/100
|-enditem|p2a: Iron Crown|Booster Energy
|-activate|p2a: Iron Crown|ability: Quark Drive|[fromitem]
|-start|p2a: Iron Crown|quarkdrivespe
|move|p1a: right wing hater|Ivy Cudgel|p2a: Iron Crown|[anim] Ivy Cudgel Water
|-damage|p2a: Iron Crown|46/100
|
|upkeep
|turn|3
|
|t:|1743779386
|move|p2a: Iron Crown|Focus Blast|p1a: right wing hater
|-damage|p1a: right wing hater|21/100
|move|p1a: right wing hater|Knock Off|p2a: Iron Crown
|-supereffective|p2a: Iron Crown
|-damage|p2a: Iron Crown|0 fnt
|faint|p2a: Iron Crown
|-end|p2a: Iron Crown|Quark Drive|[silent]
|
|upkeep
|
|t:|1743779394
|switch|p2a: Mienshao|Mienshao, F|100/100
|turn|4
|
|t:|1743779400
|switch|p1a: alone musk|Iron Valiant|100/100
|-enditem|p1a: alone musk|Booster Energy
|-activate|p1a: alone musk|ability: Quark Drive|[fromitem]
|-start|p1a: alone musk|quarkdrivespe
|move|p2a: Mienshao|Fake Out|p1a: alone musk
|-damage|p1a: alone musk|78/100
|-damage|p2a: Mienshao|91/100|[from] item: Life Orb
|
|upkeep
|turn|5
|
|t:|1743779417
|switch|p2a: Gliscor|Gliscor, M|100/100
|move|p1a: alone musk|Icy Wind|p2a: Gliscor
|-supereffective|p2a: Gliscor
|-damage|p2a: Gliscor|18/100
|-unboost|p2a: Gliscor|spe|1
|
|-status|p2a: Gliscor|tox|[from] item: Toxic Orb
|upkeep
|turn|6
|
|t:|1743779427
|move|p2a: Gliscor|Protect|p2a: Gliscor
|-singleturn|p2a: Gliscor|Protect
|move|p1a: alone musk|Icy Wind|p2a: Gliscor
|-activate|p2a: Gliscor|move: Protect
|
|-heal|p2a: Gliscor|30/100 tox|[from] ability: Poison Heal
|upkeep
|turn|7
|
|t:|1743779437
|switch|p2a: Clefable|Clefable, M|100/100
|move|p1a: alone musk|Icy Wind|p2a: Clefable
|-damage|p2a: Clefable|83/100
|-unboost|p2a: Clefable|spe|1
|
|upkeep
|turn|8
|
|t:|1743779450
|-end|p1a: alone musk|Quark Drive|[silent]
|switch|p1a: travis scott|Iron Moth|100/100
|-enditem|p1a: travis scott|Booster Energy
|-activate|p1a: travis scott|ability: Quark Drive|[fromitem]
|-start|p1a: travis scott|quarkdrivespe
|move|p2a: Clefable|Moonblast|p1a: travis scott
|-resisted|p1a: travis scott
|-damage|p1a: travis scott|93/100
|
|upkeep
|turn|9
|
|t:|1743779466
|move|p1a: travis scott|Fiery Dance|p2a: Clefable
|-damage|p2a: Clefable|41/100
|move|p2a: Clefable|Cosmic Power|p2a: Clefable
|-boost|p2a: Clefable|def|1
|-boost|p2a: Clefable|spd|1
|
|upkeep
|turn|10
|
|t:|1743779473
|move|p1a: travis scott|Sludge Wave|p2a: Clefable
|-supereffective|p2a: Clefable
|-damage|p2a: Clefable|0 fnt
|faint|p2a: Clefable
|
|upkeep
|
|t:|1743779479
|switch|p2a: Gliscor|Gliscor, M|30/100 tox
|turn|11
|
|t:|1743779483
|move|p2a: Gliscor|Protect|p2a: Gliscor
|-singleturn|p2a: Gliscor|Protect
|move|p1a: travis scott|Fiery Dance|p2a: Gliscor
|-activate|p2a: Gliscor|move: Protect
|
|-heal|p2a: Gliscor|43/100 tox|[from] ability: Poison Heal
|upkeep
|turn|12
|
|t:|1743779503
|-terastallize|p1a: travis scott|Water
|-terastallize|p2a: Gliscor|Water
|move|p1a: travis scott|Fiery Dance|p2a: Gliscor
|-resisted|p2a: Gliscor
|-damage|p2a: Gliscor|18/100 tox
|-boost|p1a: travis scott|spa|1
|move|p2a: Gliscor|Earthquake|p1a: travis scott
|-damage|p1a: travis scott|43/100
|
|-heal|p2a: Gliscor|30/100 tox|[from] ability: Poison Heal
|upkeep
|turn|13
|
|t:|1743779518
|move|p2a: Gliscor|Protect|p2a: Gliscor
|-singleturn|p2a: Gliscor|Protect
|move|p1a: travis scott|Sludge Wave|p2a: Gliscor
|-activate|p2a: Gliscor|move: Protect
|
|-heal|p2a: Gliscor|43/100 tox|[from] ability: Poison Heal
|upkeep
|turn|14
|
|t:|1743779526
|move|p1a: travis scott|Sludge Wave|p2a: Gliscor
|-damage|p2a: Gliscor|0 fnt
|faint|p2a: Gliscor
|
|upkeep
|
|t:|1743779530
|switch|p2a: Mienshao|Mienshao, F|100/100
|turn|15
|
|t:|1743779544
|move|p2a: Mienshao|Fake Out|p1a: travis scott
|-damage|p1a: travis scott|18/100
|-damage|p2a: Mienshao|91/100|[from] item: Life Orb
|cant|p1a: travis scott|flinch
|
|upkeep
|turn|16
|
|t:|1743779555
|move|p1a: travis scott|Dazzling Gleam|p2a: Mienshao
|-supereffective|p2a: Mienshao
|-damage|p2a: Mienshao|0 fnt
|faint|p2a: Mienshao
|
|upkeep
|
|t:|1743779558
|switch|p2a: Dragonite|Dragonite, M|100/100
|turn|17
|
|t:|1743779563
|move|p1a: travis scott|Dazzling Gleam|p2a: Dragonite
|-supereffective|p2a: Dragonite
|-damage|p2a: Dragonite|55/100
|move|p2a: Dragonite|Dragon Dance|p2a: Dragonite
|-boost|p2a: Dragonite|atk|1
|-boost|p2a: Dragonite|spe|1
|
|upkeep
|turn|18
|
|t:|1743779576
|move|p1a: travis scott|Sludge Wave|p2a: Dragonite
|-damage|p2a: Dragonite|0 fnt
|faint|p2a: Dragonite
|
|upkeep
|
|t:|1743779580
|switch|p2a: Gholdengo|Gholdengo|100/100
|turn|19
|
|t:|1743779583
|move|p1a: travis scott|Fiery Dance|p2a: Gholdengo
|-supereffective|p2a: Gholdengo
|-damage|p2a: Gholdengo|0 fnt
|-boost|p1a: travis scott|spa|1
|faint|p2a: Gholdengo
|
|win|rzjyar
|raw|rzjyar's rating: 1243 &rarr; <strong>1269</strong><br />(+26 for winning)
|raw|ProteanMod's rating: 1254 &rarr; <strong>1228</strong><br />(-26 for losing)
|l|☆ProteanMod
|player|p2|
