|j|☆Huge Magnavox
|j|☆LT02
|t:|1743937223
|gametype|singles
|player|p1|Huge Magnavox|giovanni|1180
|player|p2|LT02|1|1220
|teamsize|p1|6
|teamsize|p2|6
|gen|9
|tier|[Gen 9] OU
|rated|
|rule|HP Percentage Mod: HP is shown in percentages
|rule|Endless Battle Clause: Forcing endless battles is banned
|rule|Species Clause: Limit one of each Pokémon
|rule|OHKO Clause: OHKO moves are banned
|rule|Evasion Items Clause: Evasion items are banned
|rule|Evasion Moves Clause: Evasion moves are banned
|rule|Sleep Moves Clause: Sleep-inducing moves are banned
|clearpoke
|poke|p1|Samurott-Hisui, F|
|poke|p1|Iron Valiant|
|poke|p1|Pecharunt|
|poke|p1|Reuniclus, M|
|poke|p1|Darkrai|
|poke|p1|Kingambit, F|
|poke|p2|Scizor, F|
|poke|p2|Walking Wake|
|poke|p2|Meowscarada, F|
|poke|p2|Slowking-Galar, M|
|poke|p2|Great Tusk|
|poke|p2|Landorus-Therian, M|
|teampreview
|inactive|Battle timer is ON: inactive players will automatically lose when time's up. (requested by LT02)
|inactive|Huge Magnavox also wants the timer to be on.
|
|t:|1743937247
|start
|switch|p1a: Samurott|Samurott-Hisui, F|100/100
|switch|p2a: Meowscarada|Meowscarada, F|100/100
|turn|1
|
|t:|1743937261
|move|p2a: Meowscarada|U-turn|p1a: Samurott
|-start|p2a: Meowscarada|typechange|Bug|[from] ability: Protean
|-supereffective|p1a: Samurott
|-damage|p1a: Samurott|25/100
|
|t:|1743937268
|switch|p2a: Great Tusk|Great Tusk|100/100|[from] U-turn
|move|p1a: Samurott|Ceaseless Edge|p2a: Great Tusk
|-resisted|p2a: Great Tusk
|-damage|p2a: Great Tusk|86/100
|-damage|p1a: Samurott|9/100|[from] item: Rocky Helmet|[of] p2a: Great Tusk
|-sidestart|p2: LT02|Spikes
|
|upkeep
|turn|2
|inactive|Huge Magnavox has 120 seconds left.
|
|t:|1743937325
|switch|p1a: Pecharunt|Pecharunt|100/100
|move|p2a: Great Tusk|Rapid Spin|p1a: Pecharunt
|-immune|p1a: Pecharunt
|
|upkeep
|turn|3
|
|t:|1743937333
|-end|p2a: Great Tusk|Protosynthesis|[silent]
|switch|p2a: Slowking|Slowking-Galar, M|100/100
|-damage|p2a: Slowking|88/100|[from] Spikes
|move|p1a: Pecharunt|Malignant Chain|p2a: Slowking
|-resisted|p2a: Slowking
|-damage|p2a: Slowking|77/100
|
|-heal|p2a: Slowking|83/100|[from] item: Leftovers
|upkeep
|turn|4
|
|t:|1743937343
|switch|p1a: Samurott|Samurott-Hisui, F|9/100
|move|p2a: Slowking|Future Sight|p1a: Samurott
|-start|p2a: Slowking|move: Future Sight
|
|-heal|p2a: Slowking|89/100|[from] item: Leftovers
|upkeep
|turn|5
|
|t:|1743937349
|switch|p2a: Landorus|Landorus-Therian, M|100/100
|-ability|p2a: Landorus|Intimidate|boost
|-unboost|p1a: Samurott|atk|1
|move|p1a: Samurott|Ceaseless Edge|p2a: Landorus
|-damage|p2a: Landorus|75/100
|-damage|p1a: Samurott|0 fnt|[from] item: Rocky Helmet|[of] p2a: Landorus
|faint|p1a: Samurott
|
|upkeep
|
|t:|1743937351
|switch|p1a: Darkrai|Darkrai|100/100
|turn|6
|
|t:|1743937357
|switch|p2a: Walking Wake|Walking Wake|100/100
|-damage|p2a: Walking Wake|88/100|[from] Spikes
|move|p1a: Darkrai|Ice Beam|p2a: Walking Wake
|-damage|p2a: Walking Wake|65/100
|
|-end|p1a: Darkrai|move: Future Sight
|-immune|p1a: Darkrai
|upkeep
|turn|7
|
|t:|1743937369
|move|p1a: Darkrai|Dark Pulse|p2a: Walking Wake
|-damage|p2a: Walking Wake|32/100
|move|p2a: Walking Wake|Draco Meteor|p1a: Darkrai
|-damage|p1a: Darkrai|7/100
|-unboost|p2a: Walking Wake|spa|2
|
|upkeep
|turn|8
|
|t:|1743937374
|move|p1a: Darkrai|Dark Pulse|p2a: Walking Wake
|-damage|p2a: Walking Wake|0 fnt
|faint|p2a: Walking Wake
|-end|p2a: Walking Wake|Protosynthesis|[silent]
|
|upkeep
|
|t:|1743937375
|switch|p2a: Great Tusk|Great Tusk|86/100
|-damage|p2a: Great Tusk|74/100|[from] Spikes
|turn|9
|
|t:|1743937378
|switch|p1a: Pecharunt|Pecharunt|100/100
|-end|p2a: Great Tusk|Protosynthesis|[silent]
|switch|p2a: Scizor|Scizor, F|100/100
|-damage|p2a: Scizor|88/100|[from] Spikes
|
|upkeep
|turn|10
|
|t:|1743937380
|move|p1a: Pecharunt|Shadow Ball|p2a: Scizor
|-damage|p2a: Scizor|49/100
|move|p2a: Scizor|U-turn|p1a: Pecharunt
|-resisted|p1a: Pecharunt
|-damage|p1a: Pecharunt|89/100
|
|t:|1743937384
|switch|p2a: Landorus|Landorus-Therian, M|75/100|[from] U-turn
|-ability|p2a: Landorus|Intimidate|boost
|-unboost|p1a: Pecharunt|atk|1
|
|upkeep
|turn|11
|
|t:|1743937391
|switch|p1a: Reuniclus|Reuniclus, M, shiny|100/100
|move|p2a: Landorus|Earthquake|p1a: Reuniclus
|-damage|p1a: Reuniclus|55/100
|
|upkeep
|turn|12
|
|t:|1743937395
|move|p2a: Landorus|U-turn|p1a: Reuniclus
|-supereffective|p1a: Reuniclus
|-damage|p1a: Reuniclus|13/100
|
|t:|1743937397
|switch|p2a: Meowscarada|Meowscarada, F|100/100|[from] U-turn
|-damage|p2a: Meowscarada|88/100|[from] Spikes
|move|p1a: Reuniclus|Trick Room|p1a: Reuniclus
|-fieldstart|move: Trick Room|[of] p1a: Reuniclus
|
|upkeep
|turn|13
|
|t:|1743937400
|move|p1a: Reuniclus|Focus Blast|p2a: Meowscarada|[miss]
|-miss|p1a: Reuniclus|p2a: Meowscarada
|move|p2a: Meowscarada|U-turn|p1a: Reuniclus
|-start|p2a: Meowscarada|typechange|Bug|[from] ability: Protean
|-supereffective|p1a: Reuniclus
|-damage|p1a: Reuniclus|0 fnt
|faint|p1a: Reuniclus
|
|t:|1743937403
|switch|p2a: Great Tusk|Great Tusk|74/100|[from] U-turn
|-damage|p2a: Great Tusk|61/100|[from] Spikes
|
|upkeep
|
|t:|1743937411
|switch|p1a: Pecharunt|Pecharunt|89/100
|turn|14
|
|t:|1743937416
|move|p2a: Great Tusk|Headlong Rush|p1a: Pecharunt
|-supereffective|p1a: Pecharunt
|-enditem|p1a: Pecharunt|Shuca Berry|[eat]
|-enditem|p1a: Pecharunt|Shuca Berry|[weaken]
|-damage|p1a: Pecharunt|46/100
|-unboost|p2a: Great Tusk|def|1
|-unboost|p2a: Great Tusk|spd|1
|move|p1a: Pecharunt|Malignant Chain|p2a: Great Tusk
|-resisted|p2a: Great Tusk
|-damage|p2a: Great Tusk|22/100
|
|upkeep
|turn|15
|inactive|Huge Magnavox has 120 seconds left.
|
|t:|1743937470
|move|p2a: Great Tusk|Headlong Rush|p1a: Pecharunt
|-supereffective|p1a: Pecharunt
|-damage|p1a: Pecharunt|0 fnt
|-unboost|p2a: Great Tusk|def|1
|-unboost|p2a: Great Tusk|spd|1
|faint|p1a: Pecharunt
|
|upkeep
|
|t:|1743937478
|switch|p1a: Kingambit|Kingambit, F|100/100
|-activate|p1a: Kingambit|ability: Supreme Overlord
|-start|p1a: Kingambit|fallen3|[silent]
|turn|16
|
|t:|1743937486
|-end|p2a: Great Tusk|Protosynthesis|[silent]
|switch|p2a: Landorus|Landorus-Therian, M|75/100
|-ability|p2a: Landorus|Intimidate|boost
|-unboost|p1a: Kingambit|atk|1
|move|p1a: Kingambit|Kowtow Cleave|p2a: Landorus
|-damage|p2a: Landorus|35/100
|-damage|p1a: Kingambit|84/100|[from] item: Rocky Helmet|[of] p2a: Landorus
|
|-fieldend|move: Trick Room
|upkeep
|turn|17
|inactive|Huge Magnavox has 90 seconds left.
|
|t:|1743937532
|switch|p2a: Meowscarada|Meowscarada, F|88/100
|-damage|p2a: Meowscarada|76/100|[from] Spikes
|move|p1a: Kingambit|Sucker Punch||[still]
|-fail|p1a: Kingambit
|
|upkeep
|turn|18
|
|t:|1743937535
|move|p2a: Meowscarada|U-turn|p1a: Kingambit
|-start|p2a: Meowscarada|typechange|Bug|[from] ability: Protean
|-damage|p1a: Kingambit|62/100
|
|t:|1743937539
|switch|p2a: Great Tusk|Great Tusk|22/100|[from] U-turn
|-damage|p2a: Great Tusk|10/100|[from] Spikes
|move|p1a: Kingambit|Iron Head|p2a: Great Tusk
|-crit|p2a: Great Tusk
|-damage|p2a: Great Tusk|0 fnt
|-damage|p1a: Kingambit|45/100|[from] item: Rocky Helmet|[of] p2a: Great Tusk
|faint|p2a: Great Tusk
|-end|p2a: Great Tusk|Protosynthesis|[silent]
|
|upkeep
|
|t:|1743937541
|switch|p2a: Landorus|Landorus-Therian, M|35/100
|-ability|p2a: Landorus|Intimidate|boost
|-unboost|p1a: Kingambit|atk|1
|turn|19
|
|t:|1743937544
|move|p2a: Landorus|Earthquake|p1a: Kingambit
|-supereffective|p1a: Kingambit
|-damage|p1a: Kingambit|0 fnt
|faint|p1a: Kingambit
|-end|p1a: Kingambit|fallen3|[silent]
|
|upkeep
|
|t:|1743937546
|switch|p1a: Darkrai|Darkrai|7/100
|turn|20
|
|t:|1743937548
|move|p1a: Darkrai|Ice Beam|p2a: Landorus
|-supereffective|p2a: Landorus
|-damage|p2a: Landorus|0 fnt
|faint|p2a: Landorus
|
|upkeep
|
|t:|1743937551
|switch|p2a: Scizor|Scizor, F|49/100
|-damage|p2a: Scizor|37/100|[from] Spikes
|turn|21
|
|t:|1743937556
|move|p1a: Darkrai|Sucker Punch|p2a: Scizor
|-damage|p2a: Scizor|9/100
|move|p2a: Scizor|Bullet Punch|p1a: Darkrai
|-damage|p1a: Darkrai|0 fnt
|faint|p1a: Darkrai
|
|upkeep
|
|t:|1743937558
|switch|p1a: Iron Valiant|Iron Valiant|100/100
|-enditem|p1a: Iron Valiant|Booster Energy
|-activate|p1a: Iron Valiant|ability: Quark Drive|[fromitem]
|-start|p1a: Iron Valiant|quarkdrivespa
|turn|22
|
|t:|1743937563
|-terastallize|p2a: Scizor|Steel
|move|p1a: Iron Valiant|Vacuum Wave|p2a: Scizor
|-supereffective|p2a: Scizor
|-crit|p2a: Scizor
|-damage|p2a: Scizor|0 fnt
|faint|p2a: Scizor
|
|upkeep
|
|t:|1743937568
|switch|p2a: Slowking|Slowking-Galar, M|100/100
|-damage|p2a: Slowking|88/100|[from] Spikes
|turn|23
|
|t:|1743937570
|-terastallize|p1a: Iron Valiant|Ghost
|move|p1a: Iron Valiant|Calm Mind|p1a: Iron Valiant
|-boost|p1a: Iron Valiant|spa|1
|-boost|p1a: Iron Valiant|spd|1
|move|p2a: Slowking|Future Sight|p1a: Iron Valiant
|-start|p2a: Slowking|move: Future Sight
|
|-heal|p2a: Slowking|94/100|[from] item: Leftovers
|upkeep
|turn|24
|
|t:|1743937577
|move|p1a: Iron Valiant|Calm Mind|p1a: Iron Valiant
|-boost|p1a: Iron Valiant|spa|1
|-boost|p1a: Iron Valiant|spd|1
|-prepare|p2a: Slowking|Chilly Reception|[premajor]
|move|p2a: Slowking|Chilly Reception|p2a: Slowking
|-weather|Snowscape
|
|t:|1743937579
|switch|p2a: Meowscarada|Meowscarada, F|76/100|[from] Chilly Reception
|-damage|p2a: Meowscarada|64/100|[from] Spikes
|
|-weather|Snowscape|[upkeep]
|upkeep
|turn|25
|
|t:|1743937581
|move|p1a: Iron Valiant|Vacuum Wave|p2a: Meowscarada
|-supereffective|p2a: Meowscarada
|-damage|p2a: Meowscarada|0 fnt
|faint|p2a: Meowscarada
|
|-weather|Snowscape|[upkeep]
|-end|p1a: Iron Valiant|move: Future Sight
|-damage|p1a: Iron Valiant|63/100
|upkeep
|
|t:|1743937584
|switch|p2a: Slowking|Slowking-Galar, M|100/100
|-damage|p2a: Slowking|88/100|[from] Spikes
|turn|26
|
|t:|1743937586
|move|p1a: Iron Valiant|Shadow Ball|p2a: Slowking
|-supereffective|p2a: Slowking
|-damage|p2a: Slowking|0 fnt
|faint|p2a: Slowking
|
|win|Huge Magnavox
|raw|Huge Magnavox's rating: 1180 &rarr; <strong>1208</strong><br />(+28 for winning)
|raw|LT02's rating: 1220 &rarr; <strong>1192</strong><br />(-28 for losing)
|l|☆Huge Magnavox
|player|p1|
|l|☆LT02
|player|p2|
