|j|☆Bordercauley
|j|☆Excadrillings
|t:|1743876489
|gametype|singles
|player|p1|Bordercauley|102|1452
|player|p2|Excadrillings|burglar|1527
|teamsize|p1|6
|teamsize|p2|6
|gen|9
|tier|[Gen 9] OU
|rated|
|rule|HP Percentage Mod: HP is shown in percentages
|rule|Endless Battle Clause: Forcing endless battles is banned
|rule|Species Clause: Limit one of each Pokémon
|rule|OHKO Clause: OHKO moves are banned
|rule|Evasion Items Clause: Evasion items are banned
|rule|Evasion Moves Clause: Evasion moves are banned
|rule|Sleep Moves Clause: Sleep-inducing moves are banned
|clearpoke
|poke|p1|Meowscarada, F|
|poke|p1|Pelipper, M|
|poke|p1|Floatzel, M|
|poke|p1|Quaquaval, M|
|poke|p1|Sinistcha|
|poke|p1|Kilowattrel, F|
|poke|p2|Slither Wing|
|poke|p2|Landorus-Therian, M|
|poke|p2|Weezing-Galar, M|
|poke|p2|Heatran, F|
|poke|p2|Ogerpon-Wellspring, F|
|poke|p2|Dragonite, M|
|teampreview
|
|t:|1743876520
|start
|switch|p1a: Cat|Meowscarada, F|100/100
|switch|p2a: Dickens|Weezing-Galar, M|100/100
|-ability|p2a: Dickens|Neutralizing Gas
|turn|1
|
|t:|1743876580
|move|p1a: Cat|Taunt|p2a: Dickens
|-start|p2a: Dickens|move: Taunt
|cant|p2a: Dickens|move: Taunt|Toxic
|
|upkeep
|turn|2
|
|t:|1743876591
|move|p1a: Cat|Spikes|p2a: Dickens
|-sidestart|p2: Excadrillings|Spikes
|move|p2a: Dickens|Strange Steam|p1a: Cat|[miss]
|-miss|p2a: Dickens|p1a: Cat
|
|upkeep
|turn|3
|
|t:|1743876595
|move|p1a: Cat|Knock Off|p2a: Dickens
|-resisted|p2a: Dickens
|-damage|p2a: Dickens|89/100
|-enditem|p2a: Dickens|Heavy-Duty Boots|[from] move: Knock Off|[of] p1a: Cat
|move|p2a: Dickens|Strange Steam|p1a: Cat
|-supereffective|p1a: Cat
|-damage|p1a: Cat|2/100
|
|-end|p2a: Dickens|move: Taunt
|upkeep
|turn|4
|
|t:|1743876603
|move|p1a: Cat|Taunt|p2a: Dickens
|-start|p2a: Dickens|move: Taunt
|move|p2a: Dickens|Strange Steam|p1a: Cat
|-supereffective|p1a: Cat
|-damage|p1a: Cat|0 fnt
|faint|p1a: Cat
|
|upkeep
|
|t:|1743876605
|switch|p1a: Bird|Pelipper, M|100/100
|turn|5
|
|t:|1743876612
|move|p2a: Dickens|Strange Steam|p1a: Bird
|-damage|p1a: Bird|64/100
|move|p1a: Bird|U-turn|p2a: Dickens
|-resisted|p2a: Dickens
|-damage|p2a: Dickens|87/100
|
|t:|1743876616
|switch|p1a: Weasel|Floatzel, M|100/100|[from] U-turn
|
|upkeep
|turn|6
|
|t:|1743876619
|-end|p2a: Dickens|ability: Neutralizing Gas
|switch|p2a: Layer Cake|Ogerpon-Wellspring, F|100/100
|-damage|p2a: Layer Cake|88/100|[from] Spikes
|move|p1a: Weasel|Wave Crash|p2a: Layer Cake
|-heal|p2a: Layer Cake|100/100|[from] ability: Water Absorb|[of] p1a: Weasel
|
|upkeep
|turn|7
|
|t:|1743876625
|switch|p1a: Tea|Sinistcha|100/100
|move|p2a: Layer Cake|Knock Off|p1a: Tea
|-supereffective|p1a: Tea
|-damage|p1a: Tea|41/100
|-enditem|p1a: Tea|Leftovers|[from] move: Knock Off|[of] p2a: Layer Cake
|
|upkeep
|turn|8
|
|t:|1743876629
|switch|p2a: Arms Race|Heatran, F|100/100
|-damage|p2a: Arms Race|88/100|[from] Spikes
|move|p1a: Tea|Strength Sap|p2a: Arms Race
|-unboost|p2a: Arms Race|atk|1
|-heal|p1a: Tea|89/100
|
|-heal|p2a: Arms Race|94/100|[from] item: Leftovers
|upkeep
|turn|9
|
|t:|1743876632
|move|p2a: Arms Race|Magma Storm|p1a: Tea
|-supereffective|p1a: Tea
|-damage|p1a: Tea|35/100
|-activate|p1a: Tea|move: Magma Storm|[of] p2a: Arms Race
|move|p1a: Tea|Calm Mind|p1a: Tea
|-boost|p1a: Tea|spa|1
|-boost|p1a: Tea|spd|1
|
|-heal|p2a: Arms Race|100/100|[from] item: Leftovers
|-damage|p1a: Tea|22/100|[from] move: Magma Storm|[partiallytrapped]
|upkeep
|turn|10
|-message|Bordercauley forfeited.
|
|win|Excadrillings
|raw|Bordercauley's rating: 1452 &rarr; <strong>1436</strong><br />(-16 for losing)
|raw|Excadrillings's rating: 1527 &rarr; <strong>1543</strong><br />(+16 for winning)
|l|☆Bordercauley
|player|p1|
|l|☆Excadrillings
|player|p2|
