|j|☆pokemod99
|j|☆Burgundi
|t:|1743833747
|gametype|singles
|player|p1|pokemod99|miku-flying|1202
|player|p2|Burgundi|ethan|1245
|teamsize|p1|6
|teamsize|p2|6
|gen|9
|tier|[Gen 9] OU
|rated|
|rule|HP Percentage Mod: HP is shown in percentages
|rule|Endless Battle Clause: Forcing endless battles is banned
|rule|Species Clause: Limit one of each Pokémon
|rule|OHKO Clause: OHKO moves are banned
|rule|Evasion Items Clause: Evasion items are banned
|rule|Evasion Moves Clause: Evasion moves are banned
|rule|Sleep Moves Clause: Sleep-inducing moves are banned
|clearpoke
|poke|p1|Meowscarada, M|
|poke|p1|Zamazenta-*|
|poke|p1|Iron Moth|
|poke|p1|Incineroar, M|
|poke|p1|Glimmora, M|
|poke|p1|Great Tusk|
|poke|p2|Iron Valiant|
|poke|p2|Pincurchin, F|
|poke|p2|Iron Treads|
|poke|p2|Hawlucha, M|
|poke|p2|Iron Moth|
|poke|p2|Iron Leaves|
|teampreview
|inactive|Battle timer is ON: inactive players will automatically lose when time's up. (requested by Burgundi)
|
|t:|1743833757
|start
|switch|p1a: Alien|Glimmora, M, shiny|100/100
|switch|p2a: Pincurchin|Pincurchin, F|100/100
|-fieldstart|move: Electric Terrain|[from] ability: Electric Surge|[of] p2a: Pincurchin
|turn|1
|
|t:|1743833766
|switch|p2a: Iron Treads|Iron Treads|100/100
|-activate|p2a: Iron Treads|ability: Quark Drive
|-start|p2a: Iron Treads|quarkdrivespe
|move|p1a: Alien|Mortal Spin|p2a: Iron Treads
|-immune|p2a: Iron Treads
|
|upkeep
|turn|2
|
|t:|1743833776
|switch|p1a: El Baki|Incineroar, M, shiny|100/100
|-ability|p1a: El Baki|Intimidate|boost
|-unboost|p2a: Iron Treads|atk|1
|move|p2a: Iron Treads|Earthquake|p1a: El Baki
|-supereffective|p1a: El Baki
|-damage|p1a: El Baki|24/100
|
|upkeep
|turn|3
|
|t:|1743833785
|move|p1a: El Baki|Fake Out|p2a: Iron Treads
|-resisted|p2a: Iron Treads
|-damage|p2a: Iron Treads|94/100
|cant|p2a: Iron Treads|flinch
|
|-heal|p2a: Iron Treads|100/100|[from] item: Leftovers
|upkeep
|turn|4
|
|t:|1743833790
|switch|p1a: Naofumi|Zamazenta, shiny|100/100
|-ability|p1a: Naofumi|Dauntless Shield|boost
|-boost|p1a: Naofumi|def|1
|move|p2a: Iron Treads|Earthquake|p1a: Naofumi
|-damage|p1a: Naofumi|86/100
|
|-heal|p1a: Naofumi|93/100|[from] item: Leftovers
|upkeep
|turn|5
|
|t:|1743833799
|-end|p2a: Iron Treads|Quark Drive|[silent]
|switch|p2a: Iron Valiant|Iron Valiant|100/100
|-activate|p2a: Iron Valiant|ability: Quark Drive
|-start|p2a: Iron Valiant|quarkdrivespe
|move|p1a: Naofumi|Iron Defense|p1a: Naofumi
|-boost|p1a: Naofumi|def|2
|
|-heal|p1a: Naofumi|99/100|[from] item: Leftovers
|upkeep
|turn|6
|
|t:|1743833810
|-terastallize|p1a: Naofumi|Steel
|move|p2a: Iron Valiant|Moonblast|p1a: Naofumi
|-resisted|p1a: Naofumi
|-damage|p1a: Naofumi|80/100
|-unboost|p1a: Naofumi|spa|1
|-damage|p2a: Iron Valiant|91/100|[from] item: Life Orb
|move|p1a: Naofumi|Heavy Slam|p2a: Iron Valiant
|-supereffective|p2a: Iron Valiant
|-damage|p2a: Iron Valiant|0 fnt
|faint|p2a: Iron Valiant
|-end|p2a: Iron Valiant|Quark Drive|[silent]
|
|-heal|p1a: Naofumi|86/100|[from] item: Leftovers
|upkeep
|
|t:|1743833825
|switch|p2a: Iron Moth|Iron Moth|100/100
|-activate|p2a: Iron Moth|ability: Quark Drive
|-start|p2a: Iron Moth|quarkdrivespa
|turn|7
|
|t:|1743833833
|move|p2a: Iron Moth|Fiery Dance|p1a: Naofumi
|-supereffective|p1a: Naofumi
|-damage|p1a: Naofumi|0 fnt
|faint|p1a: Naofumi
|
|upkeep
|
|t:|1743833840
|switch|p1a: El Baki|Incineroar, M, shiny|24/100
|-ability|p1a: El Baki|Intimidate|boost
|-unboost|p2a: Iron Moth|atk|1
|turn|8
|
|t:|1743833845
|move|p1a: El Baki|Fake Out|p2a: Iron Moth
|-damage|p2a: Iron Moth|79/100
|cant|p2a: Iron Moth|flinch
|
|-fieldend|move: Electric Terrain
|-end|p2a: Iron Moth|Quark Drive
|upkeep
|turn|9
|
|t:|1743833854
|move|p2a: Iron Moth|U-turn|p1a: El Baki
|-damage|p1a: El Baki|15/100
|
|t:|1743833858
|-end|p2a: Iron Moth|Quark Drive|[silent]
|switch|p2a: Pincurchin|Pincurchin, F|100/100|[from] U-turn
|-fieldstart|move: Electric Terrain|[from] ability: Electric Surge|[of] p2a: Pincurchin
|move|p1a: El Baki|Darkest Lariat|p2a: Pincurchin
|-damage|p2a: Pincurchin|63/100
|
|upkeep
|turn|10
|
|t:|1743833874
|move|p1a: El Baki|Parting Shot|p2a: Pincurchin
|-unboost|p2a: Pincurchin|atk|1
|-unboost|p2a: Pincurchin|spa|1
|
|t:|1743833881
|switch|p1a: Moth Devil|Iron Moth, shiny|100/100|[from] Parting Shot
|-activate|p1a: Moth Devil|ability: Quark Drive
|-start|p1a: Moth Devil|quarkdrivespa
|move|p2a: Pincurchin|Scald|p1a: Moth Devil
|-supereffective|p1a: Moth Devil
|-crit|p1a: Moth Devil
|-damage|p1a: Moth Devil|50/100
|
|upkeep
|turn|11
|
|t:|1743833908
|move|p1a: Moth Devil|Fiery Dance|p2a: Pincurchin
|-damage|p2a: Pincurchin|0 fnt
|-boost|p1a: Moth Devil|spa|1
|faint|p2a: Pincurchin
|
|upkeep
|inactive|Burgundi has 120 seconds left.
|
|t:|1743833921
|switch|p2a: Iron Treads|Iron Treads|100/100
|-activate|p2a: Iron Treads|ability: Quark Drive
|-start|p2a: Iron Treads|quarkdrivespe
|turn|12
|
|t:|1743833930
|move|p2a: Iron Treads|Earthquake|p1a: Moth Devil
|-supereffective|p1a: Moth Devil
|-damage|p1a: Moth Devil|0 fnt
|faint|p1a: Moth Devil
|-end|p1a: Moth Devil|Quark Drive|[silent]
|
|upkeep
|
|t:|1743833933
|switch|p1a: Great Tusk|Great Tusk|100/100
|-enditem|p1a: Great Tusk|Booster Energy
|-activate|p1a: Great Tusk|ability: Protosynthesis|[fromitem]
|-start|p1a: Great Tusk|protosynthesisatk
|turn|13
|
|t:|1743833949
|-end|p2a: Iron Treads|Quark Drive|[silent]
|switch|p2a: Hawlucha|Hawlucha, M|100/100
|-enditem|p2a: Hawlucha|Electric Seed
|-boost|p2a: Hawlucha|def|1|[from] item: Electric Seed
|move|p1a: Great Tusk|Rapid Spin|p2a: Hawlucha
|-damage|p2a: Hawlucha|78/100
|-boost|p1a: Great Tusk|spe|1
|
|upkeep
|turn|14
|
|t:|1743833959
|move|p2a: Hawlucha|Swords Dance|p2a: Hawlucha
|-boost|p2a: Hawlucha|atk|2
|move|p1a: Great Tusk|Ice Spinner|p2a: Hawlucha
|-supereffective|p2a: Hawlucha
|-damage|p2a: Hawlucha|8/100
|-fieldend|move: Electric Terrain
|
|upkeep
|turn|15
|
|t:|1743833969
|move|p2a: Hawlucha|Acrobatics|p1a: Great Tusk
|-supereffective|p1a: Great Tusk
|-damage|p1a: Great Tusk|0 fnt
|faint|p1a: Great Tusk
|-end|p1a: Great Tusk|Protosynthesis|[silent]
|
|upkeep
|
|t:|1743833972
|switch|p1a: Zorro|Meowscarada, M, shiny|100/100
|turn|16
|
|t:|1743833975
|move|p1a: Zorro|Sucker Punch|p2a: Hawlucha
|-start|p1a: Zorro|typechange|Dark|[from] ability: Protean
|-resisted|p2a: Hawlucha
|-crit|p2a: Hawlucha
|-damage|p2a: Hawlucha|0 fnt
|faint|p2a: Hawlucha
|
|upkeep
|
|t:|1743833989
|switch|p2a: Iron Moth|Iron Moth|79/100
|turn|17
|
|t:|1743833995
|move|p2a: Iron Moth|Fiery Dance|p1a: Zorro
|-damage|p1a: Zorro|37/100
|move|p1a: Zorro|U-turn|p2a: Iron Moth
|-resisted|p2a: Iron Moth
|-damage|p2a: Iron Moth|70/100
|
|t:|1743834000
|switch|p1a: El Baki|Incineroar, M, shiny|15/100|[from] U-turn
|-ability|p1a: El Baki|Intimidate|boost
|-unboost|p2a: Iron Moth|atk|1
|
|upkeep
|turn|18
|
|t:|1743834006
|-end|p2a: Iron Moth|Quark Drive|[silent]
|switch|p2a: Iron Treads|Iron Treads|100/100
|move|p1a: El Baki|Fake Out|p2a: Iron Treads
|-resisted|p2a: Iron Treads
|-damage|p2a: Iron Treads|94/100
|
|-heal|p2a: Iron Treads|100/100|[from] item: Leftovers
|upkeep
|turn|19
|
|t:|1743834013
|move|p2a: Iron Treads|Earthquake|p1a: El Baki
|-supereffective|p1a: El Baki
|-damage|p1a: El Baki|0 fnt
|faint|p1a: El Baki
|
|upkeep
|
|t:|1743834016
|switch|p1a: Zorro|Meowscarada, M, shiny|37/100
|turn|20
|
|t:|1743834026
|move|p1a: Zorro|Flower Trick|p2a: Iron Treads
|-start|p1a: Zorro|typechange|Grass|[from] ability: Protean
|-crit|p2a: Iron Treads
|-damage|p2a: Iron Treads|53/100
|move|p2a: Iron Treads|Rapid Spin|p1a: Zorro
|-damage|p1a: Zorro|13/100
|-boost|p2a: Iron Treads|spe|1
|
|-heal|p2a: Iron Treads|59/100|[from] item: Leftovers
|upkeep
|turn|21
|
|t:|1743834034
|move|p2a: Iron Treads|Rapid Spin|p1a: Zorro
|-damage|p1a: Zorro|0 fnt
|-boost|p2a: Iron Treads|spe|1
|faint|p1a: Zorro
|
|-heal|p2a: Iron Treads|65/100|[from] item: Leftovers
|upkeep
|
|t:|1743834038
|switch|p1a: Alien|Glimmora, M, shiny|100/100
|turn|22
|
|t:|1743834042
|move|p2a: Iron Treads|Earthquake|p1a: Alien
|-supereffective|p1a: Alien
|-damage|p1a: Alien|0 fnt
|-activate|p1a: Alien|ability: Toxic Debris
|-sidestart|p2: Burgundi|move: Toxic Spikes
|faint|p1a: Alien
|
|win|Burgundi
|raw|pokemod99's rating: 1202 &rarr; <strong>1180</strong><br />(-22 for losing)
|raw|Burgundi's rating: 1245 &rarr; <strong>1267</strong><br />(+22 for winning)
|l|☆Burgundi
|player|p2|
|l|☆pokemod99
|player|p1|
