|j|☆talon246
|j|☆Champion Corper
|t:|1743793648
|gametype|singles
|player|p1|talon246|marlon|1358
|player|p2|Champion Corper|riley|1276
|teamsize|p1|6
|teamsize|p2|6
|gen|9
|tier|[Gen 9] OU
|rated|
|rule|HP Percentage Mod: HP is shown in percentages
|rule|Endless Battle Clause: Forcing endless battles is banned
|rule|Species Clause: Limit one of each Pokémon
|rule|OHKO Clause: OHKO moves are banned
|rule|Evasion Items Clause: Evasion items are banned
|rule|Evasion Moves Clause: Evasion moves are banned
|rule|Sleep Moves Clause: Sleep-inducing moves are banned
|clearpoke
|poke|p1|Iron Valiant|
|poke|p1|Samurott-Hisui, F|
|poke|p1|Gholdengo|
|poke|p1|Weavile, F|
|poke|p1|Landorus-Therian, M|
|poke|p1|Kingambit, F|
|poke|p2|Lokix, M|
|poke|p2|Pecharunt|
|poke|p2|Primarina, F|
|poke|p2|Dragonite, F|
|poke|p2|Great Tusk|
|poke|p2|Thundurus-Therian, M|
|teampreview
|inactive|Battle timer is ON: inactive players will automatically lose when time's up. (requested by Champion Corper)
|
|t:|1743793662
|start
|switch|p1a: Samurott|Samurott-Hisui, F|100/100
|switch|p2a: Lokix|Lokix, M|100/100
|turn|1
|
|t:|1743793666
|move|p2a: Lokix|First Impression|p1a: Samurott
|-supereffective|p1a: Samurott
|-enditem|p1a: Samurott|Focus Sash
|-damage|p1a: Samurott|1/100
|move|p1a: Samurott|Aqua Cutter|p2a: Lokix
|-damage|p2a: Lokix|20/100
|
|upkeep
|turn|2
|
|t:|1743793671
|switch|p2a: Great Tusk|Great Tusk|100/100
|move|p1a: Samurott|Sucker Punch||[still]
|-fail|p1a: Samurott
|
|upkeep
|turn|3
|
|t:|1743793677
|switch|p1a: Iron Valiant|Iron Valiant|100/100
|move|p2a: Great Tusk|Ice Spinner|p1a: Iron Valiant
|-damage|p1a: Iron Valiant|65/100
|
|upkeep
|turn|4
|
|t:|1743793680
|move|p1a: Iron Valiant|Moonblast|p2a: Great Tusk
|-supereffective|p2a: Great Tusk
|-crit|p2a: Great Tusk
|-damage|p2a: Great Tusk|0 fnt
|faint|p2a: Great Tusk
|-end|p2a: Great Tusk|Protosynthesis|[silent]
|
|upkeep
|
|t:|1743793682
|switch|p2a: Pecharunt|Pecharunt|100/100
|turn|5
|
|t:|1743793684
|-end|p1a: Iron Valiant|Quark Drive|[silent]
|switch|p1a: Samurott|Samurott-Hisui, F|1/100
|move|p2a: Pecharunt|Malignant Chain|p1a: Samurott
|-damage|p1a: Samurott|0 fnt
|faint|p1a: Samurott
|
|upkeep
|
|t:|1743793689
|switch|p1a: Gholdengo|Gholdengo, shiny|100/100
|-item|p1a: Gholdengo|Air Balloon
|turn|6
|
|t:|1743793696
|move|p2a: Pecharunt|Hex|p1a: Gholdengo
|-supereffective|p1a: Gholdengo
|-damage|p1a: Gholdengo|62/100
|-enditem|p1a: Gholdengo|Air Balloon
|move|p1a: Gholdengo|Thunder Wave|p2a: Pecharunt
|-status|p2a: Pecharunt|par
|
|upkeep
|turn|7
|
|t:|1743793703
|switch|p2a: Primarina|Primarina, F|100/100
|move|p1a: Gholdengo|Recover|p1a: Gholdengo
|-heal|p1a: Gholdengo|100/100
|
|upkeep
|turn|8
|
|t:|1743793708
|move|p1a: Gholdengo|Thunder Wave|p2a: Primarina
|-status|p2a: Primarina|par
|cant|p2a: Primarina|par
|
|upkeep
|turn|9
|
|t:|1743793713
|move|p1a: Gholdengo|Hex|p2a: Primarina
|-damage|p2a: Primarina|66/100 par
|move|p2a: Primarina|Surf|p1a: Gholdengo
|-damage|p1a: Gholdengo|47/100
|
|upkeep
|turn|10
|
|t:|1743793720
|move|p1a: Gholdengo|Hex|p2a: Primarina
|-damage|p2a: Primarina|32/100 par
|cant|p2a: Primarina|par
|
|upkeep
|turn|11
|
|t:|1743793723
|move|p1a: Gholdengo|Hex|p2a: Primarina
|-damage|p2a: Primarina|0 fnt
|faint|p2a: Primarina
|
|upkeep
|
|t:|1743793727
|switch|p2a: Lokix|Lokix, M|20/100
|turn|12
|
|t:|1743793732
|move|p2a: Lokix|First Impression|p1a: Gholdengo
|-resisted|p1a: Gholdengo
|-damage|p1a: Gholdengo|25/100
|move|p1a: Gholdengo|Make It Rain|p2a: Lokix
|-damage|p2a: Lokix|0 fnt
|-unboost|p1a: Gholdengo|spa|1
|faint|p2a: Lokix
|
|upkeep
|
|t:|1743793739
|switch|p2a: Thundurus|Thundurus-Therian, M|100/100
|turn|13
|
|t:|1743793747
|switch|p1a: Landorus|Landorus-Therian, M|100/100
|-ability|p1a: Landorus|Intimidate|boost
|-unboost|p2a: Thundurus|atk|1
|move|p2a: Thundurus|Knock Off|p1a: Landorus
|-damage|p1a: Landorus|85/100
|-enditem|p1a: Landorus|Soft Sand|[from] move: Knock Off|[of] p2a: Thundurus
|
|upkeep
|turn|14
|
|t:|1743793751
|switch|p2a: Pecharunt|Pecharunt|100/100 par
|move|p1a: Landorus|Stone Edge|p2a: Pecharunt
|-damage|p2a: Pecharunt|79/100 par
|
|upkeep
|turn|15
|
|t:|1743793759
|move|p1a: Landorus|Taunt|p2a: Pecharunt
|-start|p2a: Pecharunt|move: Taunt
|cant|p2a: Pecharunt|par
|
|upkeep
|turn|16
|
|t:|1743793761
|move|p1a: Landorus|Earthquake|p2a: Pecharunt
|-supereffective|p2a: Pecharunt
|-damage|p2a: Pecharunt|8/100 par
|cant|p2a: Pecharunt|par
|
|upkeep
|turn|17
|
|t:|1743793771
|move|p1a: Landorus|Earthquake|p2a: Pecharunt
|-supereffective|p2a: Pecharunt
|-damage|p2a: Pecharunt|0 fnt
|faint|p2a: Pecharunt
|
|upkeep
|
|t:|1743793772
|switch|p2a: Dragonite|Dragonite, F|100/100
|turn|18
|
|t:|1743793774
|move|p1a: Landorus|Stone Edge|p2a: Dragonite
|-supereffective|p2a: Dragonite
|-damage|p2a: Dragonite|56/100
|move|p2a: Dragonite|Dragon Dance|p2a: Dragonite
|-boost|p2a: Dragonite|atk|1
|-boost|p2a: Dragonite|spe|1
|
|upkeep
|turn|19
|
|t:|1743793777
|-terastallize|p2a: Dragonite|Normal
|move|p2a: Dragonite|Ice Spinner|p1a: Landorus
|-supereffective|p1a: Landorus
|-crit|p1a: Landorus
|-damage|p1a: Landorus|0 fnt
|faint|p1a: Landorus
|
|upkeep
|
|t:|1743793783
|switch|p1a: Iron Valiant|Iron Valiant|65/100
|turn|20
|
|t:|1743793787
|-terastallize|p1a: Iron Valiant|Ghost
|move|p1a: Iron Valiant|Close Combat|p2a: Dragonite
|-supereffective|p2a: Dragonite
|-damage|p2a: Dragonite|0 fnt
|-unboost|p1a: Iron Valiant|def|1
|-unboost|p1a: Iron Valiant|spd|1
|faint|p2a: Dragonite
|
|upkeep
|
|t:|1743793797
|switch|p2a: Thundurus|Thundurus-Therian, M|100/100
|turn|21
|
|t:|1743793805
|-end|p1a: Iron Valiant|Quark Drive|[silent]
|switch|p1a: Gholdengo|Gholdengo, shiny|25/100
|move|p2a: Thundurus|Volt Switch|p1a: Gholdengo
|-damage|p1a: Gholdengo|0 fnt
|faint|p1a: Gholdengo
|
|upkeep
|-message|Champion Corper forfeited.
|
|win|talon246
|raw|talon246's rating: 1358 &rarr; <strong>1373</strong><br />(+15 for winning)
|raw|Champion Corper's rating: 1276 &rarr; <strong>1257</strong><br />(-19 for losing)
|l|☆Champion Corper
|player|p2|
