|j|☆Sawft n Wet
|j|☆Dew123
|t:|1743880580
|gametype|singles
|player|p1|Sawft n Wet|102|1091
|player|p2|Dew123|biker-gen4|1078
|teamsize|p1|6
|teamsize|p2|6
|gen|9
|tier|[Gen 9] OU
|rated|
|rule|HP Percentage Mod: HP is shown in percentages
|rule|Endless Battle Clause: Forcing endless battles is banned
|rule|Species Clause: Limit one of each Pokémon
|rule|OHKO Clause: OHKO moves are banned
|rule|Evasion Items Clause: Evasion items are banned
|rule|Evasion Moves Clause: Evasion moves are banned
|rule|Sleep Moves Clause: Sleep-inducing moves are banned
|clearpoke
|poke|p1|Pelipper, F|
|poke|p1|Qwilfish, F|
|poke|p1|Zapdos|
|poke|p1|Kingdra, M|
|poke|p1|Floatzel, F|
|poke|p1|Swampert, M|
|poke|p2|Rotom-Mow|
|poke|p2|Dugtrio-Alola, M|
|poke|p2|Haxorus, F|
|poke|p2|Skeledirge, M|
|poke|p2|Alcremie, F|
|poke|p2|Duraludon, F|
|teampreview
|
|t:|1743880584
|start
|switch|p1a: PREP PHASE|Pelipper, F, shiny|100/100
|switch|p2a: Dugtrio|Dugtrio-Alola, M|100/100
|-weather|RainDance|[from] ability: Drizzle|[of] p1a: PREP PHASE
|turn|1
|
|t:|1743880596
|move|p2a: Dugtrio|Sandstorm|p2a: Dugtrio
|-weather|Sandstorm
|move|p1a: PREP PHASE|U-turn|p2a: Dugtrio
|-resisted|p2a: Dugtrio
|-damage|p2a: Dugtrio|90/100
|inactive|Battle timer is ON: inactive players will automatically lose when time's up. (requested by Dew123)
|
|t:|1743880606
|switch|p1a: Guppy|Swampert, M|100/100|[from] U-turn
|
|-weather|Sandstorm|[upkeep]
|upkeep
|turn|2
|
|t:|1743880608
|move|p2a: Dugtrio|Earthquake|p1a: Guppy
|-damage|p1a: Guppy|51/100
|move|p1a: Guppy|Rain Dance|p1a: Guppy
|-weather|RainDance
|
|-weather|RainDance|[upkeep]
|upkeep
|turn|3
|
|t:|1743880616
|move|p2a: Dugtrio|Sandstorm|p2a: Dugtrio
|-weather|Sandstorm
|move|p1a: Guppy|Earthquake|p2a: Dugtrio
|-supereffective|p2a: Dugtrio
|-damage|p2a: Dugtrio|0 fnt
|faint|p2a: Dugtrio
|-damage|p1a: Guppy|41/100|[from] item: Life Orb
|
|-weather|Sandstorm|[upkeep]
|upkeep
|
|t:|1743880619
|switch|p2a: Rotom|Rotom-Mow|100/100
|turn|4
|
|t:|1743880626
|move|p2a: Rotom|Will-O-Wisp|p1a: Guppy|[miss]
|-miss|p2a: Rotom|p1a: Guppy
|move|p1a: Guppy|Stealth Rock|p2a: Rotom
|-sidestart|p2: Dew123|move: Stealth Rock
|
|-weather|Sandstorm|[upkeep]
|-damage|p2a: Rotom|94/100|[from] Sandstorm
|-heal|p2a: Rotom|100/100|[from] item: Leftovers
|upkeep
|turn|5
|
|t:|1743880630
|move|p2a: Rotom|Will-O-Wisp|p1a: Guppy
|-status|p1a: Guppy|brn
|move|p1a: Guppy|Rain Dance|p1a: Guppy
|-weather|RainDance
|
|-weather|RainDance|[upkeep]
|-damage|p1a: Guppy|35/100 brn|[from] brn
|upkeep
|turn|6
|
|t:|1743880633
|move|p2a: Rotom|Leaf Storm|p1a: Guppy
|-supereffective|p1a: Guppy
|-damage|p1a: Guppy|0 fnt
|-unboost|p2a: Rotom|spa|2
|faint|p1a: Guppy
|
|-weather|RainDance|[upkeep]
|upkeep
|
|t:|1743880646
|switch|p1a: PREP PHASE|Pelipper, F, shiny|100/100
|turn|7
|
|t:|1743880656
|move|p2a: Rotom|Volt Switch|p1a: PREP PHASE
|-supereffective|p1a: PREP PHASE
|-damage|p1a: PREP PHASE|21/100
|
|t:|1743880661
|switch|p2a: Duraludon|Duraludon, F|100/100|[from] Volt Switch
|-damage|p2a: Duraludon|94/100|[from] Stealth Rock
|move|p1a: PREP PHASE|Hurricane|p2a: Duraludon
|-resisted|p2a: Duraludon
|-damage|p2a: Duraludon|77/100
|
|-weather|RainDance|[upkeep]
|upkeep
|turn|8
|inactive|Dew123 has 120 seconds left.
|
|t:|1743880700
|move|p2a: Duraludon|Thunderbolt|p1a: PREP PHASE
|-supereffective|p1a: PREP PHASE
|-damage|p1a: PREP PHASE|0 fnt
|faint|p1a: PREP PHASE
|
|-weather|RainDance|[upkeep]
|upkeep
|
|t:|1743880712
|switch|p1a: BangBang|Kingdra, M|100/100
|turn|9
|inactive|Dew123 has 120 seconds left.
|
|t:|1743880730
|move|p1a: BangBang|Dragon Pulse|p2a: Duraludon
|-damage|p2a: Duraludon|33/100
|-damage|p1a: BangBang|91/100|[from] item: Life Orb
|move|p2a: Duraludon|Dragon Pulse|p1a: BangBang
|-supereffective|p1a: BangBang
|-damage|p1a: BangBang|0 fnt
|faint|p1a: BangBang
|
|-weather|none
|upkeep
|
|t:|1743880740
|switch|p1a: Laser|Floatzel, F, shiny|100/100
|turn|10
|
|t:|1743880748
|move|p1a: Laser|Bulk Up|p1a: Laser
|-boost|p1a: Laser|atk|1
|-boost|p1a: Laser|def|1
|move|p2a: Duraludon|Thunderbolt|p1a: Laser
|-supereffective|p1a: Laser
|-damage|p1a: Laser|0 fnt
|faint|p1a: Laser
|
|upkeep
|-message|Sawft n Wet forfeited.
|
|win|Dew123
|raw|Sawft n Wet's rating: 1091 &rarr; <strong>1066</strong><br />(-25 for losing)
|raw|Dew123's rating: 1078 &rarr; <strong>1107</strong><br />(+29 for winning)
|l|☆Sawft n Wet
|player|p1|
|l|☆Dew123
|player|p2|
