|j|☆GorgeousGal
|j|☆RockPaperScisors
|t:|1743832973
|gametype|singles
|player|p1|GorgeousGal|102|1186
|player|p2|RockPaperScisors|hiker-gen4|1200
|teamsize|p1|6
|teamsize|p2|6
|gen|9
|tier|[Gen 9] OU
|rated|
|rule|HP Percentage Mod: HP is shown in percentages
|rule|Endless Battle Clause: Forcing endless battles is banned
|rule|Species Clause: Limit one of each Pokémon
|rule|OHKO Clause: OHKO moves are banned
|rule|Evasion Items Clause: Evasion items are banned
|rule|Evasion Moves Clause: Evasion moves are banned
|rule|Sleep Moves Clause: Sleep-inducing moves are banned
|clearpoke
|poke|p1|Great Tusk|
|poke|p1|Kingambit, M|
|poke|p1|Zamazenta-*|
|poke|p1|Glimmora, M|
|poke|p1|Polteageist|
|poke|p1|Walking Wake|
|poke|p2|Garganacl, M|
|poke|p2|Alomomola, F|
|poke|p2|Blissey, F|
|poke|p2|Gliscor, M|
|poke|p2|Skarmory, M|
|poke|p2|Pecharunt|
|teampreview
|inactive|Battle timer is ON: inactive players will automatically lose when time's up. (requested by GorgeousGal)
|
|t:|1743833000
|start
|switch|p1a: Glimmora|Glimmora, M|100/100
|switch|p2a: Gliscor|Gliscor, M|100/100
|turn|1
|
|t:|1743833006
|move|p2a: Gliscor|Protect|p2a: Gliscor
|-singleturn|p2a: Gliscor|Protect
|move|p1a: Glimmora|Spikes|p2a: Gliscor
|-sidestart|p2: RockPaperScisors|Spikes
|
|-status|p2a: Gliscor|tox|[from] item: Toxic Orb
|upkeep
|turn|2
|
|t:|1743833017
|move|p1a: Glimmora|Spikes|p2a: Gliscor
|-sidestart|p2: RockPaperScisors|Spikes
|move|p2a: Gliscor|Knock Off|p1a: Glimmora
|-damage|p1a: Glimmora|74/100
|-activate|p1a: Glimmora|ability: Toxic Debris
|-sidestart|p2: RockPaperScisors|move: Toxic Spikes
|-enditem|p1a: Glimmora|Focus Sash|[from] move: Knock Off|[of] p2a: Gliscor
|
|upkeep
|turn|3
|
|t:|1743833039
|switch|p1a: Great Tusk|Great Tusk|100/100
|move|p2a: Gliscor|Substitute|p2a: Gliscor
|-start|p2a: Gliscor|Substitute
|-damage|p2a: Gliscor|76/100 tox
|
|-heal|p2a: Gliscor|88/100 tox|[from] ability: Poison Heal
|upkeep
|turn|4
|
|t:|1743833047
|move|p2a: Gliscor|Toxic|p1a: Great Tusk
|-status|p1a: Great Tusk|tox
|move|p1a: Great Tusk|Ice Spinner|p2a: Gliscor
|-supereffective|p2a: Gliscor
|-end|p2a: Gliscor|Substitute
|
|-heal|p2a: Gliscor|100/100 tox|[from] ability: Poison Heal
|-damage|p1a: Great Tusk|94/100 tox|[from] psn
|upkeep
|turn|5
|
|t:|1743833060
|-end|p1a: Great Tusk|Protosynthesis|[silent]
|switch|p1a: Glimmora|Glimmora, M|74/100
|move|p2a: Gliscor|Protect||[still]
|-fail|p2a: Gliscor
|
|upkeep
|turn|6
|
|t:|1743833069
|move|p1a: Glimmora|Power Gem|p2a: Gliscor
|-damage|p2a: Gliscor|66/100 tox
|move|p2a: Gliscor|Substitute|p2a: Gliscor
|-start|p2a: Gliscor|Substitute
|-damage|p2a: Gliscor|41/100 tox
|
|-heal|p2a: Gliscor|54/100 tox|[from] ability: Poison Heal
|upkeep
|turn|7
|
|t:|1743833079
|move|p2a: Gliscor|Protect|p2a: Gliscor
|-singleturn|p2a: Gliscor|Protect
|move|p1a: Glimmora|Power Gem|p2a: Gliscor
|-activate|p2a: Gliscor|move: Protect
|
|-heal|p2a: Gliscor|66/100 tox|[from] ability: Poison Heal
|upkeep
|turn|8
|
|t:|1743833086
|move|p1a: Glimmora|Power Gem|p2a: Gliscor
|-end|p2a: Gliscor|Substitute
|move|p2a: Gliscor|Knock Off|p1a: Glimmora
|-damage|p1a: Glimmora|56/100
|-activate|p1a: Glimmora|ability: Toxic Debris
|-sidestart|p2: RockPaperScisors|move: Toxic Spikes
|
|-heal|p2a: Gliscor|79/100 tox|[from] ability: Poison Heal
|upkeep
|turn|9
|
|t:|1743833097
|move|p1a: Glimmora|Spikes|p2a: Gliscor
|-sidestart|p2: RockPaperScisors|Spikes
|move|p2a: Gliscor|Substitute|p2a: Gliscor
|-start|p2a: Gliscor|Substitute
|-damage|p2a: Gliscor|54/100 tox
|
|-heal|p2a: Gliscor|66/100 tox|[from] ability: Poison Heal
|upkeep
|turn|10
|
|t:|1743833106
|move|p2a: Gliscor|Protect|p2a: Gliscor
|-singleturn|p2a: Gliscor|Protect
|move|p1a: Glimmora|Earth Power|p2a: Gliscor
|-activate|p2a: Gliscor|move: Protect
|
|-heal|p2a: Gliscor|79/100 tox|[from] ability: Poison Heal
|upkeep
|turn|11
|
|t:|1743833120
|move|p1a: Glimmora|Power Gem|p2a: Gliscor
|-end|p2a: Gliscor|Substitute
|move|p2a: Gliscor|Knock Off|p1a: Glimmora
|-damage|p1a: Glimmora|39/100
|
|-heal|p2a: Gliscor|91/100 tox|[from] ability: Poison Heal
|upkeep
|turn|12
|
|t:|1743833132
|switch|p1a: Kingambit|Kingambit, M|100/100
|move|p2a: Gliscor|Knock Off|p1a: Kingambit
|-resisted|p1a: Kingambit
|-damage|p1a: Kingambit|93/100
|-enditem|p1a: Kingambit|Leftovers|[from] move: Knock Off|[of] p2a: Gliscor
|
|-heal|p2a: Gliscor|100/100 tox|[from] ability: Poison Heal
|upkeep
|turn|13
|
|t:|1743833144
|switch|p2a: Skarmory|Skarmory, M|100/100
|move|p1a: Kingambit|Swords Dance|p1a: Kingambit
|-boost|p1a: Kingambit|atk|2
|
|upkeep
|turn|14
|
|t:|1743833152
|-end|p1a: Kingambit|fallenundefined|[silent]
|switch|p1a: Polteageist|Polteageist|100/100
|move|p2a: Skarmory|Body Press|p1a: Polteageist
|-immune|p1a: Polteageist
|
|upkeep
|turn|15
|
|t:|1743833160
|switch|p2a: Blissey|Blissey, F|100/100
|move|p1a: Polteageist|Shell Smash|p1a: Polteageist
|-unboost|p1a: Polteageist|def|1
|-unboost|p1a: Polteageist|spd|1
|-boost|p1a: Polteageist|atk|2
|-boost|p1a: Polteageist|spa|2
|-boost|p1a: Polteageist|spe|2
|
|upkeep
|turn|16
|
|t:|1743833178
|switch|p1a: Great Tusk|Great Tusk|94/100 tox
|move|p2a: Blissey|Calm Mind|p2a: Blissey
|-boost|p2a: Blissey|spa|1
|-boost|p2a: Blissey|spd|1
|
|-damage|p1a: Great Tusk|88/100 tox|[from] psn
|upkeep
|turn|17
|inactive|RockPaperScisors has 120 seconds left.
|
|t:|1743833204
|switch|p2a: Alomomola|Alomomola, F|100/100
|move|p1a: Great Tusk|Knock Off|p2a: Alomomola
|-damage|p2a: Alomomola|86/100
|-enditem|p2a: Alomomola|Heavy-Duty Boots|[from] move: Knock Off|[of] p1a: Great Tusk
|
|-damage|p1a: Great Tusk|76/100 tox|[from] psn
|upkeep
|turn|18
|inactive|RockPaperScisors has 120 seconds left.
|
|t:|1743833220
|-end|p1a: Great Tusk|Protosynthesis|[silent]
|switch|p1a: Walking Wake|Walking Wake|100/100
|move|p2a: Alomomola|Flip Turn|p1a: Walking Wake
|-resisted|p1a: Walking Wake
|-damage|p1a: Walking Wake|96/100
|
|t:|1743833239
|switch|p2a: Pecharunt|Pecharunt|100/100|[from] Flip Turn
|-sideend|p2: RockPaperScisors|move: Toxic Spikes|[of] p2a: Pecharunt
|
|upkeep
|turn|19
|
|t:|1743833250
|switch|p2a: Blissey|Blissey, F|100/100
|move|p1a: Walking Wake|Draco Meteor|p2a: Blissey|[miss]
|-miss|p1a: Walking Wake|p2a: Blissey
|
|upkeep
|turn|20
|
|t:|1743833267
|-end|p1a: Walking Wake|Protosynthesis|[silent]
|switch|p1a: Great Tusk|Great Tusk|76/100 tox
|switch|p2a: Skarmory|Skarmory, M|100/100
|
|-damage|p1a: Great Tusk|69/100 tox|[from] psn
|upkeep
|turn|21
|
|t:|1743833279
|move|p1a: Great Tusk|Knock Off|p2a: Skarmory
|-damage|p2a: Skarmory|85/100
|-enditem|p2a: Skarmory|Heavy-Duty Boots|[from] move: Knock Off|[of] p1a: Great Tusk
|move|p2a: Skarmory|Iron Defense|p2a: Skarmory
|-boost|p2a: Skarmory|def|2
|
|-damage|p1a: Great Tusk|57/100 tox|[from] psn
|upkeep
|turn|22
|
|t:|1743833290
|-end|p1a: Great Tusk|Protosynthesis|[silent]
|switch|p1a: Zamazenta|Zamazenta|100/100
|-ability|p1a: Zamazenta|Dauntless Shield|boost
|-boost|p1a: Zamazenta|def|1
|move|p2a: Skarmory|Spikes|p1a: Zamazenta
|-sidestart|p1: GorgeousGal|Spikes
|
|upkeep
|turn|23
|
|t:|1743833300
|move|p1a: Zamazenta|Substitute|p1a: Zamazenta
|-start|p1a: Zamazenta|Substitute
|-damage|p1a: Zamazenta|76/100
|move|p2a: Skarmory|Spikes|p1a: Zamazenta
|-sidestart|p1: GorgeousGal|Spikes
|
|-heal|p1a: Zamazenta|82/100|[from] item: Leftovers
|upkeep
|turn|24
|
|t:|1743833307
|move|p1a: Zamazenta|Iron Defense|p1a: Zamazenta
|-boost|p1a: Zamazenta|def|2
|move|p2a: Skarmory|Spikes|p1a: Zamazenta
|-sidestart|p1: GorgeousGal|Spikes
|
|-heal|p1a: Zamazenta|88/100|[from] item: Leftovers
|upkeep
|turn|25
|
|t:|1743833316
|move|p2a: Skarmory|Roost|p2a: Skarmory
|-heal|p2a: Skarmory|100/100
|-singleturn|p2a: Skarmory|move: Roost
|move|p1a: Zamazenta|Roar|p2a: Skarmory
|drag|p2a: Pecharunt|Pecharunt|100/100
|
|-heal|p1a: Zamazenta|94/100|[from] item: Leftovers
|upkeep
|turn|26
|
|t:|1743833329
|move|p2a: Pecharunt|Hex|p1a: Zamazenta
|-activate|p1a: Zamazenta|move: Substitute|[damage]
|move|p1a: Zamazenta|Roar|p2a: Pecharunt
|drag|p2a: Garganacl|Garganacl, M|100/100
|
|-heal|p1a: Zamazenta|100/100|[from] item: Leftovers
|upkeep
|turn|27
|
|t:|1743833342
|switch|p2a: Pecharunt|Pecharunt|100/100
|move|p1a: Zamazenta|Roar|p2a: Pecharunt
|drag|p2a: Garganacl|Garganacl, M|100/100
|
|upkeep
|turn|28
|
|t:|1743833349
|switch|p2a: Pecharunt|Pecharunt|100/100
|move|p1a: Zamazenta|Body Press|p2a: Pecharunt
|-immune|p2a: Pecharunt
|
|upkeep
|turn|29
|inactive|RockPaperScisors has 120 seconds left.
|-message|GorgeousGal forfeited.
|
|win|RockPaperScisors
|raw|GorgeousGal's rating: 1186 &rarr; <strong>1162</strong><br />(-24 for losing)
|raw|RockPaperScisors's rating: 1200 &rarr; <strong>1224</strong><br />(+24 for winning)
|l|☆GorgeousGal
|player|p1|
|l|☆RockPaperScisors
|player|p2|
