|j|‽imstr8ballin
|j|☆DBest04
|t:|1743812886
|gametype|singles
|player|p1|imstr8ballin|266|1628
|player|p2|DBest04|1|1606
|teamsize|p1|6
|teamsize|p2|6
|gen|9
|tier|[Gen 9] OU
|rated|
|rule|HP Percentage Mod: HP is shown in percentages
|rule|Endless Battle Clause: Forcing endless battles is banned
|rule|Species Clause: Limit one of each Pokémon
|rule|OHKO Clause: OHKO moves are banned
|rule|Evasion Items Clause: Evasion items are banned
|rule|Evasion Moves Clause: Evasion moves are banned
|rule|Sleep Moves Clause: Sleep-inducing moves are banned
|clearpoke
|poke|p1|Serperior, M|
|poke|p1|Tinkaton, F|
|poke|p1|Ceruledge, M|
|poke|p1|Gholdengo|
|poke|p1|Sandaconda, M|
|poke|p1|Zapdos|
|poke|p2|Cinderace, M|
|poke|p2|Kingambit, M|
|poke|p2|Ribombee, F|
|poke|p2|Gholdengo|
|poke|p2|Empoleon, M|
|poke|p2|Serperior, F|
|teampreview
|inactive|Battle timer is ON: inactive players will automatically lose when time's up. (requested by imstr8ballin)
|
|t:|1743812897
|start
|switch|p1a: Sandaconda|Sandaconda, M|100/100
|switch|p2a: Bumblebee|Ribombee, F, shiny|100/100
|turn|1
|j| edm4nnnn
|
|t:|1743812905
|move|p2a: Bumblebee|Sticky Web|p1a: Sandaconda
|-sidestart|p1: imstr8ballin|move: Sticky Web
|move|p1a: Sandaconda|Glare|p2a: Bumblebee
|-status|p2a: Bumblebee|par
|
|upkeep
|turn|2
|l| edm4nnnn
|inactive|imstr8ballin has 120 seconds left.
|l|‽imstr8ballin
|inactive|imstr8ballin disconnected and has a minute to reconnect!
|player|p1|
|j|‽imstr8ballin
|inactive|imstr8ballin reconnected and has 80 seconds left.
|player|p1|imstr8ballin|266|
|n|‽imstr8ballin|imstr8ballin
|n|‽imstr8ballin|imstr8ballin
|
|t:|1743812991
|switch|p2a: Lemillion|Gholdengo|100/100
|-item|p2a: Lemillion|Air Balloon
|move|p1a: Sandaconda|Stealth Rock|p2a: Lemillion
|-sidestart|p2: DBest04|move: Stealth Rock
|
|upkeep
|turn|3
|
|t:|1743812998
|switch|p1a: Zapdos|Zapdos|100/100
|-ability|p1a: Zapdos|Pressure
|move|p2a: Lemillion|Make It Rain|p1a: Zapdos
|-resisted|p1a: Zapdos
|-damage|p1a: Zapdos|68/100
|-unboost|p2a: Lemillion|spa|1
|
|-heal|p1a: Zapdos|74/100|[from] item: Leftovers
|upkeep
|turn|4
|
|t:|1743813007
|switch|p2a: Bumblebee|Ribombee, F, shiny|100/100 par
|-damage|p2a: Bumblebee|76/100 par|[from] Stealth Rock
|move|p1a: Zapdos|Discharge|p2a: Bumblebee
|-damage|p2a: Bumblebee|26/100 par
|
|-heal|p1a: Zapdos|80/100|[from] item: Leftovers
|upkeep
|turn|5
|
|t:|1743813014
|move|p1a: Zapdos|Substitute|p1a: Zapdos
|-start|p1a: Zapdos|Substitute
|-damage|p1a: Zapdos|55/100
|cant|p2a: Bumblebee|par
|
|-heal|p1a: Zapdos|61/100|[from] item: Leftovers
|upkeep
|turn|6
|
|t:|1743813021
|move|p1a: Zapdos|Discharge|p2a: Bumblebee
|-damage|p2a: Bumblebee|0 fnt
|faint|p2a: Bumblebee
|
|-heal|p1a: Zapdos|68/100|[from] item: Leftovers
|upkeep
|
|t:|1743813025
|switch|p2a: Ace|Cinderace, M|100/100
|turn|7
|
|t:|1743813038
|move|p2a: Ace|Court Change|p2a: Ace
|-swapsideconditions
|-activate|p2a: Ace|move: Court Change
|move|p1a: Zapdos|Discharge|p2a: Ace
|-damage|p2a: Ace|57/100
|-status|p2a: Ace|par
|
|-heal|p1a: Zapdos|74/100|[from] item: Leftovers
|upkeep
|turn|8
|
|t:|1743813046
|move|p1a: Zapdos|Discharge|p2a: Ace
|-damage|p2a: Ace|11/100 par
|move|p2a: Ace|Pyro Ball|p1a: Zapdos
|-end|p1a: Zapdos|Substitute
|
|-heal|p1a: Zapdos|80/100|[from] item: Leftovers
|upkeep
|turn|9
|
|t:|1743813058
|switch|p2a: A Man's World|Kingambit, M, shiny|100/100
|-activate|p2a: A Man's World|move: Sticky Web
|-unboost|p2a: A Man's World|spe|1
|-ability|p2a: A Man's World|Defiant|boost
|-boost|p2a: A Man's World|atk|2
|move|p1a: Zapdos|Substitute|p1a: Zapdos
|-start|p1a: Zapdos|Substitute
|-damage|p1a: Zapdos|55/100
|
|-heal|p1a: Zapdos|61/100|[from] item: Leftovers
|upkeep
|turn|10
|
|t:|1743813070
|move|p1a: Zapdos|Discharge|p2a: A Man's World
|-damage|p2a: A Man's World|81/100
|move|p2a: A Man's World|Kowtow Cleave|p1a: Zapdos
|-end|p1a: Zapdos|Substitute
|
|-heal|p1a: Zapdos|68/100|[from] item: Leftovers
|upkeep
|turn|11
|
|t:|1743813076
|move|p1a: Zapdos|Discharge|p2a: A Man's World
|-damage|p2a: A Man's World|63/100
|move|p2a: A Man's World|Kowtow Cleave|p1a: Zapdos
|-damage|p1a: Zapdos|0 fnt
|faint|p1a: Zapdos
|
|upkeep
|inactive|imstr8ballin has 120 seconds left.
|
|t:|1743813081
|switch|p1a: Sandaconda|Sandaconda, M|100/100
|-damage|p1a: Sandaconda|95/100|[from] Stealth Rock
|turn|12
|
|t:|1743813092
|switch|p2a: Lemillion|Gholdengo|100/100
|-item|p2a: Lemillion|Air Balloon
|move|p1a: Sandaconda|Glare|p2a: Lemillion
|-immune|p2a: Lemillion|[from] ability: Good as Gold
|
|upkeep
|turn|13
|
|t:|1743813110
|move|p1a: Sandaconda|Stealth Rock|p2a: Lemillion
|-sidestart|p2: DBest04|move: Stealth Rock
|move|p2a: Lemillion|Shadow Ball|p1a: Sandaconda
|-damage|p1a: Sandaconda|22/100
|
|upkeep
|turn|14
|
|t:|1743813112
|move|p1a: Sandaconda|Endeavor|p2a: Lemillion
|-immune|p2a: Lemillion
|move|p2a: Lemillion|Shadow Ball|p1a: Sandaconda
|-damage|p1a: Sandaconda|0 fnt
|faint|p1a: Sandaconda
|
|upkeep
|
|t:|1743813119
|switch|p1a: Tinkaton|Tinkaton, F|100/100
|-damage|p1a: Tinkaton|94/100|[from] Stealth Rock
|-ability|p1a: Tinkaton|Mold Breaker
|turn|15
|
|t:|1743813128
|move|p1a: Tinkaton|Substitute|p1a: Tinkaton
|-start|p1a: Tinkaton|Substitute
|-damage|p1a: Tinkaton|70/100
|move|p2a: Lemillion|Nasty Plot|p2a: Lemillion
|-boost|p2a: Lemillion|spa|2
|
|-heal|p1a: Tinkaton|76/100|[from] item: Leftovers
|upkeep
|turn|16
|
|t:|1743813131
|move|p1a: Tinkaton|Thunder Wave|p2a: Lemillion
|-status|p2a: Lemillion|par
|cant|p2a: Lemillion|par
|
|-heal|p1a: Tinkaton|82/100|[from] item: Leftovers
|upkeep
|turn|17
|
|t:|1743813139
|move|p1a: Tinkaton|Swords Dance|p1a: Tinkaton
|-boost|p1a: Tinkaton|atk|2
|move|p2a: Lemillion|Shadow Ball|p1a: Tinkaton
|-end|p1a: Tinkaton|Substitute
|
|-heal|p1a: Tinkaton|88/100|[from] item: Leftovers
|upkeep
|turn|18
|
|t:|1743813147
|move|p1a: Tinkaton|Substitute|p1a: Tinkaton
|-start|p1a: Tinkaton|Substitute
|-damage|p1a: Tinkaton|63/100
|move|p2a: Lemillion|Shadow Ball|p1a: Tinkaton
|-end|p1a: Tinkaton|Substitute
|
|-heal|p1a: Tinkaton|69/100|[from] item: Leftovers
|upkeep
|turn|19
|
|t:|1743813151
|move|p1a: Tinkaton|Substitute|p1a: Tinkaton
|-start|p1a: Tinkaton|Substitute
|-damage|p1a: Tinkaton|45/100
|move|p2a: Lemillion|Shadow Ball|p1a: Tinkaton
|-end|p1a: Tinkaton|Substitute
|
|-heal|p1a: Tinkaton|51/100|[from] item: Leftovers
|upkeep
|turn|20
|
|t:|1743813156
|move|p1a: Tinkaton|Substitute|p1a: Tinkaton
|-start|p1a: Tinkaton|Substitute
|-damage|p1a: Tinkaton|26/100
|cant|p2a: Lemillion|par
|
|-heal|p1a: Tinkaton|32/100|[from] item: Leftovers
|upkeep
|turn|21
|
|t:|1743813160
|move|p1a: Tinkaton|Gigaton Hammer|p2a: Lemillion
|-resisted|p2a: Lemillion
|-damage|p2a: Lemillion|45/100 par
|-enditem|p2a: Lemillion|Air Balloon
|move|p2a: Lemillion|Shadow Ball|p1a: Tinkaton
|-end|p1a: Tinkaton|Substitute
|
|-heal|p1a: Tinkaton|38/100|[from] item: Leftovers
|upkeep
|turn|22
|
|t:|1743813166
|move|p1a: Tinkaton|Substitute|p1a: Tinkaton
|-start|p1a: Tinkaton|Substitute
|-damage|p1a: Tinkaton|13/100
|move|p2a: Lemillion|Recover|p2a: Lemillion
|-heal|p2a: Lemillion|95/100 par
|
|-heal|p1a: Tinkaton|19/100|[from] item: Leftovers
|upkeep
|turn|23
|
|t:|1743813172
|move|p1a: Tinkaton|Gigaton Hammer|p2a: Lemillion
|-resisted|p2a: Lemillion
|-damage|p2a: Lemillion|38/100 par
|move|p2a: Lemillion|Recover|p2a: Lemillion
|-heal|p2a: Lemillion|88/100 par
|
|-heal|p1a: Tinkaton|26/100|[from] item: Leftovers
|upkeep
|turn|24
|
|t:|1743813177
|move|p1a: Tinkaton|Swords Dance|p1a: Tinkaton
|-boost|p1a: Tinkaton|atk|2
|move|p2a: Lemillion|Shadow Ball|p1a: Tinkaton
|-end|p1a: Tinkaton|Substitute
|
|-heal|p1a: Tinkaton|32/100|[from] item: Leftovers
|upkeep
|turn|25
|
|t:|1743813184
|switch|p2a: Ace|Cinderace, M|11/100 par
|move|p1a: Tinkaton|Substitute|p1a: Tinkaton
|-start|p1a: Tinkaton|Substitute
|-damage|p1a: Tinkaton|7/100
|
|-heal|p1a: Tinkaton|13/100|[from] item: Leftovers
|upkeep
|turn|26
|
|t:|1743813187
|move|p1a: Tinkaton|Gigaton Hammer|p2a: Ace
|-resisted|p2a: Ace
|-damage|p2a: Ace|0 fnt
|faint|p2a: Ace
|
|-heal|p1a: Tinkaton|19/100|[from] item: Leftovers
|upkeep
|inactive|DBest04 has 120 seconds left.
|
|t:|1743813230
|switch|p2a: Kingpen|Empoleon, M, shiny|100/100
|-activate|p2a: Kingpen|move: Sticky Web
|-unboost|p2a: Kingpen|spe|1
|-ability|p2a: Kingpen|Competitive|boost
|-boost|p2a: Kingpen|spa|2
|-damage|p2a: Kingpen|94/100|[from] Stealth Rock
|turn|27
|
|t:|1743813238
|move|p1a: Tinkaton|Thunder Wave|p2a: Kingpen
|-status|p2a: Kingpen|par
|move|p2a: Kingpen|Surf|p1a: Tinkaton
|-end|p1a: Tinkaton|Substitute
|
|-heal|p1a: Tinkaton|25/100|[from] item: Leftovers
|upkeep
|turn|28
|inactive|DBest04 has 120 seconds left.
|
|t:|1743813243
|move|p2a: Kingpen|Vacuum Wave|p1a: Tinkaton
|-crit|p1a: Tinkaton
|-damage|p1a: Tinkaton|0 fnt
|faint|p1a: Tinkaton
|
|upkeep
|
|t:|1743813258
|switch|p1a: Gholdengo|Gholdengo|100/100
|-damage|p1a: Gholdengo|94/100|[from] Stealth Rock
|turn|29
|
|t:|1743813261
|move|p1a: Gholdengo|Substitute|p1a: Gholdengo
|-start|p1a: Gholdengo|Substitute
|-damage|p1a: Gholdengo|70/100
|move|p2a: Kingpen|Surf|p1a: Gholdengo
|-end|p1a: Gholdengo|Substitute
|
|-heal|p1a: Gholdengo|76/100|[from] item: Leftovers
|upkeep
|turn|30
|c|☆DBest04|I just realized this is the whole team gimmick lol
|
|t:|1743813279
|move|p1a: Gholdengo|Substitute|p1a: Gholdengo
|-start|p1a: Gholdengo|Substitute
|-damage|p1a: Gholdengo|51/100
|move|p2a: Kingpen|Surf|p1a: Gholdengo
|-crit|p1a: Gholdengo
|-end|p1a: Gholdengo|Substitute
|
|-heal|p1a: Gholdengo|57/100|[from] item: Leftovers
|upkeep
|turn|31
|
|t:|1743813284
|move|p1a: Gholdengo|Substitute|p1a: Gholdengo
|-start|p1a: Gholdengo|Substitute
|-damage|p1a: Gholdengo|32/100
|move|p2a: Kingpen|Surf|p1a: Gholdengo
|-end|p1a: Gholdengo|Substitute
|
|-heal|p1a: Gholdengo|38/100|[from] item: Leftovers
|upkeep
|turn|32
|c|☆DBest04|It’s a game of chance
|
|t:|1743813291
|move|p1a: Gholdengo|Substitute|p1a: Gholdengo
|-start|p1a: Gholdengo|Substitute
|-damage|p1a: Gholdengo|14/100
|move|p2a: Kingpen|Surf|p1a: Gholdengo
|-end|p1a: Gholdengo|Substitute
|
|-heal|p1a: Gholdengo|20/100|[from] item: Leftovers
|upkeep
|turn|33
|
|t:|1743813295
|move|p1a: Gholdengo|Hex|p2a: Kingpen
|-damage|p2a: Kingpen|52/100 par
|move|p2a: Kingpen|Surf|p1a: Gholdengo
|-crit|p1a: Gholdengo
|-damage|p1a: Gholdengo|0 fnt
|faint|p1a: Gholdengo
|
|upkeep
|
|t:|1743813301
|switch|p1a: Ceruledge|Ceruledge, M|100/100
|-damage|p1a: Ceruledge|76/100|[from] Stealth Rock
|turn|34
|c|☆DBest04|And sometimes it won’t go your way
|
|t:|1743813316
|move|p1a: Ceruledge|Substitute|p1a: Ceruledge
|-start|p1a: Ceruledge|Substitute
|-damage|p1a: Ceruledge|51/100
|move|p2a: Kingpen|Surf|p1a: Ceruledge
|-supereffective|p1a: Ceruledge
|-end|p1a: Ceruledge|Substitute
|
|-heal|p1a: Ceruledge|57/100|[from] item: Leftovers
|upkeep
|turn|35
|
|t:|1743813321
|move|p1a: Ceruledge|Disable|p2a: Kingpen
|-start|p2a: Kingpen|Disable|Surf
|cant|p2a: Kingpen|Disable|Surf
|
|-heal|p1a: Ceruledge|63/100|[from] item: Leftovers
|upkeep
|turn|36
|
|t:|1743813326
|move|p1a: Ceruledge|Substitute|p1a: Ceruledge
|-start|p1a: Ceruledge|Substitute
|-damage|p1a: Ceruledge|39/100
|move|p2a: Kingpen|Flip Turn|p1a: Ceruledge
|-supereffective|p1a: Ceruledge
|-end|p1a: Ceruledge|Substitute
|
|t:|1743813346
|switch|p2a: Leviathan|Serperior, F, shiny|100/100|[from] Flip Turn
|-activate|p2a: Leviathan|move: Sticky Web
|-boost|p2a: Leviathan|spe|1
|-damage|p2a: Leviathan|88/100|[from] Stealth Rock
|
|-heal|p1a: Ceruledge|45/100|[from] item: Leftovers
|upkeep
|turn|37
|
|t:|1743813355
|-terastallize|p2a: Leviathan|Ground
|move|p2a: Leviathan|Leaf Storm|p1a: Ceruledge
|-resisted|p1a: Ceruledge
|-damage|p1a: Ceruledge|18/100
|-boost|p2a: Leviathan|spa|2
|move|p1a: Ceruledge|Bitter Blade|p2a: Leviathan
|-damage|p2a: Leviathan|32/100
|-heal|p1a: Ceruledge|46/100|[from] drain|[of] p2a: Leviathan
|
|-heal|p1a: Ceruledge|52/100|[from] item: Leftovers
|upkeep
|turn|38
|
|t:|1743813365
|-terastallize|p1a: Ceruledge|Grass
|move|p2a: Leviathan|Tera Blast|p1a: Ceruledge|[anim] Tera Blast Ground
|-resisted|p1a: Ceruledge
|-damage|p1a: Ceruledge|15/100
|move|p1a: Ceruledge|Bitter Blade|p2a: Leviathan
|-crit|p2a: Leviathan
|-damage|p2a: Leviathan|0 fnt
|-heal|p1a: Ceruledge|31/100|[from] drain|[of] p2a: Leviathan
|faint|p2a: Leviathan
|
|-heal|p1a: Ceruledge|37/100|[from] item: Leftovers
|upkeep
|
|t:|1743813371
|switch|p2a: Kingpen|Empoleon, M, shiny|52/100 par
|-activate|p2a: Kingpen|move: Sticky Web
|-unboost|p2a: Kingpen|spe|1
|-ability|p2a: Kingpen|Competitive|boost
|-boost|p2a: Kingpen|spa|2
|-damage|p2a: Kingpen|46/100 par|[from] Stealth Rock
|turn|39
|
|t:|1743813393
|switch|p1a: Serperior|Serperior, M|100/100
|-damage|p1a: Serperior|88/100|[from] Stealth Rock
|move|p2a: Kingpen|Vacuum Wave|p1a: Serperior
|-damage|p1a: Serperior|57/100
|
|-heal|p1a: Serperior|63/100|[from] item: Leftovers
|upkeep
|turn|40
|
|t:|1743813401
|move|p2a: Kingpen|Vacuum Wave|p1a: Serperior
|-damage|p1a: Serperior|28/100
|move|p1a: Serperior|Substitute|p1a: Serperior
|-start|p1a: Serperior|Substitute
|-damage|p1a: Serperior|3/100
|
|-heal|p1a: Serperior|9/100|[from] item: Leftovers
|upkeep
|turn|41
|
|t:|1743813406
|move|p2a: Kingpen|Vacuum Wave|p1a: Serperior
|-end|p1a: Serperior|Substitute
|move|p1a: Serperior|Leech Seed|p2a: Kingpen
|-start|p2a: Kingpen|move: Leech Seed
|
|-heal|p1a: Serperior|16/100|[from] item: Leftovers
|-damage|p2a: Kingpen|33/100 par|[from] Leech Seed|[of] p1a: Serperior
|-heal|p1a: Serperior|30/100|[silent]
|upkeep
|turn|42
|
|t:|1743813417
|switch|p1a: Ceruledge|Ceruledge, M, tera:Grass|37/100
|-damage|p1a: Ceruledge|25/100|[from] Stealth Rock
|move|p2a: Kingpen|Vacuum Wave|p1a: Ceruledge
|-damage|p1a: Ceruledge|0 fnt
|faint|p1a: Ceruledge
|
|upkeep
|
|t:|1743813419
|switch|p1a: Serperior|Serperior, M|30/100
|-damage|p1a: Serperior|18/100|[from] Stealth Rock
|turn|43
|-message|imstr8ballin forfeited.
|
|win|DBest04
|raw|imstr8ballin's rating: 1628 &rarr; <strong>1607</strong><br />(-21 for losing)
|raw|DBest04's rating: 1606 &rarr; <strong>1627</strong><br />(+21 for winning)
|l|‽imstr8ballin
|player|p1|
|l|☆DBest04
|player|p2|
