|j|☆smallbruto
|j|☆Hardencongafas
|t:|1743864031
|gametype|singles
|player|p1|smallbruto|bruno|1364
|player|p2|Hardencongafas|101|1425
|teamsize|p1|6
|teamsize|p2|6
|gen|9
|tier|[Gen 9] OU
|rated|
|rule|HP Percentage Mod: HP is shown in percentages
|rule|Endless Battle Clause: Forcing endless battles is banned
|rule|Species Clause: Limit one of each Pokémon
|rule|OHKO Clause: OHKO moves are banned
|rule|Evasion Items Clause: Evasion items are banned
|rule|Evasion Moves Clause: Evasion moves are banned
|rule|Sleep Moves Clause: Sleep-inducing moves are banned
|clearpoke
|poke|p1|Dragapult, M|
|poke|p1|Landorus-Therian, M|
|poke|p1|Grimmsnarl, M|
|poke|p1|Cinderace, M|
|poke|p1|Jolteon, M|
|poke|p1|Grafaiai, F|
|poke|p2|Hydreigon, F|
|poke|p2|Primarina, F|
|poke|p2|Thundurus, M|
|poke|p2|Samurott-Hisui, F|
|poke|p2|Gholdengo|
|poke|p2|Gliscor, M|
|teampreview
|inactive|Battle timer is ON: inactive players will automatically lose when time's up. (requested by smallbruto)
|
|t:|1743864062
|start
|switch|p1a: Landorus|Landorus-Therian, M|100/100
|switch|p2a: Thundurus|Thundurus, M|100/100
|-ability|p1a: Landorus|Intimidate|boost
|-unboost|p2a: Thundurus|atk|1
|turn|1
|
|t:|1743864074
|-terastallize|p2a: Thundurus|Ice
|move|p2a: Thundurus|Tera Blast|p1a: Landorus|[anim] Tera Blast Ice
|-supereffective|p1a: Landorus
|-crit|p1a: Landorus
|-damage|p1a: Landorus|0 fnt
|faint|p1a: Landorus
|
|upkeep
|
|t:|1743864089
|switch|p1a: Cinderace|Cinderace, M|100/100
|turn|2
|
|t:|1743864102
|switch|p2a: Primarina|Primarina, F|100/100
|move|p1a: Cinderace|Pyro Ball|p2a: Primarina
|-resisted|p2a: Primarina
|-damage|p2a: Primarina|67/100
|
|upkeep
|turn|3
|
|t:|1743864114
|move|p1a: Cinderace|U-turn|p2a: Primarina
|-start|p1a: Cinderace|typechange|Bug|[from] ability: Libero
|-resisted|p2a: Primarina
|-damage|p2a: Primarina|48/100
|
|t:|1743864117
|switch|p1a: Grafaiai|Grafaiai, F|100/100|[from] U-turn
|move|p2a: Primarina|Surf|p1a: Grafaiai
|-damage|p1a: Grafaiai|37/100
|
|-heal|p1a: Grafaiai|43/100|[from] item: Leftovers
|upkeep
|turn|4
|
|t:|1743864136
|switch|p2a: Gholdengo|Gholdengo|100/100
|-item|p2a: Gholdengo|Air Balloon
|move|p1a: Grafaiai|Poison Jab|p2a: Gholdengo
|-immune|p2a: Gholdengo
|
|-heal|p1a: Grafaiai|49/100|[from] item: Leftovers
|upkeep
|turn|5
|
|t:|1743864145
|move|p1a: Grafaiai|Parting Shot|p2a: Gholdengo
|-immune|p2a: Gholdengo|[from] ability: Good as Gold
|move|p2a: Gholdengo|Make It Rain|p1a: Grafaiai
|-damage|p1a: Grafaiai|0 fnt
|-unboost|p2a: Gholdengo|spa|1
|faint|p1a: Grafaiai
|
|upkeep
|
|t:|1743864152
|switch|p1a: Cinderace|Cinderace, M|100/100
|turn|6
|
|t:|1743864156
|switch|p2a: Primarina|Primarina, F|48/100
|move|p1a: Cinderace|Pyro Ball|p2a: Primarina
|-resisted|p2a: Primarina
|-damage|p2a: Primarina|15/100
|
|upkeep
|turn|7
|
|t:|1743864173
|move|p1a: Cinderace|Pyro Ball|p2a: Primarina
|-resisted|p2a: Primarina
|-damage|p2a: Primarina|0 fnt
|faint|p2a: Primarina
|
|upkeep
|
|t:|1743864182
|switch|p2a: Gliscor|Gliscor, M|100/100
|turn|8
|
|t:|1743864185
|move|p1a: Cinderace|U-turn|p2a: Gliscor
|-start|p1a: Cinderace|typechange|Bug|[from] ability: Libero
|-resisted|p2a: Gliscor
|-damage|p2a: Gliscor|89/100
|
|t:|1743864188
|switch|p1a: Grimmsnarl|Grimmsnarl, M|100/100|[from] U-turn
|move|p2a: Gliscor|Earthquake|p1a: Grimmsnarl
|-damage|p1a: Grimmsnarl|62/100
|
|-status|p2a: Gliscor|tox|[from] item: Toxic Orb
|upkeep
|turn|9
|
|t:|1743864195
|move|p1a: Grimmsnarl|Reflect|p1a: Grimmsnarl
|-sidestart|p1: smallbruto|Reflect
|move|p2a: Gliscor|Swords Dance|p2a: Gliscor
|-boost|p2a: Gliscor|atk|2
|
|-heal|p2a: Gliscor|100/100 tox|[from] ability: Poison Heal
|upkeep
|turn|10
|
|t:|1743864205
|move|p1a: Grimmsnarl|Parting Shot|p2a: Gliscor
|-unboost|p2a: Gliscor|atk|1
|-unboost|p2a: Gliscor|spa|1
|
|t:|1743864207
|switch|p1a: Dragapult|Dragapult, M|100/100|[from] Parting Shot
|move|p2a: Gliscor|Facade|p1a: Dragapult
|-immune|p1a: Dragapult
|
|upkeep
|turn|11
|
|t:|1743864224
|switch|p2a: Samurott|Samurott-Hisui, F|100/100
|move|p1a: Dragapult|Draco Meteor|p2a: Samurott
|-damage|p2a: Samurott|34/100
|-unboost|p1a: Dragapult|spa|2
|-damage|p1a: Dragapult|91/100|[from] item: Life Orb
|
|upkeep
|turn|12
|
|t:|1743864230
|move|p1a: Dragapult|U-turn|p2a: Samurott
|-supereffective|p2a: Samurott
|-damage|p2a: Samurott|0 fnt
|faint|p2a: Samurott
|-damage|p1a: Dragapult|81/100|[from] item: Life Orb
|
|t:|1743864236
|switch|p1a: Grimmsnarl|Grimmsnarl, M|62/100|[from] U-turn
|
|upkeep
|
|t:|1743864243
|switch|p2a: Hydreigon|Hydreigon, F|100/100
|turn|13
|
|t:|1743864248
|move|p1a: Grimmsnarl|Light Screen|p1a: Grimmsnarl
|-sidestart|p1: smallbruto|move: Light Screen
|move|p2a: Hydreigon|Flash Cannon|p1a: Grimmsnarl
|-supereffective|p1a: Grimmsnarl
|-damage|p1a: Grimmsnarl|35/100
|
|upkeep
|turn|14
|
|t:|1743864252
|move|p2a: Hydreigon|Flash Cannon|p1a: Grimmsnarl
|-supereffective|p1a: Grimmsnarl
|-damage|p1a: Grimmsnarl|3/100
|move|p1a: Grimmsnarl|Play Rough|p2a: Hydreigon
|-supereffective|p2a: Hydreigon
|-damage|p2a: Hydreigon|0 fnt
|faint|p2a: Hydreigon
|
|upkeep
|
|t:|1743864260
|switch|p2a: Thundurus|Thundurus, M, tera:Ice|100/100
|turn|15
|
|t:|1743864267
|move|p1a: Grimmsnarl|Parting Shot|p2a: Thundurus
|-unboost|p2a: Thundurus|atk|1
|-unboost|p2a: Thundurus|spa|1
|
|t:|1743864269
|switch|p1a: Cinderace|Cinderace, M|100/100|[from] Parting Shot
|move|p2a: Thundurus|Thunderbolt|p1a: Cinderace
|-crit|p1a: Cinderace
|-damage|p1a: Cinderace|0 fnt
|faint|p1a: Cinderace
|
|upkeep
|inactive|smallbruto has 120 seconds left.
|
|t:|1743864302
|switch|p1a: Dragapult|Dragapult, M|81/100
|turn|16
|inactive|smallbruto has 120 seconds left.
|
|t:|1743864313
|move|p1a: Dragapult|Draco Meteor|p2a: Thundurus
|-damage|p2a: Thundurus|1/100
|-unboost|p1a: Dragapult|spa|2
|-damage|p1a: Dragapult|71/100|[from] item: Life Orb
|move|p2a: Thundurus|Tera Blast|p1a: Dragapult|[anim] Tera Blast Ice
|-supereffective|p1a: Dragapult
|-damage|p1a: Dragapult|34/100
|
|-sideend|p1: smallbruto|Reflect
|upkeep
|turn|17
|inactive|smallbruto has 120 seconds left.
|
|t:|1743864326
|switch|p2a: Gholdengo|Gholdengo|100/100
|-item|p2a: Gholdengo|Air Balloon
|move|p1a: Dragapult|U-turn|p2a: Gholdengo
|-resisted|p2a: Gholdengo
|-damage|p2a: Gholdengo|97/100
|-enditem|p2a: Gholdengo|Air Balloon
|-damage|p1a: Dragapult|24/100|[from] item: Life Orb
|inactive|smallbruto has 120 seconds left.
|
|t:|1743864335
|switch|p1a: Grimmsnarl|Grimmsnarl, M|3/100|[from] U-turn
|
|upkeep
|turn|18
|
|t:|1743864339
|move|p1a: Grimmsnarl|Reflect|p1a: Grimmsnarl
|-sidestart|p1: smallbruto|Reflect
|move|p2a: Gholdengo|Hex|p1a: Grimmsnarl
|-resisted|p1a: Grimmsnarl
|-damage|p1a: Grimmsnarl|0 fnt
|faint|p1a: Grimmsnarl
|
|upkeep
|
|t:|1743864344
|switch|p1a: Dragapult|Dragapult, M|24/100
|turn|19
|
|t:|1743864347
|move|p1a: Dragapult|Shadow Ball|p2a: Gholdengo
|-supereffective|p2a: Gholdengo
|-damage|p2a: Gholdengo|14/100
|-damage|p1a: Dragapult|15/100|[from] item: Life Orb
|move|p2a: Gholdengo|Hex|p1a: Dragapult
|-supereffective|p1a: Dragapult
|-damage|p1a: Dragapult|0 fnt
|faint|p1a: Dragapult
|
|upkeep
|
|t:|1743864351
|switch|p1a: Jolteon|Jolteon, M|100/100
|turn|20
|
|t:|1743864361
|-terastallize|p1a: Jolteon|Ice
|move|p1a: Jolteon|Tera Blast|p2a: Gholdengo|[anim] Tera Blast Ice
|-resisted|p2a: Gholdengo
|-damage|p2a: Gholdengo|0 fnt
|faint|p2a: Gholdengo
|
|-sideend|p1: smallbruto|move: Light Screen
|upkeep
|
|t:|1743864367
|switch|p2a: Thundurus|Thundurus, M, tera:Ice|1/100
|turn|21
|
|t:|1743864371
|move|p1a: Jolteon|Tera Blast|p2a: Thundurus|[anim] Tera Blast Ice
|-resisted|p2a: Thundurus
|-damage|p2a: Thundurus|0 fnt
|faint|p2a: Thundurus
|
|upkeep
|
|t:|1743864374
|switch|p2a: Gliscor|Gliscor, M|100/100 tox
|turn|22
|
|t:|1743864377
|move|p2a: Gliscor|Protect|p2a: Gliscor
|-singleturn|p2a: Gliscor|Protect
|move|p1a: Jolteon|Tera Blast|p2a: Gliscor|[anim] Tera Blast Ice
|-activate|p2a: Gliscor|move: Protect
|
|upkeep
|turn|23
|
|t:|1743864382
|move|p1a: Jolteon|Tera Blast|p2a: Gliscor|[anim] Tera Blast Ice
|-supereffective|p2a: Gliscor
|-damage|p2a: Gliscor|0 fnt
|faint|p2a: Gliscor
|
|win|smallbruto
|raw|smallbruto's rating: 1364 &rarr; <strong>1387</strong><br />(+23 for winning)
|raw|Hardencongafas's rating: 1425 &rarr; <strong>1402</strong><br />(-23 for losing)
|c|☆smallbruto|gg
|l|☆Hardencongafas
|player|p2|
|l|☆smallbruto
|player|p1|
