|j|☆97tggo
|j|☆usuario 33
|t:|1743843862
|gametype|singles
|player|p1|97tggo|psychic-gen4|1130
|player|p2|usuario 33|102|1095
|teamsize|p1|6
|teamsize|p2|6
|gen|9
|tier|[Gen 9] OU
|rated|
|rule|HP Percentage Mod: HP is shown in percentages
|rule|Endless Battle Clause: Forcing endless battles is banned
|rule|Species Clause: Limit one of each Pokémon
|rule|OHKO Clause: OHKO moves are banned
|rule|Evasion Items Clause: Evasion items are banned
|rule|Evasion Moves Clause: Evasion moves are banned
|rule|Sleep Moves Clause: Sleep-inducing moves are banned
|clearpoke
|poke|p1|Ribombee, F|
|poke|p1|Gholdengo|
|poke|p1|Haxorus, M|
|poke|p1|Manaphy|
|poke|p1|Landorus-Therian, M|
|poke|p1|Moltres-Galar|
|poke|p2|Okidogi, M|
|poke|p2|Raging Bolt|
|poke|p2|Kingambit, M|
|poke|p2|Serperior, F|
|poke|p2|Skeledirge, M|
|poke|p2|Clodsire, F|
|teampreview
|inactive|Battle timer is ON: inactive players will automatically lose when time's up. (requested by usuario 33)
|
|t:|1743843884
|start
|switch|p1a: Ribombee|Ribombee, F, shiny|100/100
|switch|p2a: Serperior|Serperior, F, shiny|100/100
|turn|1
|
|t:|1743843893
|move|p1a: Ribombee|Sticky Web|p2a: Serperior
|-sidestart|p2: usuario 33|move: Sticky Web
|move|p2a: Serperior|Glare|p1a: Ribombee
|-status|p1a: Ribombee|par
|
|upkeep
|turn|2
|
|t:|1743843899
|move|p2a: Serperior|Leaf Storm|p1a: Ribombee
|-resisted|p1a: Ribombee
|-damage|p1a: Ribombee|58/100 par
|-boost|p2a: Serperior|spa|2
|move|p1a: Ribombee|Moonblast|p2a: Serperior
|-damage|p2a: Serperior|51/100
|
|-heal|p2a: Serperior|57/100|[from] item: Leftovers
|upkeep
|turn|3
|
|t:|1743843911
|move|p2a: Serperior|Leaf Storm|p1a: Ribombee
|-resisted|p1a: Ribombee
|-crit|p1a: Ribombee
|-damage|p1a: Ribombee|0 fnt
|-boost|p2a: Serperior|spa|2
|faint|p1a: Ribombee
|
|-heal|p2a: Serperior|63/100|[from] item: Leftovers
|upkeep
|
|t:|1743843934
|switch|p1a: Gholdengo|Gholdengo|100/100
|-item|p1a: Gholdengo|Air Balloon
|turn|4
|
|t:|1743843940
|-terastallize|p2a: Serperior|Ground
|move|p2a: Serperior|Glare|p1a: Gholdengo
|-immune|p1a: Gholdengo|[from] ability: Good as Gold
|move|p1a: Gholdengo|Make It Rain|p2a: Serperior
|-damage|p2a: Serperior|0 fnt
|-unboost|p1a: Gholdengo|spa|1
|faint|p2a: Serperior
|
|upkeep
|
|t:|1743843958
|switch|p2a: Okidogi|Okidogi, M|100/100
|-activate|p2a: Okidogi|move: Sticky Web
|-unboost|p2a: Okidogi|spe|1
|turn|5
|
|t:|1743843967
|switch|p1a: Landorus|Landorus-Therian, M|100/100
|-ability|p1a: Landorus|Intimidate|boost
|-unboost|p2a: Okidogi|atk|1
|move|p2a: Okidogi|Knock Off|p1a: Landorus
|-damage|p1a: Landorus|79/100
|-enditem|p1a: Landorus|Life Orb|[from] move: Knock Off|[of] p2a: Okidogi
|
|upkeep
|turn|6
|
|t:|1743843988
|move|p1a: Landorus|Earthquake|p2a: Okidogi
|-supereffective|p2a: Okidogi
|-damage|p2a: Okidogi|15/100
|move|p2a: Okidogi|Bulk Up|p2a: Okidogi
|-boost|p2a: Okidogi|atk|1
|-boost|p2a: Okidogi|def|1
|
|-heal|p2a: Okidogi|21/100|[from] item: Leftovers
|upkeep
|turn|7
|-message|usuario 33 forfeited.
|
|win|97tggo
|raw|97tggo's rating: 1130 &rarr; <strong>1152</strong><br />(+22 for winning)
|raw|usuario 33's rating: 1095 &rarr; <strong>1073</strong><br />(-22 for losing)
|l|☆usuario 33
|player|p2|
