|j|☆boiimducky
|j|☆LucasEdu27100
|t:|1743866470
|gametype|singles
|player|p1|boiimducky|hugh|1300
|player|p2|LucasEdu27100|lucas-gen4pt|1320
|teamsize|p1|6
|teamsize|p2|6
|gen|9
|tier|[Gen 9] OU
|rated|
|rule|HP Percentage Mod: HP is shown in percentages
|rule|Endless Battle Clause: Forcing endless battles is banned
|rule|Species Clause: Limit one of each Pokémon
|rule|OHKO Clause: OHKO moves are banned
|rule|Evasion Items Clause: Evasion items are banned
|rule|Evasion Moves Clause: Evasion moves are banned
|rule|Sleep Moves Clause: Sleep-inducing moves are banned
|clearpoke
|poke|p1|Weavile, M|
|poke|p1|Ting-Lu|
|poke|p1|Zamazenta-*|
|poke|p1|Corviknight, M|
|poke|p1|Primarina, M|
|poke|p1|Dragapult, M|
|poke|p2|Ninetales-Alola, F|
|poke|p2|Hydrapple, M|
|poke|p2|Conkeldurr, M|
|poke|p2|Skeledirge, F|
|poke|p2|Revavroom, M|
|poke|p2|Donphan, F|
|teampreview
|inactive|Battle timer is ON: inactive players will automatically lose when time's up. (requested by LucasEdu27100)
|inactive|LucasEdu27100 has 120 seconds left.
|
|t:|1743866508
|start
|switch|p1a: Corviknight|Corviknight, M|100/100
|switch|p2a: Conkeldurr|Conkeldurr, M|100/100
|-ability|p1a: Corviknight|Pressure
|turn|1
|
|t:|1743866524
|move|p1a: Corviknight|Brave Bird|p2a: Conkeldurr
|-supereffective|p2a: Conkeldurr
|-damage|p2a: Conkeldurr|47/100
|-damage|p1a: Corviknight|82/100|[from] Recoil
|move|p2a: Conkeldurr|Knock Off|p1a: Corviknight
|-damage|p1a: Corviknight|59/100
|-damage|p2a: Conkeldurr|30/100|[from] item: Rocky Helmet|[of] p1a: Corviknight
|-enditem|p1a: Corviknight|Rocky Helmet|[from] move: Knock Off|[of] p2a: Conkeldurr
|
|upkeep
|turn|2
|
|t:|1743866536
|switch|p2a: Ninetales|Ninetales-Alola, F|100/100
|-weather|Snowscape|[from] ability: Snow Warning|[of] p2a: Ninetales
|move|p1a: Corviknight|Brave Bird|p2a: Ninetales
|-damage|p2a: Ninetales|67/100
|-damage|p1a: Corviknight|51/100|[from] Recoil
|
|-weather|Snowscape|[upkeep]
|upkeep
|turn|3
|
|t:|1743866558
|move|p2a: Ninetales|Blizzard|p1a: Corviknight
|-damage|p1a: Corviknight|13/100
|move|p1a: Corviknight|Roost|p1a: Corviknight
|-heal|p1a: Corviknight|63/100
|-singleturn|p1a: Corviknight|move: Roost
|
|-weather|Snowscape|[upkeep]
|upkeep
|turn|4
|
|t:|1743866577
|switch|p1a: Primarina|Primarina, M|100/100
|move|p2a: Ninetales|Aurora Veil|p2a: Ninetales
|-sidestart|p2: LucasEdu27100|move: Aurora Veil
|
|-weather|Snowscape|[upkeep]
|upkeep
|turn|5
|
|t:|1743866585
|move|p2a: Ninetales|Pain Split|p1a: Primarina
|-sethp|p1a: Primarina|80/100|[from] move: Pain Split|[silent]
|-sethp|p2a: Ninetales|89/100|[from] move: Pain Split
|move|p1a: Primarina|Moonblast|p2a: Ninetales
|-damage|p2a: Ninetales|60/100
|-unboost|p2a: Ninetales|spa|1
|
|-weather|Snowscape|[upkeep]
|-heal|p1a: Primarina|86/100|[from] item: Leftovers
|upkeep
|turn|6
|
|t:|1743866593
|switch|p2a: Hydrapple|Hydrapple, M|100/100
|move|p1a: Primarina|Calm Mind|p1a: Primarina
|-boost|p1a: Primarina|spa|1
|-boost|p1a: Primarina|spd|1
|
|-weather|none
|-heal|p1a: Primarina|92/100|[from] item: Leftovers
|upkeep
|turn|7
|
|t:|1743866608
|move|p1a: Primarina|Calm Mind|p1a: Primarina
|-boost|p1a: Primarina|spa|1
|-boost|p1a: Primarina|spd|1
|move|p2a: Hydrapple|Giga Drain|p1a: Primarina
|-supereffective|p1a: Primarina
|-damage|p1a: Primarina|55/100
|
|-heal|p1a: Primarina|61/100|[from] item: Leftovers
|upkeep
|turn|8
|
|t:|1743866620
|switch|p2a: Skeledirge|Skeledirge, F|100/100
|move|p1a: Primarina|Moonblast|p2a: Skeledirge
|-resisted|p2a: Skeledirge
|-damage|p2a: Skeledirge|86/100
|
|-heal|p1a: Primarina|67/100|[from] item: Leftovers
|-heal|p2a: Skeledirge|92/100|[from] item: Leftovers
|upkeep
|turn|9
|
|t:|1743866635
|switch|p1a: Ting-Lu|Ting-Lu|100/100
|-ability|p1a: Ting-Lu|Vessel of Ruin
|move|p2a: Skeledirge|Torch Song|p1a: Ting-Lu
|-damage|p1a: Ting-Lu|83/100
|-boost|p2a: Skeledirge|spa|1
|
|-heal|p2a: Skeledirge|99/100|[from] item: Leftovers
|upkeep
|turn|10
|
|t:|1743866644
|move|p2a: Skeledirge|Torch Song|p1a: Ting-Lu
|-damage|p1a: Ting-Lu|60/100
|-boost|p2a: Skeledirge|spa|1
|move|p1a: Ting-Lu|Stealth Rock|p2a: Skeledirge
|-sidestart|p2: LucasEdu27100|move: Stealth Rock
|
|-heal|p2a: Skeledirge|100/100|[from] item: Leftovers
|upkeep
|turn|11
|
|t:|1743866650
|move|p2a: Skeledirge|Torch Song|p1a: Ting-Lu
|-damage|p1a: Ting-Lu|29/100
|-boost|p2a: Skeledirge|spa|1
|move|p1a: Ting-Lu|Spikes|p2a: Skeledirge
|-sidestart|p2: LucasEdu27100|Spikes
|
|-sideend|p2: LucasEdu27100|move: Aurora Veil
|upkeep
|turn|12
|
|t:|1743866660
|move|p2a: Skeledirge|Torch Song|p1a: Ting-Lu
|-crit|p1a: Ting-Lu
|-damage|p1a: Ting-Lu|0 fnt
|-boost|p2a: Skeledirge|spa|1
|faint|p1a: Ting-Lu
|
|upkeep
|
|t:|1743866677
|switch|p1a: Primarina|Primarina, M|67/100
|turn|13
|
|t:|1743866682
|move|p1a: Primarina|Surf|p2a: Skeledirge
|-supereffective|p2a: Skeledirge
|-damage|p2a: Skeledirge|0 fnt
|faint|p2a: Skeledirge
|
|-heal|p1a: Primarina|74/100|[from] item: Leftovers
|upkeep
|
|t:|1743866685
|switch|p2a: Donphan|Donphan, F|100/100
|turn|14
|inactive|boiimducky has 120 seconds left.
|
|t:|1743866720
|move|p1a: Primarina|Surf|p2a: Donphan
|-supereffective|p2a: Donphan
|-ability|p2a: Donphan|Sturdy
|-damage|p2a: Donphan|1/100
|move|p2a: Donphan|Rapid Spin|p1a: Primarina
|-damage|p1a: Primarina|48/100
|-boost|p2a: Donphan|spe|1
|-sideend|p2: LucasEdu27100|Spikes|[from] move: Rapid Spin|[of] p2a: Donphan
|-sideend|p2: LucasEdu27100|Stealth Rock|[from] move: Rapid Spin|[of] p2a: Donphan
|
|-heal|p1a: Primarina|54/100|[from] item: Leftovers
|upkeep
|turn|15
|inactive|boiimducky has 120 seconds left.
|
|t:|1743866729
|move|p2a: Donphan|Seed Bomb|p1a: Primarina
|-supereffective|p1a: Primarina
|-damage|p1a: Primarina|0 fnt
|faint|p1a: Primarina
|
|upkeep
|inactive|boiimducky has 120 seconds left.
|
|t:|1743866736
|switch|p1a: Corviknight|Corviknight, M|63/100
|-ability|p1a: Corviknight|Pressure
|turn|16
|
|t:|1743866757
|switch|p2a: Ninetales|Ninetales-Alola, F|60/100
|-weather|Snowscape|[from] ability: Snow Warning|[of] p2a: Ninetales
|move|p1a: Corviknight|Brave Bird|p2a: Ninetales
|-damage|p2a: Ninetales|26/100
|-damage|p1a: Corviknight|55/100|[from] Recoil
|
|-weather|Snowscape|[upkeep]
|upkeep
|turn|17
|
|t:|1743866773
|move|p2a: Ninetales|Aurora Veil|p2a: Ninetales
|-sidestart|p2: LucasEdu27100|move: Aurora Veil
|move|p1a: Corviknight|Brave Bird|p2a: Ninetales
|-damage|p2a: Ninetales|10/100
|-damage|p1a: Corviknight|51/100|[from] Recoil
|
|-weather|Snowscape|[upkeep]
|upkeep
|turn|18
|
|t:|1743866786
|move|p2a: Ninetales|Pain Split|p1a: Corviknight
|-sethp|p1a: Corviknight|29/100|[from] move: Pain Split|[silent]
|-sethp|p2a: Ninetales|40/100|[from] move: Pain Split
|move|p1a: Corviknight|Body Press|p2a: Ninetales
|-crit|p2a: Ninetales
|-damage|p2a: Ninetales|2/100
|
|-weather|Snowscape|[upkeep]
|upkeep
|turn|19
|
|t:|1743866795
|move|p2a: Ninetales|Blizzard|p1a: Corviknight
|-damage|p1a: Corviknight|0 fnt
|faint|p1a: Corviknight
|
|-weather|Snowscape|[upkeep]
|upkeep
|
|t:|1743866804
|switch|p1a: Zamazenta|Zamazenta|100/100
|-ability|p1a: Zamazenta|Dauntless Shield|boost
|-boost|p1a: Zamazenta|def|1
|turn|20
|
|t:|1743866810
|move|p1a: Zamazenta|Crunch|p2a: Ninetales
|-resisted|p2a: Ninetales
|-damage|p2a: Ninetales|0 fnt
|faint|p2a: Ninetales
|
|-weather|none
|upkeep
|
|t:|1743866817
|switch|p2a: Hydrapple|Hydrapple, M|100/100
|turn|21
|
|t:|1743866827
|switch|p1a: Weavile|Weavile, M|100/100
|move|p2a: Hydrapple|Fickle Beam|p1a: Weavile|[anim] Fickle Beam All Out
|-activate|p2a: Hydrapple|move: Fickle Beam
|-damage|p1a: Weavile|0 fnt
|faint|p1a: Weavile
|
|upkeep
|
|t:|1743866834
|switch|p1a: Dragapult|Dragapult, M|100/100
|turn|22
|
|t:|1743866849
|-terastallize|p1a: Dragapult|Ghost
|move|p1a: Dragapult|Draco Meteor|p2a: Hydrapple
|-supereffective|p2a: Hydrapple
|-damage|p2a: Hydrapple|0 fnt
|-unboost|p1a: Dragapult|spa|2
|faint|p2a: Hydrapple
|
|upkeep
|
|t:|1743866855
|switch|p2a: Revavroom|Revavroom, M|100/100
|-item|p2a: Revavroom|Air Balloon
|turn|23
|
|t:|1743866860
|switch|p1a: Zamazenta|Zamazenta|100/100
|move|p2a: Revavroom|Shift Gear|p2a: Revavroom
|-boost|p2a: Revavroom|spe|2
|-boost|p2a: Revavroom|atk|1
|
|upkeep
|turn|24
|
|t:|1743866879
|move|p2a: Revavroom|Poison Jab|p1a: Zamazenta
|-damage|p1a: Zamazenta|44/100
|move|p1a: Zamazenta|Fire Fang|p2a: Revavroom
|-supereffective|p2a: Revavroom
|-damage|p2a: Revavroom|84/100
|-enditem|p2a: Revavroom|Air Balloon
|
|-sideend|p2: LucasEdu27100|move: Aurora Veil
|upkeep
|turn|25
|
|t:|1743866893
|move|p2a: Revavroom|Poison Jab|p1a: Zamazenta
|-damage|p1a: Zamazenta|0 fnt
|faint|p1a: Zamazenta
|
|upkeep
|
|t:|1743866898
|switch|p1a: Dragapult|Dragapult, M, tera:Ghost|100/100
|turn|26
|
|t:|1743866902
|move|p2a: Revavroom|Iron Head|p1a: Dragapult
|-damage|p1a: Dragapult|5/100
|move|p1a: Dragapult|Shadow Ball|p2a: Revavroom
|-damage|p2a: Revavroom|0 fnt
|faint|p2a: Revavroom
|
|upkeep
|
|t:|1743866906
|switch|p2a: Donphan|Donphan, F|1/100
|turn|27
|
|t:|1743866910
|move|p2a: Donphan|Ice Shard|p1a: Dragapult
|-damage|p1a: Dragapult|0 fnt
|faint|p1a: Dragapult
|
|win|LucasEdu27100
|raw|boiimducky's rating: 1300 &rarr; <strong>1276</strong><br />(-24 for losing)
|raw|LucasEdu27100's rating: 1320 &rarr; <strong>1339</strong><br />(+19 for winning)
|l|☆boiimducky
|player|p1|
|l|☆LucasEdu27100
|player|p2|
