|j|☆Bronzong72
|j|☆luiskzt13
|t:|1743872191
|gametype|singles
|player|p1|Bronzong72|falkner|1340
|player|p2|luiskzt13|hugh|1301
|teamsize|p1|6
|teamsize|p2|6
|gen|9
|tier|[Gen 9] OU
|rated|
|rule|HP Percentage Mod: HP is shown in percentages
|rule|Endless Battle Clause: Forcing endless battles is banned
|rule|Species Clause: Limit one of each Pokémon
|rule|OHKO Clause: OHKO moves are banned
|rule|Evasion Items Clause: Evasion items are banned
|rule|Evasion Moves Clause: Evasion moves are banned
|rule|Sleep Moves Clause: Sleep-inducing moves are banned
|clearpoke
|poke|p1|Dachsbun, M|
|poke|p1|Meowscarada, F|
|poke|p1|Cinderace, M|
|poke|p1|Glimmora, M|
|poke|p1|Gholdengo|
|poke|p1|Zapdos|
|poke|p2|Cinderace, F|
|poke|p2|Kyurem|
|poke|p2|Landorus-Therian, M|
|poke|p2|Slowking-Galar, M|
|poke|p2|Zamazenta-*|
|poke|p2|Gholdengo|
|teampreview
|inactive|Battle timer is ON: inactive players will automatically lose when time's up. (requested by Bronzong72)
|inactive|luiskzt13 also wants the timer to be on.
|j| Apolo_belo
|
|t:|1743872208
|start
|switch|p1a: Laura|Meowscarada, F|100/100
|switch|p2a: Landorus|Landorus-Therian, M|100/100
|-ability|p2a: Landorus|Intimidate|boost
|-unboost|p1a: Laura|atk|1
|turn|1
|
|t:|1743872221
|move|p1a: Laura|Triple Axel|p2a: Landorus
|-start|p1a: Laura|typechange|Ice|[from] ability: Protean
|-supereffective|p2a: Landorus
|-damage|p2a: Landorus|58/100
|-supereffective|p2a: Landorus
|-damage|p2a: Landorus|0 fnt
|faint|p2a: Landorus
|-hitcount|p2: Landorus|2
|
|upkeep
|
|t:|1743872232
|switch|p2a: Zamazenta|Zamazenta|100/100
|-ability|p2a: Zamazenta|Dauntless Shield|boost
|-boost|p2a: Zamazenta|def|1
|turn|2
|
|t:|1743872243
|switch|p2a: Slowking|Slowking-Galar, M|100/100
|switch|p1a: Sprinkles|Zapdos|100/100
|
|upkeep
|turn|3
|
|t:|1743872253
|move|p1a: Sprinkles|U-turn|p2a: Slowking
|-damage|p2a: Slowking|87/100
|
|t:|1743872256
|switch|p1a: Ronaldo|Gholdengo|100/100|[from] U-turn
|-item|p1a: Ronaldo|Air Balloon
|move|p2a: Slowking|Thunder Wave|p1a: Ronaldo
|-immune|p1a: Ronaldo|[from] ability: Good as Gold
|
|upkeep
|turn|4
|
|t:|1743872262
|move|p1a: Ronaldo|Nasty Plot|p1a: Ronaldo
|-boost|p1a: Ronaldo|spa|2
|move|p2a: Slowking|Future Sight|p1a: Ronaldo
|-start|p2a: Slowking|move: Future Sight
|
|upkeep
|turn|5
|
|t:|1743872268
|move|p1a: Ronaldo|Shadow Ball|p2a: Slowking
|-supereffective|p2a: Slowking
|-damage|p2a: Slowking|0 fnt
|faint|p2a: Slowking
|
|upkeep
|
|t:|1743872282
|switch|p2a: Cinderace|Cinderace, F|100/100
|turn|6
|
|t:|1743872292
|switch|p1a: Jalebi|Dachsbun, M|100/100
|move|p2a: Cinderace|Pyro Ball|p1a: Jalebi
|-ability|p1a: Jalebi|Well-Baked Body|boost
|-boost|p1a: Jalebi|def|2
|
|-end|p1a: Jalebi|move: Future Sight
|-damage|p1a: Jalebi|43/100
|upkeep
|turn|7
|
|t:|1743872305
|move|p2a: Cinderace|U-turn|p1a: Jalebi
|-start|p2a: Cinderace|typechange|Bug|[from] ability: Libero
|-resisted|p1a: Jalebi
|-damage|p1a: Jalebi|37/100
|-damage|p2a: Cinderace|84/100|[from] item: Rocky Helmet|[of] p1a: Jalebi
|
|t:|1743872315
|switch|p2a: Gholdengo|Gholdengo|100/100|[from] U-turn
|-item|p2a: Gholdengo|Air Balloon
|move|p1a: Jalebi|Wish|p1a: Jalebi
|
|upkeep
|turn|8
|
|t:|1743872331
|move|p1a: Jalebi|Protect|p1a: Jalebi
|-singleturn|p1a: Jalebi|Protect
|move|p2a: Gholdengo|Thunder Wave|p1a: Jalebi
|-activate|p1a: Jalebi|move: Protect
|
|-heal|p1a: Jalebi|87/100|[from] move: Wish|[wisher] Jalebi
|upkeep
|turn|9
|
|t:|1743872343
|switch|p1a: Sprinkles|Zapdos|100/100
|move|p2a: Gholdengo|Hex|p1a: Sprinkles
|-damage|p1a: Sprinkles|62/100
|
|-heal|p1a: Sprinkles|68/100|[from] item: Leftovers
|upkeep
|turn|10
|
|t:|1743872355
|switch|p2a: Cinderace|Cinderace, F|84/100
|move|p1a: Sprinkles|Heat Wave|p2a: Cinderace|[miss]
|-miss|p1a: Sprinkles|p2a: Cinderace
|
|-heal|p1a: Sprinkles|75/100|[from] item: Leftovers
|upkeep
|turn|11
|
|t:|1743872363
|move|p2a: Cinderace|High Jump Kick|p1a: Sprinkles|[miss]
|-start|p2a: Cinderace|typechange|Fighting|[from] ability: Libero
|-miss|p2a: Cinderace|p1a: Sprinkles
|-damage|p2a: Cinderace|34/100|[from] highjumpkick
|move|p1a: Sprinkles|Thunderbolt|p2a: Cinderace
|-damage|p2a: Cinderace|0 fnt
|faint|p2a: Cinderace
|
|-heal|p1a: Sprinkles|81/100|[from] item: Leftovers
|upkeep
|
|t:|1743872372
|switch|p2a: Gholdengo|Gholdengo|100/100
|-item|p2a: Gholdengo|Air Balloon
|turn|12
|
|t:|1743872383
|move|p1a: Sprinkles|Heat Wave|p2a: Gholdengo
|-supereffective|p2a: Gholdengo
|-damage|p2a: Gholdengo|34/100
|-enditem|p2a: Gholdengo|Air Balloon
|move|p2a: Gholdengo|Hex|p1a: Sprinkles
|-damage|p1a: Sprinkles|47/100
|
|-heal|p1a: Sprinkles|53/100|[from] item: Leftovers
|upkeep
|turn|13
|c|☆luiskzt13|GG
|c|☆luiskzt13|Não vou perder tempo
|
|t:|1743872412
|move|p1a: Sprinkles|Thunderbolt|p2a: Gholdengo
|-damage|p2a: Gholdengo|0 fnt
|faint|p2a: Gholdengo
|
|-heal|p1a: Sprinkles|60/100|[from] item: Leftovers
|upkeep
|-message|luiskzt13 forfeited.
|
|win|Bronzong72
|raw|Bronzong72's rating: 1340 &rarr; <strong>1358</strong><br />(+18 for winning)
|raw|luiskzt13's rating: 1301 &rarr; <strong>1283</strong><br />(-18 for losing)
|l|☆luiskzt13
|player|p2|
|l|☆Bronzong72
|player|p1|
|l| Apolo_belo
