|j|☆oui uzii
|j|☆Araciel
|t:|1743811838
|gametype|singles
|player|p1|oui uzii|2|1175
|player|p2|Araciel|169|1199
|teamsize|p1|6
|teamsize|p2|6
|gen|9
|tier|[Gen 9] OU
|rated|
|rule|HP Percentage Mod: HP is shown in percentages
|rule|Endless Battle Clause: Forcing endless battles is banned
|rule|Species Clause: Limit one of each Pokémon
|rule|OHKO Clause: OHKO moves are banned
|rule|Evasion Items Clause: Evasion items are banned
|rule|Evasion Moves Clause: Evasion moves are banned
|rule|Sleep Moves Clause: Sleep-inducing moves are banned
|clearpoke
|poke|p1|Tinkaton, F|
|poke|p1|Landorus-Therian, M|
|poke|p1|Dragonite, F|
|poke|p1|Weavile, F|
|poke|p1|Iron Moth|
|poke|p1|Dragapult, M|
|poke|p2|Articuno|
|poke|p2|Greninja-*, M|
|poke|p2|Iron Valiant|
|poke|p2|Iron Moth|
|poke|p2|Excadrill, M|
|poke|p2|Rillaboom, F|
|teampreview
|inactive|Battle timer is ON: inactive players will automatically lose when time's up. (requested by Araciel)
|
|t:|1743811858
|start
|switch|p1a: Tinkaton|Tinkaton, F, shiny|100/100
|switch|p2a: Articuno|Articuno, shiny|100/100
|-ability|p1a: Tinkaton|Mold Breaker
|-item|p1a: Tinkaton|Air Balloon
|-ability|p2a: Articuno|Pressure
|turn|1
|
|t:|1743811874
|-terastallize|p2a: Articuno|Ground
|move|p1a: Tinkaton|Fake Out|p2a: Articuno
|-damage|p2a: Articuno|95/100
|cant|p2a: Articuno|flinch
|
|upkeep
|turn|2
|
|t:|1743811881
|move|p1a: Tinkaton|Ice Hammer|p2a: Articuno
|-supereffective|p2a: Articuno
|-damage|p2a: Articuno|64/100
|-unboost|p1a: Tinkaton|spe|1
|move|p2a: Articuno|Tera Blast|p1a: Tinkaton|[anim] Tera Blast Ground
|-immune|p1a: Tinkaton
|
|upkeep
|turn|3
|
|t:|1743811895
|move|p2a: Articuno|Freeze-Dry|p1a: Tinkaton
|-resisted|p1a: Tinkaton
|-damage|p1a: Tinkaton|88/100
|-enditem|p1a: Tinkaton|Air Balloon
|move|p1a: Tinkaton|Gigaton Hammer|p2a: Articuno
|-damage|p2a: Articuno|25/100
|
|upkeep
|turn|4
|
|t:|1743811908
|switch|p2a: Excadrill|Excadrill, M|100/100
|-ability|p2a: Excadrill|Mold Breaker
|switch|p1a: Landorus|Landorus-Therian, M|100/100
|-ability|p1a: Landorus|Intimidate|boost
|-unboost|p2a: Excadrill|atk|1
|
|upkeep
|turn|5
|
|t:|1743811918
|switch|p2a: Rillaboom|Rillaboom, F|100/100
|-fieldstart|move: Grassy Terrain|[from] ability: Grassy Surge|[of] p2a: Rillaboom
|move|p1a: Landorus|Bulk Up|p1a: Landorus
|-boost|p1a: Landorus|atk|1
|-boost|p1a: Landorus|def|1
|
|upkeep
|turn|6
|
|t:|1743811930
|move|p1a: Landorus|Earthquake|p2a: Rillaboom
|-resisted|p2a: Rillaboom
|-damage|p2a: Rillaboom|82/100
|move|p2a: Rillaboom|Knock Off|p1a: Landorus
|-damage|p1a: Landorus|71/100
|-damage|p2a: Rillaboom|65/100|[from] item: Rocky Helmet|[of] p1a: Landorus
|-enditem|p1a: Landorus|Rocky Helmet|[from] move: Knock Off|[of] p2a: Rillaboom
|
|-heal|p2a: Rillaboom|72/100|[from] Grassy Terrain
|upkeep
|turn|7
|
|t:|1743811941
|move|p2a: Rillaboom|Grassy Glide|p1a: Landorus
|-damage|p1a: Landorus|41/100
|move|p1a: Landorus|Rock Slide|p2a: Rillaboom
|-damage|p2a: Rillaboom|29/100
|
|-heal|p2a: Rillaboom|35/100|[from] Grassy Terrain
|upkeep
|turn|8
|
|t:|1743811950
|move|p1a: Landorus|Rock Slide|p2a: Rillaboom
|-damage|p2a: Rillaboom|0 fnt
|faint|p2a: Rillaboom
|
|upkeep
|
|t:|1743811957
|switch|p2a: Articuno|Articuno, shiny, tera:Ground|25/100
|-ability|p2a: Articuno|Pressure
|turn|9
|
|t:|1743811967
|move|p1a: Landorus|Hammer Arm|p2a: Articuno|[miss]
|-miss|p1a: Landorus|p2a: Articuno
|move|p2a: Articuno|Roost|p2a: Articuno
|-heal|p2a: Articuno|75/100
|
|-heal|p2a: Articuno|81/100|[from] Grassy Terrain
|-fieldend|move: Grassy Terrain
|upkeep
|turn|10
|
|t:|1743811976
|move|p1a: Landorus|Hammer Arm|p2a: Articuno
|-damage|p2a: Articuno|26/100
|-unboost|p1a: Landorus|spe|1
|move|p2a: Articuno|Agility|p2a: Articuno
|-boost|p2a: Articuno|spe|2
|
|upkeep
|turn|11
|
|t:|1743811985
|switch|p1a: Weavile|Weavile, F|100/100
|-ability|p1a: Weavile|Pressure
|move|p2a: Articuno|Freeze-Dry|p1a: Weavile
|-resisted|p1a: Weavile
|-damage|p1a: Weavile|81/100
|
|upkeep
|turn|12
|
|t:|1743811995
|move|p1a: Weavile|Ice Shard|p2a: Articuno
|-supereffective|p2a: Articuno
|-damage|p2a: Articuno|0 fnt
|faint|p2a: Articuno
|
|upkeep
|
|t:|1743812003
|switch|p2a: Greninja|Greninja, M|100/100
|turn|13
|
|t:|1743812008
|move|p1a: Weavile|Knock Off|p2a: Greninja
|-resisted|p2a: Greninja
|-damage|p2a: Greninja|63/100
|-enditem|p2a: Greninja|Loaded Dice|[from] move: Knock Off|[of] p1a: Weavile
|move|p2a: Greninja|Low Kick|p1a: Weavile
|-supereffective|p1a: Weavile
|-damage|p1a: Weavile|2/100
|
|upkeep
|turn|14
|
|t:|1743812019
|switch|p1a: Dragapult|Dragapult, M, shiny|100/100
|move|p2a: Greninja|Water Shuriken|p1a: Dragapult
|-resisted|p1a: Dragapult
|-damage|p1a: Dragapult|96/100
|-resisted|p1a: Dragapult
|-damage|p1a: Dragapult|91/100
|-resisted|p1a: Dragapult
|-damage|p1a: Dragapult|86/100
|-resisted|p1a: Dragapult
|-damage|p1a: Dragapult|82/100
|-hitcount|p1a: Dragapult|4
|
|upkeep
|turn|15
|
|t:|1743812038
|move|p1a: Dragapult|Psychic Fangs|p2a: Greninja
|-immune|p2a: Greninja
|move|p2a: Greninja|Ice Beam|p1a: Dragapult
|-supereffective|p1a: Dragapult
|-damage|p1a: Dragapult|8/100
|
|upkeep
|turn|16
|
|t:|1743812045
|move|p2a: Greninja|Water Shuriken|p1a: Dragapult
|-resisted|p1a: Dragapult
|-damage|p1a: Dragapult|4/100
|-resisted|p1a: Dragapult
|-damage|p1a: Dragapult|0 fnt
|faint|p1a: Dragapult
|-ability|p2a: Greninja|Battle Bond|boost
|-boost|p2a: Greninja|atk|1
|-boost|p2a: Greninja|spa|1
|-boost|p2a: Greninja|spe|1
|-activate|p2a: Greninja|ability: Battle Bond
|-hitcount|p1: Dragapult|2
|
|upkeep
|
|t:|1743812055
|switch|p1a: Dragonite|Dragonite, F|100/100
|turn|17
|
|t:|1743812059
|-terastallize|p1a: Dragonite|Normal
|move|p1a: Dragonite|Extreme Speed|p2a: Greninja
|-damage|p2a: Greninja|0 fnt
|faint|p2a: Greninja
|
|upkeep
|
|t:|1743812067
|switch|p2a: Iron Valiant|Iron Valiant|100/100
|-enditem|p2a: Iron Valiant|Booster Energy
|-activate|p2a: Iron Valiant|ability: Quark Drive|[fromitem]
|-start|p2a: Iron Valiant|quarkdrivespe
|turn|18
|
|t:|1743812073
|move|p1a: Dragonite|Extreme Speed|p2a: Iron Valiant
|-damage|p2a: Iron Valiant|26/100
|move|p2a: Iron Valiant|Vacuum Wave|p1a: Dragonite
|-supereffective|p1a: Dragonite
|-damage|p1a: Dragonite|83/100
|
|upkeep
|turn|19
|
|t:|1743812084
|move|p1a: Dragonite|Extreme Speed|p2a: Iron Valiant
|-damage|p2a: Iron Valiant|0 fnt
|faint|p2a: Iron Valiant
|-end|p2a: Iron Valiant|Quark Drive|[silent]
|
|upkeep
|-message|Araciel forfeited.
|
|win|oui uzii
|raw|oui uzii's rating: 1175 &rarr; <strong>1202</strong><br />(+27 for winning)
|raw|Araciel's rating: 1199 &rarr; <strong>1172</strong><br />(-27 for losing)
|l|☆Araciel
|player|p2|
|l|☆oui uzii
|player|p1|
