|j|☆Damuraj
|j|☆spreadthesalt
|t:|1743869520
|gametype|singles
|player|p1|Damuraj|cynthia-gen4|1163
|player|p2|spreadthesalt|dawn|1135
|teamsize|p1|6
|teamsize|p2|6
|gen|9
|tier|[Gen 9] OU
|rated|
|rule|HP Percentage Mod: HP is shown in percentages
|rule|Endless Battle Clause: Forcing endless battles is banned
|rule|Species Clause: Limit one of each Pokémon
|rule|OHKO Clause: OHKO moves are banned
|rule|Evasion Items Clause: Evasion items are banned
|rule|Evasion Moves Clause: Evasion moves are banned
|rule|Sleep Moves Clause: Sleep-inducing moves are banned
|clearpoke
|poke|p1|Glimmora, M|
|poke|p1|Avalugg, F|
|poke|p1|Gogoat, F|
|poke|p1|Veluza, F|
|poke|p1|Dragapult, F|
|poke|p1|Kingambit, M|
|poke|p2|Meloetta|
|poke|p2|Zoroark-Hisui, M|
|poke|p2|Ribombee, M|
|poke|p2|Moltres-Galar|
|poke|p2|Ninetales-Alola, F|
|poke|p2|Spiritomb, F|
|teampreview
|inactive|Battle timer is ON: inactive players will automatically lose when time's up. (requested by Damuraj)
|
|t:|1743869549
|start
|switch|p1a: Glimmora|Glimmora, M|100/100
|switch|p2a: Ninetales|Ninetales-Alola, F, shiny|100/100
|turn|1
|
|t:|1743869563
|move|p2a: Ninetales|Tera Blast|p1a: Glimmora
|-resisted|p1a: Glimmora
|-damage|p1a: Glimmora|73/100
|move|p1a: Glimmora|Power Gem|p2a: Ninetales
|-damage|p2a: Ninetales|20/100
|replace|p2a: Zoroark|Zoroark-Hisui, M
|-end|p2a: Zoroark|Illusion
|
|upkeep
|turn|2
|
|t:|1743869580
|move|p2a: Zoroark|Bitter Malice|p1a: Glimmora
|-damage|p1a: Glimmora|15/100
|-unboost|p1a: Glimmora|atk|1
|move|p1a: Glimmora|Power Gem|p2a: Zoroark
|-damage|p2a: Zoroark|0 fnt
|faint|p2a: Zoroark
|
|upkeep
|
|t:|1743869586
|switch|p2a: Ribombee|Ribombee, M|100/100
|turn|3
|
|t:|1743869593
|move|p2a: Ribombee|Bug Buzz|p1a: Glimmora
|-resisted|p1a: Glimmora
|-damage|p1a: Glimmora|0 fnt
|faint|p1a: Glimmora
|
|upkeep
|
|t:|1743869610
|switch|p1a: Dragapult|Dragapult, F|100/100
|turn|4
|
|t:|1743869621
|move|p1a: Dragapult|Flamethrower|p2a: Ribombee
|-supereffective|p2a: Ribombee
|-enditem|p2a: Ribombee|Focus Sash
|-damage|p2a: Ribombee|1/100
|-damage|p1a: Dragapult|91/100|[from] item: Life Orb
|move|p2a: Ribombee|Quiver Dance|p2a: Ribombee
|-boost|p2a: Ribombee|spa|1
|-boost|p2a: Ribombee|spd|1
|-boost|p2a: Ribombee|spe|1
|
|upkeep
|turn|5
|
|t:|1743869631
|move|p2a: Ribombee|Moonblast|p1a: Dragapult
|-supereffective|p1a: Dragapult
|-damage|p1a: Dragapult|0 fnt
|faint|p1a: Dragapult
|
|upkeep
|
|t:|1743869638
|switch|p1a: Kingambit|Kingambit, M|100/100
|-activate|p1a: Kingambit|ability: Supreme Overlord
|-start|p1a: Kingambit|fallen2|[silent]
|turn|6
|
|t:|1743869642
|move|p1a: Kingambit|Sucker Punch|p2a: Ribombee
|-resisted|p2a: Ribombee
|-damage|p2a: Ribombee|0 fnt
|faint|p2a: Ribombee
|
|upkeep
|
|t:|1743869651
|switch|p2a: Moltres|Moltres-Galar|100/100
|turn|7
|
|t:|1743869660
|-end|p1a: Kingambit|fallen2|[silent]
|switch|p1a: Gogoat|Gogoat, F|100/100
|move|p2a: Moltres|Nasty Plot|p2a: Moltres
|-boost|p2a: Moltres|spa|2
|
|upkeep
|turn|8
|
|t:|1743869666
|move|p2a: Moltres|Air Slash|p1a: Gogoat
|-supereffective|p1a: Gogoat
|-damage|p1a: Gogoat|0 fnt
|faint|p1a: Gogoat
|
|upkeep
|
|t:|1743869673
|switch|p1a: Avalugg|Avalugg, F|100/100
|turn|9
|
|t:|1743869679
|move|p2a: Moltres|Fiery Wrath|p1a: Avalugg
|-damage|p1a: Avalugg|30/100
|move|p1a: Avalugg|Avalanche|p2a: Moltres
|-supereffective|p2a: Moltres
|-damage|p2a: Moltres|0 fnt
|faint|p2a: Moltres
|
|upkeep
|
|t:|1743869691
|switch|p2a: Spiritomb|Spiritomb, F, shiny|100/100
|turn|10
|
|t:|1743869698
|move|p2a: Spiritomb|Nasty Plot|p2a: Spiritomb
|-boost|p2a: Spiritomb|spa|2
|move|p1a: Avalugg|Avalanche|p2a: Spiritomb
|-damage|p2a: Spiritomb|76/100
|
|upkeep
|turn|11
|
|t:|1743869706
|move|p2a: Spiritomb|Shadow Ball|p1a: Avalugg
|-damage|p1a: Avalugg|0 fnt
|faint|p1a: Avalugg
|-damage|p2a: Spiritomb|66/100|[from] item: Life Orb
|
|upkeep
|
|t:|1743869713
|switch|p1a: Kingambit|Kingambit, M|100/100
|-activate|p1a: Kingambit|ability: Supreme Overlord
|-start|p1a: Kingambit|fallen4|[silent]
|turn|12
|
|t:|1743869718
|move|p1a: Kingambit|Swords Dance|p1a: Kingambit
|-boost|p1a: Kingambit|atk|2
|move|p2a: Spiritomb|Burning Jealousy|p1a: Kingambit
|-supereffective|p1a: Kingambit
|-damage|p1a: Kingambit|10/100
|-status|p1a: Kingambit|brn
|-damage|p2a: Spiritomb|56/100|[from] item: Life Orb
|
|-damage|p1a: Kingambit|4/100 brn|[from] brn
|upkeep
|turn|13
|
|t:|1743869732
|move|p1a: Kingambit|Kowtow Cleave|p2a: Spiritomb
|-damage|p2a: Spiritomb|0 fnt
|faint|p2a: Spiritomb
|
|-damage|p1a: Kingambit|0 fnt|[from] brn
|faint|p1a: Kingambit
|-end|p1a: Kingambit|fallen4|[silent]
|upkeep
|
|t:|1743869743
|switch|p1a: Veluza|Veluza, F|100/100
|switch|p2a: Meloetta|Meloetta|100/100
|turn|14
|
|t:|1743869748
|move|p2a: Meloetta|Relic Song|p1a: Veluza
|-damage|p1a: Veluza|10/100
|-enditem|p1a: Veluza|Sitrus Berry|[eat]
|-heal|p1a: Veluza|34/100|[from] item: Sitrus Berry
|-formechange|p2a: Meloetta|Meloetta-Pirouette|[msg]
|-damage|p2a: Meloetta|91/100|[from] item: Life Orb
|move|p1a: Veluza|Substitute|p1a: Veluza
|-start|p1a: Veluza|Substitute
|-damage|p1a: Veluza|10/100
|
|upkeep
|turn|15
|
|t:|1743869760
|move|p2a: Meloetta|Relic Song|p1a: Veluza
|-damage|p1a: Veluza|0 fnt
|faint|p1a: Veluza
|-formechange|p2a: Meloetta|Meloetta|[msg]
|-damage|p2a: Meloetta|81/100|[from] item: Life Orb
|
|win|spreadthesalt
|raw|Damuraj's rating: 1163 &rarr; <strong>1136</strong><br />(-27 for losing)
|raw|spreadthesalt's rating: 1135 &rarr; <strong>1162</strong><br />(+27 for winning)
|l|☆spreadthesalt
|player|p2|
|l|☆Damuraj
|player|p1|
