|j|☆Hyde-D-Rastom
|j|☆jrm MA
|t:|1743779587
|gametype|singles
|player|p1|Hyde-D-Rastom|calem|1291
|player|p2|jrm MA|102|1230
|teamsize|p1|6
|teamsize|p2|6
|gen|9
|tier|[Gen 9] OU
|rated|
|rule|HP Percentage Mod: HP is shown in percentages
|rule|Endless Battle Clause: Forcing endless battles is banned
|rule|Species Clause: Limit one of each Pokémon
|rule|OHKO Clause: OHKO moves are banned
|rule|Evasion Items Clause: Evasion items are banned
|rule|Evasion Moves Clause: Evasion moves are banned
|rule|Sleep Moves Clause: Sleep-inducing moves are banned
|clearpoke
|poke|p1|Blaziken, M|
|poke|p1|Sableye, M|
|poke|p1|Breloom, F|
|poke|p1|Milotic, F|
|poke|p1|Latias, F|
|poke|p1|Metagross|
|poke|p2|Volcanion|
|poke|p2|Ogerpon-Cornerstone, F|
|poke|p2|Dragapult, M|
|poke|p2|Kingambit, F|
|poke|p2|Gliscor, M|
|poke|p2|Altaria, M|
|teampreview
|inactive|Battle timer is ON: inactive players will automatically lose when time's up. (requested by Hyde-D-Rastom)
|
|t:|1743779605
|start
|switch|p1a: Breloom|Breloom, F|100/100
|switch|p2a: Volcanion|Volcanion|100/100
|turn|1
|
|t:|1743779617
|move|p1a: Breloom|Rock Tomb|p2a: Volcanion
|-supereffective|p2a: Volcanion
|-damage|p2a: Volcanion|51/100
|-unboost|p2a: Volcanion|spe|1
|move|p2a: Volcanion|Flamethrower|p1a: Breloom
|-supereffective|p1a: Breloom
|-damage|p1a: Breloom|0 fnt
|faint|p1a: Breloom
|
|upkeep
|
|t:|1743779621
|switch|p1a: Latias|Latias, F|100/100
|turn|2
|inactive|jrm MA has 120 seconds left.
|
|t:|1743779653
|move|p1a: Latias|Calm Mind|p1a: Latias
|-boost|p1a: Latias|spa|1
|-boost|p1a: Latias|spd|1
|move|p2a: Volcanion|Steam Eruption|p1a: Latias
|-resisted|p1a: Latias
|-damage|p1a: Latias|87/100
|
|upkeep
|turn|3
|
|t:|1743779661
|switch|p2a: Kingambit|Kingambit, F, shiny|100/100
|move|p1a: Latias|Agility|p1a: Latias
|-boost|p1a: Latias|spe|2
|
|upkeep
|turn|4
|inactive|jrm MA has 120 seconds left.
|
|t:|1743779677
|-terastallize|p1a: Latias|Poison
|move|p2a: Kingambit|Sucker Punch||[still]
|-fail|p2a: Kingambit
|move|p1a: Latias|Calm Mind|p1a: Latias
|-boost|p1a: Latias|spa|1
|-boost|p1a: Latias|spd|1
|
|upkeep
|turn|5
|inactive|jrm MA has 120 seconds left.
|
|t:|1743779701
|switch|p2a: Altaria|Altaria, M|100/100
|move|p1a: Latias|Draining Kiss|p2a: Altaria
|-supereffective|p2a: Altaria
|-damage|p2a: Altaria|68/100
|-heal|p1a: Latias|100/100|[from] drain|[of] p2a: Altaria
|
|-heal|p2a: Altaria|75/100|[from] item: Leftovers
|upkeep
|turn|6
|
|t:|1743779717
|-terastallize|p2a: Altaria|Steel
|move|p1a: Latias|Stored Power|p2a: Altaria
|-resisted|p2a: Altaria
|-damage|p2a: Altaria|41/100
|move|p2a: Altaria|Fire Spin|p1a: Latias
|-damage|p1a: Latias|98/100
|-activate|p1a: Latias|move: Fire Spin|[of] p2a: Altaria
|
|-heal|p2a: Altaria|47/100|[from] item: Leftovers
|-damage|p1a: Latias|86/100|[from] move: Fire Spin|[partiallytrapped]
|upkeep
|turn|7
|
|t:|1743779730
|move|p1a: Latias|Stored Power|p2a: Altaria
|-resisted|p2a: Altaria
|-damage|p2a: Altaria|11/100
|move|p2a: Altaria|Roost|p2a: Altaria
|-heal|p2a: Altaria|61/100
|
|-heal|p2a: Altaria|67/100|[from] item: Leftovers
|-damage|p1a: Latias|74/100|[from] move: Fire Spin|[partiallytrapped]
|upkeep
|turn|8
|
|t:|1743779739
|move|p1a: Latias|Calm Mind|p1a: Latias
|-boost|p1a: Latias|spa|1
|-boost|p1a: Latias|spd|1
|move|p2a: Altaria|Roost|p2a: Altaria
|-heal|p2a: Altaria|100/100
|
|-damage|p1a: Latias|61/100|[from] move: Fire Spin|[partiallytrapped]
|upkeep
|turn|9
|
|t:|1743779748
|move|p1a: Latias|Calm Mind|p1a: Latias
|-boost|p1a: Latias|spa|1
|-boost|p1a: Latias|spd|1
|move|p2a: Altaria|Perish Song|p2a: Altaria
|-start|p1a: Latias|perish3|[silent]
|-start|p2a: Altaria|perish3|[silent]
|-fieldactivate|move: Perish Song
|
|-damage|p1a: Latias|49/100|[from] move: Fire Spin|[partiallytrapped]
|-start|p1a: Latias|perish3
|-start|p2a: Altaria|perish3
|upkeep
|turn|10
|inactive|jrm MA has 120 seconds left.
|
|t:|1743779762
|move|p1a: Latias|Stored Power|p2a: Altaria
|-resisted|p2a: Altaria
|-damage|p2a: Altaria|16/100
|move|p2a: Altaria|Roost|p2a: Altaria
|-heal|p2a: Altaria|66/100
|
|-heal|p2a: Altaria|72/100|[from] item: Leftovers
|-damage|p1a: Latias|36/100|[from] move: Fire Spin|[partiallytrapped]
|-start|p1a: Latias|perish2
|-start|p2a: Altaria|perish2
|upkeep
|turn|11
|inactive|jrm MA has 120 seconds left.
|
|t:|1743779791
|switch|p2a: Kingambit|Kingambit, F, shiny|100/100
|move|p1a: Latias|Stored Power|p2a: Kingambit
|-immune|p2a: Kingambit
|
|-end|p1a: Latias|Fire Spin|[partiallytrapped]
|-start|p1a: Latias|perish1
|upkeep
|turn|12
|inactive|jrm MA has 90 seconds left.
|
|t:|1743779815
|switch|p1a: Blaziken|Blaziken, M|100/100
|move|p2a: Kingambit|Sucker Punch||[still]
|-fail|p2a: Kingambit
|
|upkeep
|turn|13
|
|t:|1743779823
|switch|p2a: Gliscor|Gliscor, M, shiny|100/100
|move|p1a: Blaziken|Focus Energy|p1a: Blaziken
|-start|p1a: Blaziken|move: Focus Energy
|
|-ability|p1a: Blaziken|Speed Boost|boost
|-boost|p1a: Blaziken|spe|1
|-status|p2a: Gliscor|tox|[from] item: Toxic Orb
|upkeep
|turn|14
|
|t:|1743779837
|move|p1a: Blaziken|Overheat|p2a: Gliscor|[miss]
|-miss|p1a: Blaziken|p2a: Gliscor
|move|p2a: Gliscor|Earthquake|p1a: Blaziken
|-supereffective|p1a: Blaziken
|-damage|p1a: Blaziken|1/100
|
|-ability|p1a: Blaziken|Speed Boost|boost
|-boost|p1a: Blaziken|spe|1
|upkeep
|turn|15
|
|t:|1743779848
|move|p1a: Blaziken|Overheat|p2a: Gliscor
|-crit|p2a: Gliscor
|-damage|p2a: Gliscor|0 fnt
|-unboost|p1a: Blaziken|spa|2
|faint|p2a: Gliscor
|
|-ability|p1a: Blaziken|Speed Boost|boost
|-boost|p1a: Blaziken|spe|1
|upkeep
|inactive|jrm MA has 90 seconds left.
|
|t:|1743779864
|switch|p2a: Kingambit|Kingambit, F, shiny|100/100
|turn|16
|inactive|jrm MA has 90 seconds left.
|
|t:|1743779869
|move|p2a: Kingambit|Sucker Punch||[still]
|-fail|p2a: Kingambit
|move|p1a: Blaziken|Focus Energy||[still]
|-fail|p1a: Blaziken
|
|-ability|p1a: Blaziken|Speed Boost|boost
|-boost|p1a: Blaziken|spe|1
|upkeep
|turn|17
|
|t:|1743779877
|move|p2a: Kingambit|Sucker Punch||[still]
|-fail|p2a: Kingambit
|move|p1a: Blaziken|Focus Energy||[still]
|-fail|p1a: Blaziken
|
|-ability|p1a: Blaziken|Speed Boost|boost
|-boost|p1a: Blaziken|spe|1
|upkeep
|turn|18
|
|t:|1743779887
|switch|p1a: Milotic|Milotic, F|100/100
|move|p2a: Kingambit|Sucker Punch||[still]
|-fail|p2a: Kingambit
|
|-status|p1a: Milotic|brn|[from] item: Flame Orb
|upkeep
|turn|19
|inactive|jrm MA has 90 seconds left.
|
|t:|1743779907
|switch|p1a: Blaziken|Blaziken, M|1/100
|switch|p2a: Ogerpon|Ogerpon-Cornerstone, F|100/100
|
|upkeep
|turn|20
|
|t:|1743779917
|switch|p1a: Sableye|Sableye, M|100/100
|move|p2a: Ogerpon|Horn Leech|p1a: Sableye
|-damage|p1a: Sableye|54/100
|
|-heal|p1a: Sableye|60/100|[from] item: Leftovers
|upkeep
|turn|21
|inactive|jrm MA has 90 seconds left.
|
|t:|1743779933
|switch|p2a: Altaria|Altaria, M, tera:Steel|72/100
|move|p1a: Sableye|Thunder Wave|p2a: Altaria
|-status|p2a: Altaria|par
|
|-heal|p1a: Sableye|67/100|[from] item: Leftovers
|-heal|p2a: Altaria|78/100 par|[from] item: Leftovers
|upkeep
|turn|22
|inactive|jrm MA has 90 seconds left.
|
|t:|1743779946
|switch|p1a: Metagross|Metagross|100/100
|cant|p2a: Altaria|par
|
|-heal|p2a: Altaria|85/100 par|[from] item: Leftovers
|upkeep
|turn|23
|inactive|jrm MA has 90 seconds left.
|
|t:|1743779961
|move|p1a: Metagross|Earthquake|p2a: Altaria
|-supereffective|p2a: Altaria
|-damage|p2a: Altaria|0 fnt
|faint|p2a: Altaria
|
|upkeep
|inactive|jrm MA has 90 seconds left.
|
|t:|1743779972
|switch|p2a: Volcanion|Volcanion|51/100
|turn|24
|inactive|jrm MA has 90 seconds left.
|
|t:|1743779977
|move|p2a: Volcanion|Flamethrower|p1a: Metagross
|-supereffective|p1a: Metagross
|-damage|p1a: Metagross|33/100
|-status|p1a: Metagross|brn
|move|p1a: Metagross|Earthquake|p2a: Volcanion
|-supereffective|p2a: Volcanion
|-damage|p2a: Volcanion|24/100
|
|-damage|p1a: Metagross|27/100 brn|[from] brn
|upkeep
|turn|25
|inactive|jrm MA has 90 seconds left.
|
|t:|1743779991
|move|p2a: Volcanion|Earth Power|p1a: Metagross
|-supereffective|p1a: Metagross
|-damage|p1a: Metagross|0 fnt
|faint|p1a: Metagross
|
|upkeep
|
|t:|1743779994
|switch|p1a: Latias|Latias, F, tera:Poison|36/100
|turn|26
|
|t:|1743780004
|move|p1a: Latias|Calm Mind|p1a: Latias
|-boost|p1a: Latias|spa|1
|-boost|p1a: Latias|spd|1
|move|p2a: Volcanion|Steam Eruption|p1a: Latias
|-crit|p1a: Latias
|-damage|p1a: Latias|0 fnt
|faint|p1a: Latias
|
|upkeep
|
|t:|1743780008
|switch|p1a: Sableye|Sableye, M|67/100
|turn|27
|
|t:|1743780016
|move|p1a: Sableye|Thunder Wave|p2a: Volcanion
|-status|p2a: Volcanion|par
|cant|p2a: Volcanion|par
|
|-heal|p1a: Sableye|73/100|[from] item: Leftovers
|upkeep
|turn|28
|
|t:|1743780023
|move|p1a: Sableye|Foul Play|p2a: Volcanion
|-damage|p2a: Volcanion|2/100 par
|move|p2a: Volcanion|Steam Eruption|p1a: Sableye
|-damage|p1a: Sableye|0 fnt
|faint|p1a: Sableye
|
|upkeep
|
|t:|1743780026
|switch|p1a: Blaziken|Blaziken, M|1/100
|turn|29
|
|t:|1743780034
|move|p1a: Blaziken|Scorching Sands|p2a: Volcanion
|-supereffective|p2a: Volcanion
|-damage|p2a: Volcanion|0 fnt
|faint|p2a: Volcanion
|
|-ability|p1a: Blaziken|Speed Boost|boost
|-boost|p1a: Blaziken|spe|1
|upkeep
|
|t:|1743780041
|switch|p2a: Dragapult|Dragapult, M|100/100
|turn|30
|
|t:|1743780050
|switch|p1a: Milotic|Milotic, F|100/100 brn
|move|p2a: Dragapult|U-turn|p1a: Milotic
|-damage|p1a: Milotic|84/100 brn
|
|t:|1743780055
|switch|p2a: Ogerpon|Ogerpon-Cornerstone, F|100/100|[from] U-turn
|
|-damage|p1a: Milotic|78/100 brn|[from] brn
|upkeep
|turn|31
|
|t:|1743780065
|move|p2a: Ogerpon|Swords Dance|p2a: Ogerpon
|-boost|p2a: Ogerpon|atk|2
|move|p1a: Milotic|Ice Beam|p2a: Ogerpon
|-supereffective|p2a: Ogerpon
|-damage|p2a: Ogerpon|51/100
|
|-damage|p1a: Milotic|72/100 brn|[from] brn
|upkeep
|turn|32
|
|t:|1743780074
|move|p2a: Ogerpon|Horn Leech|p1a: Milotic
|-supereffective|p1a: Milotic
|-damage|p1a: Milotic|0 fnt
|-heal|p2a: Ogerpon|98/100|[from] drain|[of] p1a: Milotic
|faint|p1a: Milotic
|
|upkeep
|-message|Hyde-D-Rastom forfeited.
|
|win|jrm MA
|raw|Hyde-D-Rastom's rating: 1291 &rarr; <strong>1262</strong><br />(-29 for losing)
|raw|jrm MA's rating: 1230 &rarr; <strong>1259</strong><br />(+29 for winning)
|l|☆Hyde-D-Rastom
|player|p1|
|l|☆jrm MA
|player|p2|
