|j|☆Chrisboomin
|j|☆Aidsfish45
|t:|1743786116
|gametype|singles
|player|p1|Chrisboomin|ethan|1344
|player|p2|Aidsfish45|265|1298
|teamsize|p1|6
|teamsize|p2|6
|gen|9
|tier|[Gen 9] OU
|rated|
|rule|HP Percentage Mod: HP is shown in percentages
|rule|Endless Battle Clause: Forcing endless battles is banned
|rule|Species Clause: Limit one of each Pokémon
|rule|OHKO Clause: OHKO moves are banned
|rule|Evasion Items Clause: Evasion items are banned
|rule|Evasion Moves Clause: Evasion moves are banned
|rule|Sleep Moves Clause: Sleep-inducing moves are banned
|clearpoke
|poke|p1|Araquanid, F|
|poke|p1|Iron Treads|
|poke|p1|Cinderace, F|
|poke|p1|Kingambit, F|
|poke|p1|Pecharunt|
|poke|p1|Dragonite, M|
|poke|p2|Cinccino, F|
|poke|p2|Dragonite, F|
|poke|p2|Porygon2|
|poke|p2|Arcanine, F|
|poke|p2|Gengar, F|
|poke|p2|Rotom-Wash|
|teampreview
|inactive|Battle timer is ON: inactive players will automatically lose when time's up. (requested by Aidsfish45)
|
|t:|1743786152
|start
|switch|p1a: Cinderace|Cinderace, F|100/100
|switch|p2a: Cinccino|Cinccino, F|100/100
|turn|1
|
|t:|1743786160
|move|p1a: Cinderace|Pyro Ball|p2a: Cinccino
|-crit|p2a: Cinccino
|-damage|p2a: Cinccino|0 fnt
|faint|p2a: Cinccino
|
|upkeep
|
|t:|1743786167
|switch|p2a: Rotom|Rotom-Wash|100/100
|turn|2
|
|t:|1743786171
|switch|p1a: Araquanid|Araquanid, F, shiny|100/100
|move|p2a: Rotom|Hydro Pump|p1a: Araquanid|[miss]
|-miss|p2a: Rotom|p1a: Araquanid
|
|upkeep
|turn|3
|
|t:|1743786179
|move|p2a: Rotom|Volt Switch|p1a: Araquanid
|-supereffective|p1a: Araquanid
|-damage|p1a: Araquanid|45/100
|
|t:|1743786188
|switch|p2a: Porygon2|Porygon2|100/100|[from] Volt Switch
|-ability|p2a: Porygon2|Download|boost
|-boost|p2a: Porygon2|spa|1
|move|p1a: Araquanid|Sticky Web|p2a: Porygon2
|-sidestart|p2: Aidsfish45|move: Sticky Web
|
|upkeep
|turn|4
|
|t:|1743786192
|move|p2a: Porygon2|Tri Attack|p1a: Araquanid
|-damage|p1a: Araquanid|0 fnt
|faint|p1a: Araquanid
|
|upkeep
|
|t:|1743786197
|switch|p1a: Iron Treads|Iron Treads|100/100
|-enditem|p1a: Iron Treads|Booster Energy
|-activate|p1a: Iron Treads|ability: Quark Drive|[fromitem]
|-start|p1a: Iron Treads|quarkdriveatk
|turn|5
|
|t:|1743786201
|move|p1a: Iron Treads|Earthquake|p2a: Porygon2
|-damage|p2a: Porygon2|58/100
|move|p2a: Porygon2|Ice Beam|p1a: Iron Treads
|-damage|p1a: Iron Treads|34/100
|
|upkeep
|turn|6
|
|t:|1743786207
|move|p1a: Iron Treads|Iron Head|p2a: Porygon2
|-crit|p2a: Porygon2
|-damage|p2a: Porygon2|9/100
|move|p2a: Porygon2|Recover|p2a: Porygon2
|-heal|p2a: Porygon2|59/100
|
|upkeep
|turn|7
|
|t:|1743786215
|move|p1a: Iron Treads|Iron Head|p2a: Porygon2
|-damage|p2a: Porygon2|23/100
|move|p2a: Porygon2|Recover|p2a: Porygon2
|-heal|p2a: Porygon2|73/100
|
|upkeep
|turn|8
|
|t:|1743786221
|switch|p2a: Dragonite|Dragonite, F|100/100
|move|p1a: Iron Treads|Iron Head|p2a: Dragonite
|-damage|p2a: Dragonite|72/100
|
|upkeep
|turn|9
|
|t:|1743786226
|move|p1a: Iron Treads|Supercell Slam|p2a: Dragonite
|-crit|p2a: Dragonite
|-damage|p2a: Dragonite|2/100
|move|p2a: Dragonite|Earthquake|p1a: Iron Treads
|-supereffective|p1a: Iron Treads
|-damage|p1a: Iron Treads|0 fnt
|faint|p1a: Iron Treads
|-end|p1a: Iron Treads|Quark Drive|[silent]
|
|upkeep
|
|t:|1743786234
|switch|p1a: Dragonite|Dragonite, M|100/100
|turn|10
|
|t:|1743786237
|move|p2a: Dragonite|Extreme Speed|p1a: Dragonite
|-damage|p1a: Dragonite|82/100
|move|p1a: Dragonite|Dragon Dance|p1a: Dragonite
|-boost|p1a: Dragonite|atk|1
|-boost|p1a: Dragonite|spe|1
|
|upkeep
|turn|11
|
|t:|1743786251
|-terastallize|p2a: Dragonite|Normal
|move|p2a: Dragonite|Extreme Speed|p1a: Dragonite
|-damage|p1a: Dragonite|32/100
|move|p1a: Dragonite|Dragon Dance|p1a: Dragonite
|-boost|p1a: Dragonite|atk|1
|-boost|p1a: Dragonite|spe|1
|
|upkeep
|turn|12
|
|t:|1743786258
|move|p1a: Dragonite|Extreme Speed|p2a: Dragonite
|-damage|p2a: Dragonite|0 fnt
|faint|p2a: Dragonite
|
|upkeep
|
|t:|1743786263
|switch|p2a: Gengar|Gengar, F|100/100
|-activate|p2a: Gengar|move: Sticky Web
|-unboost|p2a: Gengar|spe|1
|turn|13
|
|t:|1743786272
|move|p1a: Dragonite|Earthquake|p2a: Gengar
|-supereffective|p2a: Gengar
|-damage|p2a: Gengar|0 fnt
|faint|p2a: Gengar
|
|upkeep
|
|t:|1743786274
|switch|p2a: Arcanine|Arcanine, F|100/100
|-activate|p2a: Arcanine|move: Sticky Web
|-unboost|p2a: Arcanine|spe|1
|turn|14
|
|t:|1743786277
|move|p2a: Arcanine|Extreme Speed|p1a: Dragonite
|-damage|p1a: Dragonite|0 fnt
|faint|p1a: Dragonite
|
|upkeep
|
|t:|1743786281
|switch|p1a: Pecharunt|Pecharunt|100/100
|-item|p1a: Pecharunt|Air Balloon
|turn|15
|
|t:|1743786286
|switch|p2a: Porygon2|Porygon2|73/100
|-activate|p2a: Porygon2|move: Sticky Web
|-unboost|p2a: Porygon2|spe|1
|-ability|p2a: Porygon2|Download|boost
|-boost|p2a: Porygon2|spa|1
|move|p1a: Pecharunt|Malignant Chain|p2a: Porygon2
|-damage|p2a: Porygon2|49/100
|
|upkeep
|turn|16
|
|t:|1743786289
|move|p1a: Pecharunt|Malignant Chain|p2a: Porygon2
|-damage|p2a: Porygon2|23/100
|move|p2a: Porygon2|Recover|p2a: Porygon2
|-heal|p2a: Porygon2|73/100
|
|upkeep
|turn|17
|
|t:|1743786292
|move|p1a: Pecharunt|Malignant Chain|p2a: Porygon2
|-damage|p2a: Porygon2|48/100
|-status|p2a: Porygon2|tox
|-start|p2a: Porygon2|confusion|[from] ability: Poison Puppeteer|[of] p1a: Pecharunt
|-activate|p2a: Porygon2|confusion
|move|p2a: Porygon2|Recover|p2a: Porygon2
|-heal|p2a: Porygon2|98/100 tox
|
|-damage|p2a: Porygon2|91/100 tox|[from] psn
|upkeep
|turn|18
|
|t:|1743786298
|move|p1a: Pecharunt|Nasty Plot|p1a: Pecharunt
|-boost|p1a: Pecharunt|spa|2
|-activate|p2a: Porygon2|confusion
|move|p2a: Porygon2|Shadow Ball|p1a: Pecharunt
|-supereffective|p1a: Pecharunt
|-damage|p1a: Pecharunt|13/100
|-enditem|p1a: Pecharunt|Air Balloon
|
|-damage|p2a: Porygon2|79/100 tox|[from] psn
|upkeep
|turn|19
|
|t:|1743786302
|move|p1a: Pecharunt|Malignant Chain|p2a: Porygon2
|-damage|p2a: Porygon2|25/100 tox
|-activate|p2a: Porygon2|confusion
|move|p2a: Porygon2|Shadow Ball|p1a: Pecharunt
|-supereffective|p1a: Pecharunt
|-damage|p1a: Pecharunt|0 fnt
|faint|p1a: Pecharunt
|
|-damage|p2a: Porygon2|7/100 tox|[from] psn
|upkeep
|
|t:|1743786307
|switch|p1a: Cinderace|Cinderace, F|100/100
|turn|20
|
|t:|1743786316
|move|p1a: Cinderace|Swords Dance|p1a: Cinderace
|-boost|p1a: Cinderace|atk|2
|-activate|p2a: Porygon2|confusion
|-damage|p2a: Porygon2|1/100 tox|[from] confusion
|
|-damage|p2a: Porygon2|0 fnt|[from] psn
|faint|p2a: Porygon2
|upkeep
|
|t:|1743786320
|switch|p2a: Rotom|Rotom-Wash|100/100
|turn|21
|
|t:|1743786331
|move|p1a: Cinderace|Gunk Shot|p2a: Rotom
|-crit|p2a: Rotom
|-damage|p2a: Rotom|0 fnt
|faint|p2a: Rotom
|
|upkeep
|
|t:|1743786334
|switch|p2a: Arcanine|Arcanine, F|100/100
|-activate|p2a: Arcanine|move: Sticky Web
|-unboost|p2a: Arcanine|spe|1
|turn|22
|
|t:|1743786339
|move|p1a: Cinderace|Gunk Shot|p2a: Arcanine
|-damage|p2a: Arcanine|6/100
|-status|p2a: Arcanine|psn
|move|p2a: Arcanine|Close Combat|p1a: Cinderace
|-damage|p1a: Cinderace|15/100
|-unboost|p2a: Arcanine|def|1
|-unboost|p2a: Arcanine|spd|1
|
|-damage|p2a: Arcanine|0 fnt|[from] psn
|faint|p2a: Arcanine
|
|win|Chrisboomin
|raw|Chrisboomin's rating: 1344 &rarr; <strong>1361</strong><br />(+17 for winning)
|raw|Aidsfish45's rating: 1298 &rarr; <strong>1276</strong><br />(-22 for losing)
|c|☆Chrisboomin|sorry
|c|☆Aidsfish45|All good
|c|☆Chrisboomin|didnt desrve those
|c|☆Chrisboomin|gg
|c|☆Aidsfish45|Happens
|c|☆Aidsfish45|gg
|l|☆Chrisboomin
|player|p1|
|l|☆Aidsfish45
|player|p2|
