|j|☆Mussolenin
|j|☆glubbles
|t:|1743930618
|gametype|singles
|player|p1|Mussolenin|102|1227
|player|p2|glubbles|beauty|1207
|teamsize|p1|6
|teamsize|p2|6
|gen|9
|tier|[Gen 9] OU
|rated|
|rule|HP Percentage Mod: HP is shown in percentages
|rule|Endless Battle Clause: Forcing endless battles is banned
|rule|Species Clause: Limit one of each Pokémon
|rule|OHKO Clause: OHKO moves are banned
|rule|Evasion Items Clause: Evasion items are banned
|rule|Evasion Moves Clause: Evasion moves are banned
|rule|Sleep Moves Clause: Sleep-inducing moves are banned
|clearpoke
|poke|p1|Landorus-Therian, M|
|poke|p1|Gyarados, F|
|poke|p1|Hatterene, F|
|poke|p1|Kingambit, M|
|poke|p1|Porygon-Z|
|poke|p1|Kommo-o, M|
|poke|p2|Tinkaton, F|
|poke|p2|Alomomola, F|
|poke|p2|Slowking-Galar, F|
|poke|p2|Dragapult, M|
|poke|p2|Gyarados, F|
|poke|p2|Goodra-Hisui, M|
|teampreview
|inactive|Battle timer is ON: inactive players will automatically lose when time's up. (requested by Mussolenin)
|
|t:|1743930629
|start
|switch|p1a: Landorus|Landorus-Therian, M|100/100
|switch|p2a: Dragapult|Dragapult, M|100/100
|-ability|p1a: Landorus|Intimidate|boost
|-fail|p2a: Dragapult|unboost|[from] ability: Clear Body|[of] p2a: Dragapult
|turn|1
|
|t:|1743930640
|switch|p1a: Hatterene|Hatterene, F|100/100
|move|p2a: Dragapult|Dragon Darts|p1a: Hatterene
|-immune|p1a: Hatterene
|
|upkeep
|turn|2
|
|t:|1743930651
|switch|p2a: Goodra|Goodra-Hisui, M|100/100
|move|p1a: Hatterene|Dazzling Gleam|p2a: Goodra
|-damage|p2a: Goodra|84/100
|
|upkeep
|turn|3
|
|t:|1743930664
|switch|p1a: Landorus|Landorus-Therian, M|100/100
|-ability|p1a: Landorus|Intimidate|boost
|-unboost|p2a: Goodra|atk|1
|move|p2a: Goodra|Heavy Slam|p1a: Landorus
|-damage|p1a: Landorus|73/100
|-damage|p2a: Goodra|67/100|[from] item: Rocky Helmet|[of] p1a: Landorus
|
|upkeep
|turn|4
|
|t:|1743930673
|switch|p2a: Tinkaton|Tinkaton, F|100/100
|-item|p2a: Tinkaton|Air Balloon
|move|p1a: Landorus|Stealth Rock|p2a: Tinkaton
|-sidestart|p2: glubbles|move: Stealth Rock
|
|upkeep
|turn|5
|
|t:|1743930681
|move|p2a: Tinkaton|Gigaton Hammer|p1a: Landorus
|-damage|p1a: Landorus|27/100
|move|p1a: Landorus|Earthquake|p2a: Tinkaton
|-immune|p2a: Tinkaton
|
|upkeep
|turn|6
|
|t:|1743930691
|move|p2a: Tinkaton|Stealth Rock|p1a: Landorus
|-sidestart|p1: Mussolenin|move: Stealth Rock
|move|p1a: Landorus|U-turn|p2a: Tinkaton
|-resisted|p2a: Tinkaton
|-damage|p2a: Tinkaton|93/100
|-enditem|p2a: Tinkaton|Air Balloon
|-enditem|p1a: Landorus|Rocky Helmet|[silent]|[from] ability: Pickpocket|[of] p1a: Landorus
|-item|p2a: Tinkaton|Rocky Helmet|[from] ability: Pickpocket|[of] p1a: Landorus
|inactive|Mussolenin has 120 seconds left.
|
|t:|1743930727
|switch|p1a: Gyarados|Gyarados, F|100/100|[from] U-turn
|-damage|p1a: Gyarados|76/100|[from] Stealth Rock
|
|upkeep
|turn|7
|
|t:|1743930754
|move|p2a: Tinkaton|Thunder Wave|p1a: Gyarados
|-status|p1a: Gyarados|par
|move|p1a: Gyarados|Dragon Dance|p1a: Gyarados
|-boost|p1a: Gyarados|atk|1
|-boost|p1a: Gyarados|spe|1
|
|upkeep
|turn|8
|inactive|Mussolenin has 120 seconds left.
|
|t:|1743930763
|move|p2a: Tinkaton|Gigaton Hammer|p1a: Gyarados
|-resisted|p1a: Gyarados
|-damage|p1a: Gyarados|38/100 par
|move|p1a: Gyarados|Waterfall|p2a: Tinkaton
|-damage|p2a: Tinkaton|12/100
|-damage|p1a: Gyarados|21/100 par|[from] item: Rocky Helmet|[of] p2a: Tinkaton
|
|upkeep
|turn|9
|
|t:|1743930771
|move|p2a: Tinkaton|Stealth Rock||[still]
|-fail|p2a: Tinkaton
|move|p1a: Gyarados|Earthquake|p2a: Tinkaton
|-supereffective|p2a: Tinkaton
|-damage|p2a: Tinkaton|0 fnt
|faint|p2a: Tinkaton
|-ability|p1a: Gyarados|Moxie|boost
|-boost|p1a: Gyarados|atk|1
|
|upkeep
|
|t:|1743930779
|switch|p2a: Dragapult|Dragapult, M|100/100
|-damage|p2a: Dragapult|88/100|[from] Stealth Rock
|turn|10
|
|t:|1743930785
|move|p2a: Dragapult|Phantom Force||[still]
|-prepare|p2a: Dragapult|Phantom Force
|move|p1a: Gyarados|Earthquake|p2a: Dragapult|[miss]
|-miss|p1a: Gyarados|p2a: Dragapult
|
|upkeep
|turn|11
|
|t:|1743930790
|switch|p1a: Porygon-Z|Porygon-Z|100/100
|-damage|p1a: Porygon-Z|88/100|[from] Stealth Rock
|move|p2a: Dragapult|Phantom Force|p1a: Porygon-Z|[from] lockedmove
|-immune|p1a: Porygon-Z
|
|upkeep
|turn|12
|
|t:|1743930800
|switch|p2a: Goodra|Goodra-Hisui, M|67/100
|-damage|p2a: Goodra|61/100|[from] Stealth Rock
|move|p1a: Porygon-Z|Ice Beam|p2a: Goodra
|-damage|p2a: Goodra|40/100
|
|upkeep
|turn|13
|
|t:|1743930810
|move|p1a: Porygon-Z|Ice Beam|p2a: Goodra
|-damage|p2a: Goodra|20/100
|move|p2a: Goodra|Earthquake|p1a: Porygon-Z
|-damage|p1a: Porygon-Z|38/100
|
|upkeep
|turn|14
|
|t:|1743930815
|move|p1a: Porygon-Z|Ice Beam|p2a: Goodra
|-damage|p2a: Goodra|0 fnt
|faint|p2a: Goodra
|
|upkeep
|
|t:|1743930823
|switch|p2a: Slowking|Slowking-Galar, F|100/100
|-damage|p2a: Slowking|88/100|[from] Stealth Rock
|turn|15
|
|t:|1743930828
|switch|p1a: Kingambit|Kingambit, M|100/100
|-damage|p1a: Kingambit|94/100|[from] Stealth Rock
|move|p2a: Slowking|Flamethrower|p1a: Kingambit
|-supereffective|p1a: Kingambit
|-crit|p1a: Kingambit
|-damage|p1a: Kingambit|0 fnt
|faint|p1a: Kingambit
|-end|p1a: Kingambit|fallenundefined|[silent]
|-damage|p2a: Slowking|78/100|[from] item: Life Orb
|
|upkeep
|
|t:|1743930854
|switch|p1a: Landorus|Landorus-Therian, M|27/100
|-damage|p1a: Landorus|15/100|[from] Stealth Rock
|-ability|p1a: Landorus|Intimidate|boost
|-unboost|p2a: Slowking|atk|1
|turn|16
|
|t:|1743930863
|switch|p2a: Alomomola|Alomomola, F|100/100
|-damage|p2a: Alomomola|88/100|[from] Stealth Rock
|move|p1a: Landorus|Stone Edge|p2a: Alomomola
|-damage|p2a: Alomomola|72/100
|
|upkeep
|turn|17
|
|t:|1743930871
|move|p1a: Landorus|U-turn|p2a: Alomomola
|-damage|p2a: Alomomola|60/100
|-damage|p1a: Landorus|0 fnt|[from] item: Rocky Helmet|[of] p2a: Alomomola
|faint|p1a: Landorus
|move|p2a: Alomomola|Flip Turn|p1: Landorus|[notarget]
|-fail|p2a: Alomomola
|
|upkeep
|
|t:|1743930883
|switch|p1a: Gyarados|Gyarados, F|21/100 par
|-damage|p1a: Gyarados|0 fnt|[from] Stealth Rock
|faint|p1a: Gyarados
|
|t:|1743930888
|switch|p1a: Hatterene|Hatterene, F|100/100
|-damage|p1a: Hatterene|88/100|[from] Stealth Rock
|turn|18
|
|t:|1743930892
|move|p2a: Alomomola|Flip Turn|p1a: Hatterene
|-damage|p1a: Hatterene|75/100
|-enditem|p1a: Hatterene|Eject Button
|
|t:|1743930897
|switch|p1a: Kommo-o|Kommo-o, M|100/100
|-damage|p1a: Kommo-o|94/100|[from] Stealth Rock
|
|upkeep
|turn|19
|
|t:|1743930907
|move|p1a: Kommo-o|Substitute|p1a: Kommo-o
|-start|p1a: Kommo-o|Substitute
|-damage|p1a: Kommo-o|70/100
|move|p2a: Alomomola|Alluring Voice|p1a: Kommo-o
|-supereffective|p1a: Kommo-o
|-damage|p1a: Kommo-o|26/100
|-enditem|p1a: Kommo-o|Sitrus Berry|[eat]
|-heal|p1a: Kommo-o|50/100|[from] item: Sitrus Berry
|
|upkeep
|turn|20
|
|t:|1743930919
|move|p1a: Kommo-o|Drain Punch|p2a: Alomomola
|-damage|p2a: Alomomola|42/100
|-heal|p1a: Kommo-o|67/100|[from] drain|[of] p2a: Alomomola
|-damage|p1a: Kommo-o|51/100|[from] item: Rocky Helmet|[of] p2a: Alomomola
|move|p2a: Alomomola|Alluring Voice|p1a: Kommo-o
|-supereffective|p1a: Kommo-o
|-damage|p1a: Kommo-o|9/100
|
|upkeep
|turn|21
|
|t:|1743930930
|-terastallize|p1a: Kommo-o|Poison
|move|p1a: Kommo-o|Poison Jab|p2a: Alomomola
|-damage|p2a: Alomomola|24/100
|-damage|p1a: Kommo-o|0 fnt|[from] item: Rocky Helmet|[of] p2a: Alomomola
|faint|p1a: Kommo-o
|move|p2a: Alomomola|Alluring Voice|p1: Kommo-o|[notarget]
|-fail|p2a: Alomomola
|
|upkeep
|-message|Mussolenin forfeited.
|
|win|glubbles
|raw|Mussolenin's rating: 1227 &rarr; <strong>1201</strong><br />(-26 for losing)
|raw|glubbles's rating: 1207 &rarr; <strong>1233</strong><br />(+26 for winning)
|l|☆Mussolenin
|player|p1|
|l|☆glubbles
|player|p2|
