|j|☆Benshy
|j|☆Trump is good man
|t:|1743887772
|gametype|singles
|player|p1|Benshy|n|1259
|player|p2|Trump is good man|266|1285
|teamsize|p1|6
|teamsize|p2|6
|gen|9
|tier|[Gen 9] OU
|rated|
|rule|HP Percentage Mod: HP is shown in percentages
|rule|Endless Battle Clause: Forcing endless battles is banned
|rule|Species Clause: Limit one of each Pokémon
|rule|OHKO Clause: OHKO moves are banned
|rule|Evasion Items Clause: Evasion items are banned
|rule|Evasion Moves Clause: Evasion moves are banned
|rule|Sleep Moves Clause: Sleep-inducing moves are banned
|clearpoke
|poke|p1|Articuno|
|poke|p1|Tauros-Paldea-Aqua, M|
|poke|p1|Arcanine-Hisui, M|
|poke|p1|Gliscor, F|
|poke|p1|Iron Crown|
|poke|p1|Dragonite, M|
|poke|p2|Clefable, F|
|poke|p2|Slowking-Galar, M|
|poke|p2|Gliscor, F|
|poke|p2|Great Tusk|
|poke|p2|Gholdengo|
|poke|p2|Kyurem|
|teampreview
|inactive|Battle timer is ON: inactive players will automatically lose when time's up. (requested by Benshy)
|
|t:|1743887780
|start
|switch|p1a: Tauros|Tauros-Paldea-Aqua, M|100/100
|switch|p2a: Gliscor|Gliscor, F|100/100
|-ability|p1a: Tauros|Intimidate|boost
|-unboost|p2a: Gliscor|atk|1
|turn|1
|
|t:|1743887793
|move|p1a: Tauros|Wave Crash|p2a: Gliscor
|-supereffective|p2a: Gliscor
|-damage|p2a: Gliscor|0 fnt
|faint|p2a: Gliscor
|-damage|p1a: Tauros|61/100|[from] Recoil
|-damage|p1a: Tauros|51/100|[from] item: Life Orb
|
|upkeep
|
|t:|1743887810
|switch|p2a: Clefable|Clefable, F|100/100
|turn|2
|
|t:|1743887816
|switch|p1a: Iron Crown|Iron Crown|100/100
|move|p2a: Clefable|Moonlight|p2a: Clefable
|-fail|p2a: Clefable|heal
|
|upkeep
|turn|3
|
|t:|1743887823
|switch|p2a: Slowking|Slowking-Galar, M|100/100
|move|p1a: Iron Crown|Tachyon Cutter|p2a: Slowking
|-damage|p2a: Slowking|86/100
|-damage|p2a: Slowking|72/100
|-hitcount|p2a: Slowking|2
|
|upkeep
|turn|4
|
|t:|1743887851
|move|p1a: Iron Crown|Volt Switch|p2a: Slowking
|-damage|p2a: Slowking|60/100
|
|t:|1743887874
|-end|p1a: Iron Crown|Quark Drive|[silent]
|switch|p1a: Articuno|Articuno|100/100|[from] Volt Switch
|-ability|p1a: Articuno|Pressure
|move|p2a: Slowking|Ice Beam|p1a: Articuno
|-damage|p1a: Articuno|84/100
|
|upkeep
|turn|5
|
|t:|1743887884
|move|p1a: Articuno|Ice Beam|p2a: Slowking
|-crit|p2a: Slowking
|-damage|p2a: Slowking|38/100
|move|p2a: Slowking|Flamethrower|p1a: Articuno
|-supereffective|p1a: Articuno
|-damage|p1a: Articuno|53/100
|
|upkeep
|turn|6
|
|t:|1743887892
|switch|p2a: Clefable|Clefable, F|100/100
|move|p1a: Articuno|Roost|p1a: Articuno
|-heal|p1a: Articuno|100/100
|-singleturn|p1a: Articuno|move: Roost
|
|upkeep
|turn|7
|
|t:|1743887902
|move|p1a: Articuno|U-turn|p2a: Clefable
|-resisted|p2a: Clefable
|-damage|p2a: Clefable|96/100
|
|t:|1743887909
|switch|p1a: Iron Crown|Iron Crown|100/100|[from] U-turn
|move|p2a: Clefable|Flamethrower|p1a: Iron Crown
|-supereffective|p1a: Iron Crown
|-damage|p1a: Iron Crown|77/100
|-status|p1a: Iron Crown|brn
|
|-heal|p2a: Clefable|100/100|[from] item: Leftovers
|-damage|p1a: Iron Crown|70/100 brn|[from] brn
|upkeep
|turn|8
|
|t:|1743887923
|switch|p2a: Slowking|Slowking-Galar, M|71/100
|move|p1a: Iron Crown|Volt Switch|p2a: Slowking
|-damage|p2a: Slowking|59/100
|
|t:|1743887929
|-end|p1a: Iron Crown|Quark Drive|[silent]
|switch|p1a: Gliscor|Gliscor, F|100/100|[from] Volt Switch
|
|-status|p1a: Gliscor|tox|[from] item: Toxic Orb
|upkeep
|turn|9
|
|t:|1743887940
|switch|p2a: Great Tusk|Great Tusk|100/100
|move|p1a: Gliscor|Earthquake|p2a: Great Tusk
|-damage|p2a: Great Tusk|76/100
|
|upkeep
|turn|10
|
|t:|1743887948
|-terastallize|p1a: Gliscor|Water
|move|p2a: Great Tusk|Stealth Rock|p1a: Gliscor
|-sidestart|p1: Benshy|move: Stealth Rock
|move|p1a: Gliscor|Toxic|p2a: Great Tusk
|-status|p2a: Great Tusk|tox
|
|-damage|p2a: Great Tusk|70/100 tox|[from] psn
|upkeep
|turn|11
|
|t:|1743887970
|-end|p2a: Great Tusk|Protosynthesis|[silent]
|switch|p2a: Clefable|Clefable, F|100/100
|move|p1a: Gliscor|Knock Off|p2a: Clefable
|-resisted|p2a: Clefable
|-damage|p2a: Clefable|92/100
|-enditem|p2a: Clefable|Leftovers|[from] move: Knock Off|[of] p1a: Gliscor
|
|upkeep
|turn|12
|
|t:|1743887983
|switch|p1a: Iron Crown|Iron Crown|70/100 brn
|-damage|p1a: Iron Crown|64/100 brn|[from] Stealth Rock
|move|p2a: Clefable|Calm Mind|p2a: Clefable
|-boost|p2a: Clefable|spa|1
|-boost|p2a: Clefable|spd|1
|
|-damage|p1a: Iron Crown|58/100 brn|[from] brn
|upkeep
|turn|13
|
|t:|1743887992
|switch|p2a: Slowking|Slowking-Galar, M|92/100
|move|p1a: Iron Crown|Tachyon Cutter|p2a: Slowking
|-damage|p2a: Slowking|79/100
|-damage|p2a: Slowking|64/100
|-hitcount|p2a: Slowking|2
|
|-damage|p1a: Iron Crown|52/100 brn|[from] brn
|upkeep
|turn|14
|
|t:|1743888000
|move|p1a: Iron Crown|Volt Switch|p2a: Slowking
|-damage|p2a: Slowking|52/100
|
|t:|1743888004
|-end|p1a: Iron Crown|Quark Drive|[silent]
|switch|p1a: Gliscor|Gliscor, F, tera:Water|100/100 tox|[from] Volt Switch
|-damage|p1a: Gliscor|88/100 tox|[from] Stealth Rock
|move|p2a: Slowking|Psyshock|p1a: Gliscor
|-damage|p1a: Gliscor|66/100 tox
|
|-heal|p1a: Gliscor|78/100 tox|[from] ability: Poison Heal
|upkeep
|turn|15
|
|t:|1743888015
|switch|p2a: Clefable|Clefable, F|92/100
|move|p1a: Gliscor|Knock Off|p2a: Clefable
|-resisted|p2a: Clefable
|-damage|p2a: Clefable|87/100
|
|-heal|p1a: Gliscor|91/100 tox|[from] ability: Poison Heal
|upkeep
|turn|16
|inactive|Trump is good man has 120 seconds left.
|inactive|Trump is good man has 90 seconds left.
|
|t:|1743888084
|switch|p1a: Arcanine|Arcanine-Hisui, M|100/100
|-damage|p1a: Arcanine|76/100|[from] Stealth Rock
|move|p2a: Clefable|Flamethrower|p1a: Arcanine
|-resisted|p1a: Arcanine
|-damage|p1a: Arcanine|70/100
|
|upkeep
|turn|17
|inactive|Trump is good man has 90 seconds left.
|
|t:|1743888097
|switch|p2a: Great Tusk|Great Tusk|70/100 tox
|move|p1a: Arcanine|Head Smash|p2a: Great Tusk
|-resisted|p2a: Great Tusk
|-crit|p2a: Great Tusk
|-damage|p2a: Great Tusk|45/100 tox
|-damage|p1a: Arcanine|53/100|[from] item: Rocky Helmet|[of] p2a: Great Tusk
|-damage|p1a: Arcanine|43/100|[from] item: Life Orb
|
|-damage|p2a: Great Tusk|39/100 tox|[from] psn
|upkeep
|turn|18
|inactive|Trump is good man has 90 seconds left.
|
|t:|1743888117
|switch|p1a: Articuno|Articuno|100/100
|-ability|p1a: Articuno|Pressure
|move|p2a: Great Tusk|Ice Spinner|p1a: Articuno
|-damage|p1a: Articuno|76/100
|
|-damage|p2a: Great Tusk|26/100 tox|[from] psn
|upkeep
|turn|19
|inactive|Trump is good man has 90 seconds left.
|
|t:|1743888130
|-end|p2a: Great Tusk|Protosynthesis|[silent]
|switch|p2a: Slowking|Slowking-Galar, M|85/100
|move|p1a: Articuno|Roost|p1a: Articuno
|-heal|p1a: Articuno|100/100
|-singleturn|p1a: Articuno|move: Roost
|
|upkeep
|turn|20
|inactive|Trump is good man has 90 seconds left.
|
|t:|1743888142
|move|p1a: Articuno|Hurricane|p2a: Slowking
|-damage|p2a: Slowking|68/100
|-start|p2a: Slowking|confusion
|-activate|p2a: Slowking|confusion
|-damage|p2a: Slowking|62/100|[from] confusion
|
|upkeep
|turn|21
|inactive|Trump is good man has 90 seconds left.
|
|t:|1743888150
|move|p1a: Articuno|U-turn|p2a: Slowking
|-damage|p2a: Slowking|49/100
|
|t:|1743888152
|switch|p1a: Iron Crown|Iron Crown|52/100 brn|[from] U-turn
|-damage|p1a: Iron Crown|45/100 brn|[from] Stealth Rock
|-end|p2a: Slowking|confusion
|move|p2a: Slowking|Psyshock|p1a: Iron Crown
|-resisted|p1a: Iron Crown
|-damage|p1a: Iron Crown|37/100 brn
|
|-damage|p1a: Iron Crown|31/100 brn|[from] brn
|upkeep
|turn|22
|
|t:|1743888164
|move|p1a: Iron Crown|Tachyon Cutter|p2a: Slowking
|-damage|p2a: Slowking|37/100
|-damage|p2a: Slowking|23/100
|-hitcount|p2a: Slowking|2
|move|p2a: Slowking|Psyshock|p1a: Iron Crown
|-resisted|p1a: Iron Crown
|-damage|p1a: Iron Crown|23/100 brn
|
|-damage|p1a: Iron Crown|17/100 brn|[from] brn
|upkeep
|turn|23
|
|t:|1743888172
|switch|p2a: Gholdengo|Gholdengo|100/100
|move|p1a: Iron Crown|Tachyon Cutter|p2a: Gholdengo
|-resisted|p2a: Gholdengo
|-damage|p2a: Gholdengo|84/100
|-resisted|p2a: Gholdengo
|-damage|p2a: Gholdengo|68/100
|-hitcount|p2a: Gholdengo|2
|
|-damage|p1a: Iron Crown|11/100 brn|[from] brn
|upkeep
|turn|24
|
|t:|1743888182
|move|p2a: Gholdengo|Shadow Ball|p1a: Iron Crown
|-supereffective|p1a: Iron Crown
|-damage|p1a: Iron Crown|0 fnt
|faint|p1a: Iron Crown
|-end|p1a: Iron Crown|Quark Drive|[silent]
|
|upkeep
|
|t:|1743888187
|switch|p1a: Dragonite|Dragonite, M|100/100
|turn|25
|
|t:|1743888192
|move|p2a: Gholdengo|Shadow Ball|p1a: Dragonite
|-damage|p1a: Dragonite|80/100
|move|p1a: Dragonite|Dragon Dance|p1a: Dragonite
|-boost|p1a: Dragonite|atk|1
|-boost|p1a: Dragonite|spe|1
|
|upkeep
|turn|26
|
|t:|1743888199
|switch|p2a: Great Tusk|Great Tusk|26/100 tox
|move|p1a: Dragonite|Earthquake|p2a: Great Tusk
|-damage|p2a: Great Tusk|0 fnt
|faint|p2a: Great Tusk
|-end|p2a: Great Tusk|Protosynthesis|[silent]
|
|upkeep
|
|t:|1743888219
|switch|p2a: Gholdengo|Gholdengo|68/100
|turn|27
|
|t:|1743888226
|move|p2a: Gholdengo|Make It Rain|p1a: Dragonite
|-damage|p1a: Dragonite|7/100
|-unboost|p2a: Gholdengo|spa|1
|move|p1a: Dragonite|Earthquake|p2a: Gholdengo
|-supereffective|p2a: Gholdengo
|-damage|p2a: Gholdengo|0 fnt
|faint|p2a: Gholdengo
|
|upkeep
|
|t:|1743888240
|switch|p2a: Clefable|Clefable, F|87/100
|turn|28
|
|t:|1743888255
|move|p1a: Dragonite|Earthquake|p2a: Clefable
|-damage|p2a: Clefable|45/100
|move|p2a: Clefable|Moonblast|p1a: Dragonite
|-supereffective|p1a: Dragonite
|-damage|p1a: Dragonite|0 fnt
|faint|p1a: Dragonite
|
|upkeep
|
|t:|1743888264
|switch|p1a: Arcanine|Arcanine-Hisui, M|43/100
|-damage|p1a: Arcanine|18/100|[from] Stealth Rock
|turn|29
|
|t:|1743888270
|move|p1a: Arcanine|Head Smash|p2a: Clefable
|-damage|p2a: Clefable|0 fnt
|faint|p2a: Clefable
|-damage|p1a: Arcanine|8/100|[from] item: Life Orb
|
|upkeep
|
|t:|1743888277
|switch|p2a: Kyurem|Kyurem|100/100
|-ability|p2a: Kyurem|Pressure
|turn|30
|
|t:|1743888282
|move|p1a: Arcanine|Head Smash|p2a: Kyurem
|-supereffective|p2a: Kyurem
|-damage|p2a: Kyurem|0 fnt
|faint|p2a: Kyurem
|-damage|p1a: Arcanine|0 fnt|[from] item: Life Orb
|faint|p1a: Arcanine
|
|upkeep
|-message|Trump is good man forfeited.
|
|win|Benshy
|raw|Benshy's rating: 1259 &rarr; <strong>1286</strong><br />(+27 for winning)
|raw|Trump is good man's rating: 1285 &rarr; <strong>1258</strong><br />(-27 for losing)
|l|☆Trump is good man
|player|p2|
|l|☆Benshy
|player|p1|
