|j|☆chemnuoc
|j|☆rippedpantsbob
|t:|1743916136
|gametype|singles
|player|p1|chemnuoc|2|1170
|player|p2|rippedpantsbob|dawn|1197
|teamsize|p1|6
|teamsize|p2|6
|gen|9
|tier|[Gen 9] OU
|rated|
|rule|HP Percentage Mod: HP is shown in percentages
|rule|Endless Battle Clause: Forcing endless battles is banned
|rule|Species Clause: Limit one of each Pokémon
|rule|OHKO Clause: OHKO moves are banned
|rule|Evasion Items Clause: Evasion items are banned
|rule|Evasion Moves Clause: Evasion moves are banned
|rule|Sleep Moves Clause: Sleep-inducing moves are banned
|clearpoke
|poke|p1|Hawlucha, M|
|poke|p1|Porygon-Z|
|poke|p1|Landorus-Therian, M|
|poke|p1|Rillaboom, M|
|poke|p1|Iron Moth|
|poke|p1|Hitmontop, M|
|poke|p2|Glimmora, F|
|poke|p2|Slowking-Galar, F|
|poke|p2|Corviknight, M|
|poke|p2|Kyurem|
|poke|p2|Weavile, F|
|poke|p2|Sinistcha|
|teampreview
|inactive|Battle timer is ON: inactive players will automatically lose when time's up. (requested by rippedpantsbob)
|
|t:|1743916175
|start
|switch|p1a: Porygon-Z|Porygon-Z, shiny|100/100
|switch|p2a: Kyurem|Kyurem|100/100
|-ability|p2a: Kyurem|Pressure
|turn|1
|
|t:|1743916183
|move|p2a: Kyurem|Protect|p2a: Kyurem
|-singleturn|p2a: Kyurem|Protect
|move|p1a: Porygon-Z|Tri Attack|p2a: Kyurem
|-activate|p2a: Kyurem|move: Protect
|
|upkeep
|turn|2
|
|t:|1743916191
|switch|p2a: Sinistcha|Sinistcha|100/100
|move|p1a: Porygon-Z|Tri Attack|p2a: Sinistcha
|-immune|p2a: Sinistcha
|
|upkeep
|turn|3
|
|t:|1743916202
|switch|p1a: Landorus|Landorus-Therian, M, shiny|100/100
|-ability|p1a: Landorus|Intimidate|boost
|-unboost|p2a: Sinistcha|atk|1
|move|p2a: Sinistcha|Matcha Gotcha|p1a: Landorus
|-damage|p1a: Landorus|57/100
|
|upkeep
|turn|4
|
|t:|1743916211
|switch|p2a: Corviknight|Corviknight, M|100/100
|-ability|p2a: Corviknight|Pressure
|move|p1a: Landorus|Stealth Rock|p2a: Corviknight
|-sidestart|p2: rippedpantsbob|move: Stealth Rock
|
|upkeep
|turn|5
|
|t:|1743916222
|switch|p1a: Porygon-Z|Porygon-Z, shiny|100/100
|move|p2a: Corviknight|U-turn|p1a: Porygon-Z
|-damage|p1a: Porygon-Z|78/100
|
|t:|1743916240
|switch|p2a: Glimmora|Glimmora, F|100/100|[from] U-turn
|-damage|p2a: Glimmora|88/100|[from] Stealth Rock
|
|upkeep
|turn|6
|
|t:|1743916250
|move|p1a: Porygon-Z|Trick|p2a: Glimmora
|-activate|p1a: Porygon-Z|move: Trick|[of] p2a: Glimmora
|-item|p2a: Glimmora|Choice Specs|[from] move: Trick
|-item|p1a: Porygon-Z|Power Herb|[from] move: Trick
|move|p2a: Glimmora|Meteor Beam||[still]
|-prepare|p2a: Glimmora|Meteor Beam
|-boost|p2a: Glimmora|spa|1
|
|upkeep
|turn|7
|inactive|chemnuoc has 120 seconds left.
|
|t:|1743916284
|move|p1a: Porygon-Z|Tri Attack|p2a: Glimmora
|-resisted|p2a: Glimmora
|-damage|p2a: Glimmora|48/100
|move|p2a: Glimmora|Meteor Beam|p1a: Porygon-Z|[from] lockedmove
|-damage|p1a: Porygon-Z|0 fnt
|faint|p1a: Porygon-Z
|
|upkeep
|inactive|chemnuoc has 120 seconds left.
|
|t:|1743916289
|switch|p1a: Rillaboom|Rillaboom, M, shiny|100/100
|-fieldstart|move: Grassy Terrain|[from] ability: Grassy Surge|[of] p1a: Rillaboom
|turn|8
|inactive|chemnuoc has 120 seconds left.
|
|t:|1743916301
|switch|p2a: Corviknight|Corviknight, M|100/100
|-damage|p2a: Corviknight|88/100|[from] Stealth Rock
|-ability|p2a: Corviknight|Pressure
|move|p1a: Rillaboom|Grassy Glide|p2a: Corviknight
|-resisted|p2a: Corviknight
|-damage|p2a: Corviknight|79/100
|-damage|p1a: Rillaboom|84/100|[from] item: Rocky Helmet|[of] p2a: Corviknight
|
|-heal|p1a: Rillaboom|90/100|[from] Grassy Terrain
|upkeep
|turn|9
|
|t:|1743916306
|switch|p1a: Landorus|Landorus-Therian, M, shiny|57/100
|-ability|p1a: Landorus|Intimidate|boost
|-unboost|p2a: Corviknight|atk|1
|move|p2a: Corviknight|U-turn|p1a: Landorus
|-resisted|p1a: Landorus
|-damage|p1a: Landorus|51/100
|
|t:|1743916321
|switch|p2a: Kyurem|Kyurem|100/100|[from] U-turn
|-damage|p2a: Kyurem|76/100|[from] Stealth Rock
|-ability|p2a: Kyurem|Pressure
|
|-heal|p2a: Kyurem|82/100|[from] Grassy Terrain
|-heal|p2a: Kyurem|88/100|[from] item: Leftovers
|upkeep
|turn|10
|
|t:|1743916341
|switch|p1a: Hitmontop|Hitmontop, M, shiny|100/100
|move|p2a: Kyurem|Freeze-Dry|p1a: Hitmontop
|-damage|p1a: Hitmontop|63/100
|
|-heal|p2a: Kyurem|94/100|[from] Grassy Terrain
|-heal|p2a: Kyurem|99/100|[from] item: Leftovers
|-heal|p1a: Hitmontop|69/100|[from] Grassy Terrain
|upkeep
|turn|11
|
|t:|1743916346
|switch|p2a: Corviknight|Corviknight, M|79/100
|-damage|p2a: Corviknight|66/100|[from] Stealth Rock
|-ability|p2a: Corviknight|Pressure
|move|p1a: Hitmontop|Fake Out|p2a: Corviknight
|-resisted|p2a: Corviknight
|-damage|p2a: Corviknight|60/100
|-damage|p1a: Hitmontop|52/100|[from] item: Rocky Helmet|[of] p2a: Corviknight
|
|-heal|p1a: Hitmontop|59/100|[from] Grassy Terrain
|upkeep
|turn|12
|
|t:|1743916354
|-terastallize|p1a: Hitmontop|Steel
|move|p1a: Hitmontop|Triple Axel|p2a: Corviknight
|-damage|p2a: Corviknight|55/100
|-damage|p1a: Hitmontop|42/100|[from] item: Rocky Helmet|[of] p2a: Corviknight
|-damage|p2a: Corviknight|43/100
|-damage|p1a: Hitmontop|25/100|[from] item: Rocky Helmet|[of] p2a: Corviknight
|-damage|p2a: Corviknight|25/100
|-damage|p1a: Hitmontop|9/100|[from] item: Rocky Helmet|[of] p2a: Corviknight
|-hitcount|p2a: Corviknight|3
|move|p2a: Corviknight|Roost|p2a: Corviknight
|-heal|p2a: Corviknight|75/100
|-singleturn|p2a: Corviknight|move: Roost
|
|-heal|p1a: Hitmontop|15/100|[from] Grassy Terrain
|-heal|p2a: Corviknight|81/100|[from] Grassy Terrain
|-fieldend|move: Grassy Terrain
|upkeep
|turn|13
|
|t:|1743916371
|switch|p1a: Rillaboom|Rillaboom, M, shiny|90/100
|-fieldstart|move: Grassy Terrain|[from] ability: Grassy Surge|[of] p1a: Rillaboom
|move|p2a: Corviknight|Body Press|p1a: Rillaboom
|-damage|p1a: Rillaboom|60/100
|
|-heal|p1a: Rillaboom|66/100|[from] Grassy Terrain
|upkeep
|turn|14
|
|t:|1743916378
|move|p1a: Rillaboom|Knock Off|p2a: Corviknight
|-damage|p2a: Corviknight|49/100
|-damage|p1a: Rillaboom|50/100|[from] item: Rocky Helmet|[of] p2a: Corviknight
|-enditem|p2a: Corviknight|Rocky Helmet|[from] move: Knock Off|[of] p1a: Rillaboom
|move|p2a: Corviknight|U-turn|p1a: Rillaboom
|-supereffective|p1a: Rillaboom
|-damage|p1a: Rillaboom|18/100
|
|t:|1743916388
|switch|p2a: Slowking|Slowking-Galar, F|100/100|[from] U-turn
|
|-heal|p1a: Rillaboom|24/100|[from] Grassy Terrain
|upkeep
|turn|15
|
|t:|1743916391
|move|p1a: Rillaboom|Knock Off|p2a: Slowking
|-supereffective|p2a: Slowking
|-damage|p2a: Slowking|0 fnt
|-enditem|p2a: Slowking|Heavy-Duty Boots|[from] move: Knock Off|[of] p1a: Rillaboom
|faint|p2a: Slowking
|
|-heal|p1a: Rillaboom|30/100|[from] Grassy Terrain
|upkeep
|
|t:|1743916396
|switch|p2a: Corviknight|Corviknight, M|49/100
|-damage|p2a: Corviknight|37/100|[from] Stealth Rock
|-ability|p2a: Corviknight|Pressure
|turn|16
|
|t:|1743916410
|switch|p1a: Hitmontop|Hitmontop, M, shiny, tera:Steel|15/100
|move|p2a: Corviknight|Roost|p2a: Corviknight
|-heal|p2a: Corviknight|87/100
|-singleturn|p2a: Corviknight|move: Roost
|
|-heal|p1a: Hitmontop|21/100|[from] Grassy Terrain
|-heal|p2a: Corviknight|93/100|[from] Grassy Terrain
|upkeep
|turn|17
|
|t:|1743916413
|move|p1a: Hitmontop|Fake Out|p2a: Corviknight
|-resisted|p2a: Corviknight
|-damage|p2a: Corviknight|87/100
|cant|p2a: Corviknight|flinch
|
|-heal|p1a: Hitmontop|27/100|[from] Grassy Terrain
|-fieldend|move: Grassy Terrain
|upkeep
|turn|18
|
|t:|1743916425
|switch|p1a: Landorus|Landorus-Therian, M, shiny|51/100
|-ability|p1a: Landorus|Intimidate|boost
|-unboost|p2a: Corviknight|atk|1
|move|p2a: Corviknight|Body Press|p1a: Landorus
|-resisted|p1a: Landorus
|-damage|p1a: Landorus|36/100
|
|upkeep
|turn|19
|
|t:|1743916431
|move|p1a: Landorus|Stone Edge|p2a: Corviknight
|-damage|p2a: Corviknight|64/100
|move|p2a: Corviknight|U-turn|p1a: Landorus
|-resisted|p1a: Landorus
|-damage|p1a: Landorus|30/100
|
|t:|1743916434
|switch|p2a: Weavile|Weavile, F|100/100|[from] U-turn
|-ability|p2a: Weavile|Pressure
|
|upkeep
|turn|20
|
|t:|1743916440
|switch|p1a: Iron Moth|Iron Moth, shiny|100/100
|-enditem|p1a: Iron Moth|Booster Energy
|-activate|p1a: Iron Moth|ability: Quark Drive|[fromitem]
|-start|p1a: Iron Moth|quarkdrivespe
|move|p2a: Weavile|Triple Axel|p1a: Iron Moth
|-resisted|p1a: Iron Moth
|-damage|p1a: Iron Moth|93/100
|-resisted|p1a: Iron Moth
|-damage|p1a: Iron Moth|78/100
|-resisted|p1a: Iron Moth
|-damage|p1a: Iron Moth|56/100
|-hitcount|p1a: Iron Moth|3
|
|upkeep
|turn|21
|
|t:|1743916454
|switch|p2a: Glimmora|Glimmora, F|48/100
|-damage|p2a: Glimmora|36/100|[from] Stealth Rock
|move|p1a: Iron Moth|Fiery Dance|p2a: Glimmora
|-resisted|p2a: Glimmora
|-damage|p2a: Glimmora|7/100
|-boost|p1a: Iron Moth|spa|1
|
|upkeep
|turn|22
|
|t:|1743916458
|move|p1a: Iron Moth|Fiery Dance|p2a: Glimmora
|-resisted|p2a: Glimmora
|-damage|p2a: Glimmora|0 fnt
|-boost|p1a: Iron Moth|spa|1
|faint|p2a: Glimmora
|
|upkeep
|c|☆chemnuoc|gl
|
|t:|1743916481
|switch|p2a: Kyurem|Kyurem|99/100
|-damage|p2a: Kyurem|75/100|[from] Stealth Rock
|-ability|p2a: Kyurem|Pressure
|turn|23
|c|☆chemnuoc|1shot everything
|
|t:|1743916484
|move|p2a: Kyurem|Protect|p2a: Kyurem
|-singleturn|p2a: Kyurem|Protect
|move|p1a: Iron Moth|Fiery Dance|p2a: Kyurem
|-activate|p2a: Kyurem|move: Protect
|
|-heal|p2a: Kyurem|82/100|[from] item: Leftovers
|upkeep
|turn|24
|
|t:|1743916492
|move|p1a: Iron Moth|Fiery Dance|p2a: Kyurem
|-damage|p2a: Kyurem|15/100
|-boost|p1a: Iron Moth|spa|1
|move|p2a: Kyurem|Earth Power|p1a: Iron Moth
|-supereffective|p1a: Iron Moth
|-damage|p1a: Iron Moth|0 fnt
|faint|p1a: Iron Moth
|-end|p1a: Iron Moth|Quark Drive|[silent]
|
|-heal|p2a: Kyurem|21/100|[from] item: Leftovers
|upkeep
|
|t:|1743916499
|switch|p1a: Rillaboom|Rillaboom, M, shiny|30/100
|-fieldstart|move: Grassy Terrain|[from] ability: Grassy Surge|[of] p1a: Rillaboom
|turn|25
|
|t:|1743916504
|move|p2a: Kyurem|Protect|p2a: Kyurem
|-singleturn|p2a: Kyurem|Protect
|move|p1a: Rillaboom|Knock Off|p2a: Kyurem
|-activate|p2a: Kyurem|move: Protect
|
|-heal|p2a: Kyurem|28/100|[from] Grassy Terrain
|-heal|p2a: Kyurem|34/100|[from] item: Leftovers
|-heal|p1a: Rillaboom|37/100|[from] Grassy Terrain
|upkeep
|turn|26
|
|t:|1743916512
|move|p2a: Kyurem|Freeze-Dry|p1a: Rillaboom
|-supereffective|p1a: Rillaboom
|-damage|p1a: Rillaboom|0 fnt
|faint|p1a: Rillaboom
|
|-heal|p2a: Kyurem|40/100|[from] Grassy Terrain
|-heal|p2a: Kyurem|46/100|[from] item: Leftovers
|upkeep
|
|t:|1743916515
|switch|p1a: Hawlucha|Hawlucha, M, shiny|100/100
|-enditem|p1a: Hawlucha|Grassy Seed
|-boost|p1a: Hawlucha|def|1|[from] item: Grassy Seed
|turn|27
|
|t:|1743916518
|move|p1a: Hawlucha|Swords Dance|p1a: Hawlucha
|-boost|p1a: Hawlucha|atk|2
|move|p2a: Kyurem|Freeze-Dry|p1a: Hawlucha
|-supereffective|p1a: Hawlucha
|-damage|p1a: Hawlucha|19/100
|
|-heal|p2a: Kyurem|52/100|[from] Grassy Terrain
|-heal|p2a: Kyurem|58/100|[from] item: Leftovers
|upkeep
|turn|28
|
|t:|1743916523
|switch|p2a: Sinistcha|Sinistcha|100/100
|move|p1a: Hawlucha|Iron Head|p2a: Sinistcha
|-damage|p2a: Sinistcha|69/100
|
|-heal|p2a: Sinistcha|75/100|[from] Grassy Terrain
|upkeep
|turn|29
|
|t:|1743916528
|move|p1a: Hawlucha|Acrobatics|p2a: Sinistcha
|-supereffective|p2a: Sinistcha
|-damage|p2a: Sinistcha|0 fnt
|faint|p2a: Sinistcha
|
|-fieldend|move: Grassy Terrain
|upkeep
|
|t:|1743916532
|switch|p2a: Weavile|Weavile, F|100/100
|-ability|p2a: Weavile|Pressure
|turn|30
|
|t:|1743916538
|move|p2a: Weavile|Ice Shard|p1a: Hawlucha
|-supereffective|p1a: Hawlucha
|-damage|p1a: Hawlucha|0 fnt
|faint|p1a: Hawlucha
|
|upkeep
|
|t:|1743916541
|switch|p1a: Hitmontop|Hitmontop, M, shiny, tera:Steel|27/100
|turn|31
|
|t:|1743916544
|move|p1a: Hitmontop|Fake Out|p2a: Weavile
|-damage|p2a: Weavile|66/100
|cant|p2a: Weavile|flinch
|
|upkeep
|turn|32
|
|t:|1743916549
|move|p1a: Hitmontop|Bullet Punch|p2a: Weavile
|-supereffective|p2a: Weavile
|-damage|p2a: Weavile|0 fnt
|faint|p2a: Weavile
|
|upkeep
|
|t:|1743916552
|switch|p2a: Corviknight|Corviknight, M|64/100
|-damage|p2a: Corviknight|51/100|[from] Stealth Rock
|-ability|p2a: Corviknight|Pressure
|turn|33
|
|t:|1743916555
|move|p1a: Hitmontop|Close Combat|p2a: Corviknight
|-damage|p2a: Corviknight|16/100
|-unboost|p1a: Hitmontop|def|1
|-unboost|p1a: Hitmontop|spd|1
|move|p2a: Corviknight|Iron Defense|p2a: Corviknight
|-boost|p2a: Corviknight|def|2
|
|upkeep
|turn|34
|
|t:|1743916559
|move|p1a: Hitmontop|Close Combat|p2a: Corviknight
|-damage|p2a: Corviknight|0 fnt
|-unboost|p1a: Hitmontop|def|1
|-unboost|p1a: Hitmontop|spd|1
|faint|p2a: Corviknight
|
|upkeep
|
|t:|1743916562
|switch|p2a: Kyurem|Kyurem|58/100
|-damage|p2a: Kyurem|34/100|[from] Stealth Rock
|-ability|p2a: Kyurem|Pressure
|turn|35
|
|t:|1743916566
|-terastallize|p2a: Kyurem|Steel
|move|p2a: Kyurem|Earth Power|p1a: Hitmontop
|-supereffective|p1a: Hitmontop
|-damage|p1a: Hitmontop|0 fnt
|faint|p1a: Hitmontop
|
|-heal|p2a: Kyurem|40/100|[from] item: Leftovers
|upkeep
|
|t:|1743916568
|switch|p1a: Landorus|Landorus-Therian, M, shiny|30/100
|-ability|p1a: Landorus|Intimidate|boost
|-unboost|p2a: Kyurem|atk|1
|turn|36
|
|t:|1743916572
|move|p1a: Landorus|Earthquake|p2a: Kyurem
|-supereffective|p2a: Kyurem
|-damage|p2a: Kyurem|0 fnt
|faint|p2a: Kyurem
|
|win|chemnuoc
|raw|chemnuoc's rating: 1141 &rarr; <strong>1170</strong><br />(+29 for winning)
|raw|rippedpantsbob's rating: 1197 &rarr; <strong>1168</strong><br />(-29 for losing)
|l|☆chemnuoc
|player|p1|
|l|☆rippedpantsbob
|player|p2|
