|j|☆arkieleon
|j|☆WillemLee
|t:|1743841201
|gametype|singles
|player|p1|arkieleon|265|1184
|player|p2|WillemLee|bruno|1199
|teamsize|p1|6
|teamsize|p2|6
|gen|9
|tier|[Gen 9] OU
|rated|
|rule|HP Percentage Mod: HP is shown in percentages
|rule|Endless Battle Clause: Forcing endless battles is banned
|rule|Species Clause: Limit one of each Pokémon
|rule|OHKO Clause: OHKO moves are banned
|rule|Evasion Items Clause: Evasion items are banned
|rule|Evasion Moves Clause: Evasion moves are banned
|rule|Sleep Moves Clause: Sleep-inducing moves are banned
|clearpoke
|poke|p1|Golurk|
|poke|p1|Ribombee, F|
|poke|p1|Raging Bolt|
|poke|p1|Enamorus, F|
|poke|p1|Kingambit, F|
|poke|p1|Zamazenta-*|
|poke|p2|Primarina, F|
|poke|p2|Gholdengo|
|poke|p2|Kingambit, M|
|poke|p2|Landorus-Therian, M|
|poke|p2|Dragapult, F|
|poke|p2|Iron Moth|
|teampreview
|inactive|Battle timer is ON: inactive players will automatically lose when time's up. (requested by WillemLee)
|
|t:|1743841209
|start
|switch|p1a: Ribombee|Ribombee, F|100/100
|switch|p2a: Iron Moth|Iron Moth|100/100
|-enditem|p2a: Iron Moth|Booster Energy
|-activate|p2a: Iron Moth|ability: Quark Drive|[fromitem]
|-start|p2a: Iron Moth|quarkdrivespa
|turn|1
|
|t:|1743841220
|move|p1a: Ribombee|Sticky Web|p2a: Iron Moth
|-sidestart|p2: WillemLee|move: Sticky Web
|move|p2a: Iron Moth|Toxic|p1a: Ribombee
|-status|p1a: Ribombee|tox
|
|-damage|p1a: Ribombee|94/100 tox|[from] psn
|upkeep
|turn|2
|
|t:|1743841231
|move|p1a: Ribombee|Stun Spore|p2a: Iron Moth
|-status|p2a: Iron Moth|par
|move|p2a: Iron Moth|Fiery Dance|p1a: Ribombee
|-supereffective|p1a: Ribombee
|-damage|p1a: Ribombee|0 fnt
|-boost|p2a: Iron Moth|spa|1
|faint|p1a: Ribombee
|
|upkeep
|
|t:|1743841249
|switch|p1a: Golurk|Golurk|100/100
|turn|3
|
|t:|1743841261
|-terastallize|p2a: Iron Moth|Grass
|move|p1a: Golurk|Ice Punch|p2a: Iron Moth
|-supereffective|p2a: Iron Moth
|-damage|p2a: Iron Moth|0 fnt
|faint|p2a: Iron Moth
|-end|p2a: Iron Moth|Quark Drive|[silent]
|
|upkeep
|
|t:|1743841271
|switch|p2a: Primarina|Primarina, F|100/100
|-activate|p2a: Primarina|move: Sticky Web
|-unboost|p2a: Primarina|spe|1
|turn|4
|
|t:|1743841279
|switch|p1a: Kingambit|Kingambit, F|100/100
|-activate|p1a: Kingambit|ability: Supreme Overlord
|-start|p1a: Kingambit|fallen1|[silent]
|-item|p1a: Kingambit|Air Balloon
|move|p2a: Primarina|Sparkling Aria|p1a: Kingambit
|-damage|p1a: Kingambit|51/100
|-enditem|p1a: Kingambit|Air Balloon
|
|upkeep
|turn|5
|
|t:|1743841291
|move|p1a: Kingambit|Iron Head|p2a: Primarina
|-damage|p2a: Primarina|36/100
|move|p2a: Primarina|Sparkling Aria|p1a: Kingambit
|-damage|p1a: Kingambit|0 fnt
|faint|p1a: Kingambit
|-end|p1a: Kingambit|fallen1|[silent]
|
|upkeep
|
|t:|1743841297
|switch|p1a: Raging Bolt|Raging Bolt|100/100
|turn|6
|
|t:|1743841304
|switch|p2a: Landorus|Landorus-Therian, M|100/100
|-ability|p2a: Landorus|Intimidate|boost
|-unboost|p1a: Raging Bolt|atk|1
|move|p1a: Raging Bolt|Thunderbolt|p2a: Landorus
|-immune|p2a: Landorus
|
|upkeep
|turn|7
|
|t:|1743841316
|-end|p1a: Raging Bolt|Protosynthesis|[silent]
|switch|p1a: Enamorus|Enamorus, F|100/100
|move|p2a: Landorus|Stealth Rock|p1a: Enamorus
|-sidestart|p1: arkieleon|move: Stealth Rock
|
|upkeep
|turn|8
|
|t:|1743841326
|move|p1a: Enamorus|Moonblast|p2a: Landorus
|-damage|p2a: Landorus|40/100
|move|p2a: Landorus|Rock Slide|p1a: Enamorus
|-supereffective|p1a: Enamorus
|-damage|p1a: Enamorus|10/100
|
|upkeep
|turn|9
|
|t:|1743841334
|move|p1a: Enamorus|Moonblast|p2a: Landorus
|-damage|p2a: Landorus|0 fnt
|faint|p2a: Landorus
|
|upkeep
|
|t:|1743841340
|switch|p2a: Primarina|Primarina, F|36/100
|-activate|p2a: Primarina|move: Sticky Web
|-unboost|p2a: Primarina|spe|1
|turn|10
|
|t:|1743841347
|move|p1a: Enamorus|Moonblast|p2a: Primarina
|-damage|p2a: Primarina|2/100
|move|p2a: Primarina|Alluring Voice|p1a: Enamorus
|-damage|p1a: Enamorus|0 fnt
|faint|p1a: Enamorus
|
|upkeep
|
|t:|1743841353
|switch|p1a: Raging Bolt|Raging Bolt|100/100
|-damage|p1a: Raging Bolt|88/100|[from] Stealth Rock
|turn|11
|
|t:|1743841360
|switch|p2a: Kingambit|Kingambit, M|100/100
|-activate|p2a: Kingambit|ability: Supreme Overlord
|-start|p2a: Kingambit|fallen2|[silent]
|move|p1a: Raging Bolt|Thunderbolt|p2a: Kingambit
|-damage|p2a: Kingambit|53/100
|-status|p2a: Kingambit|par
|
|-heal|p1a: Raging Bolt|94/100|[from] item: Leftovers
|upkeep
|turn|12
|
|t:|1743841377
|move|p1a: Raging Bolt|Calm Mind|p1a: Raging Bolt
|-boost|p1a: Raging Bolt|spa|1
|-boost|p1a: Raging Bolt|spd|1
|move|p2a: Kingambit|Iron Head|p1a: Raging Bolt
|-resisted|p1a: Raging Bolt
|-damage|p1a: Raging Bolt|69/100
|
|-heal|p1a: Raging Bolt|75/100|[from] item: Leftovers
|upkeep
|turn|13
|
|t:|1743841389
|move|p2a: Kingambit|Sucker Punch|p1a: Raging Bolt
|-damage|p1a: Raging Bolt|24/100
|move|p1a: Raging Bolt|Thunderbolt|p2a: Kingambit
|-damage|p2a: Kingambit|0 fnt
|faint|p2a: Kingambit
|-end|p2a: Kingambit|fallen2|[silent]
|
|-heal|p1a: Raging Bolt|30/100|[from] item: Leftovers
|upkeep
|
|t:|1743841398
|switch|p2a: Dragapult|Dragapult, F|100/100
|-activate|p2a: Dragapult|move: Sticky Web
|-fail|p2a: Dragapult|unboost|[from] ability: Clear Body|[of] p2a: Dragapult
|turn|14
|
|t:|1743841405
|-terastallize|p1a: Raging Bolt|Fairy
|move|p2a: Dragapult|Dragon Dance|p2a: Dragapult
|-boost|p2a: Dragapult|atk|1
|-boost|p2a: Dragapult|spe|1
|move|p1a: Raging Bolt|Dragon Pulse|p2a: Dragapult
|-supereffective|p2a: Dragapult
|-enditem|p2a: Dragapult|Focus Sash
|-damage|p2a: Dragapult|1/100
|
|-heal|p1a: Raging Bolt|36/100|[from] item: Leftovers
|upkeep
|turn|15
|
|t:|1743841416
|move|p1a: Raging Bolt|Thunderclap|p2a: Dragapult
|-resisted|p2a: Dragapult
|-damage|p2a: Dragapult|0 fnt
|faint|p2a: Dragapult
|
|-heal|p1a: Raging Bolt|42/100|[from] item: Leftovers
|upkeep
|
|t:|1743841425
|switch|p2a: Gholdengo|Gholdengo|100/100
|-item|p2a: Gholdengo|Air Balloon
|turn|16
|
|t:|1743841433
|move|p1a: Raging Bolt|Thunderclap||[still]
|-fail|p1a: Raging Bolt
|move|p2a: Gholdengo|Nasty Plot|p2a: Gholdengo
|-boost|p2a: Gholdengo|spa|2
|
|-heal|p1a: Raging Bolt|49/100|[from] item: Leftovers
|upkeep
|turn|17
|
|t:|1743841442
|move|p1a: Raging Bolt|Thunderclap|p2a: Gholdengo
|-damage|p2a: Gholdengo|29/100
|-enditem|p2a: Gholdengo|Air Balloon
|move|p2a: Gholdengo|Shadow Ball|p1a: Raging Bolt
|-damage|p1a: Raging Bolt|0 fnt
|faint|p1a: Raging Bolt
|-end|p1a: Raging Bolt|Protosynthesis|[silent]
|
|upkeep
|
|t:|1743841450
|switch|p1a: Zamazenta|Zamazenta|100/100
|-damage|p1a: Zamazenta|94/100|[from] Stealth Rock
|-ability|p1a: Zamazenta|Dauntless Shield|boost
|-boost|p1a: Zamazenta|def|1
|turn|18
|
|t:|1743841460
|move|p1a: Zamazenta|Crunch|p2a: Gholdengo
|-supereffective|p2a: Gholdengo
|-damage|p2a: Gholdengo|0 fnt
|faint|p2a: Gholdengo
|
|-heal|p1a: Zamazenta|100/100|[from] item: Leftovers
|upkeep
|-message|WillemLee forfeited.
|
|win|arkieleon
|raw|arkieleon's rating: 1184 &rarr; <strong>1210</strong><br />(+26 for winning)
|raw|WillemLee's rating: 1199 &rarr; <strong>1173</strong><br />(-26 for losing)
|l|☆WillemLee
|player|p2|
|l|☆arkieleon
|player|p1|
