|j|☆puchifero28
|j|☆ASSATFAO
|t:|1743820871
|gametype|singles
|player|p1|puchifero28|1|1099
|player|p2|ASSATFAO|ghetsis|1052
|teamsize|p1|6
|teamsize|p2|6
|gen|9
|tier|[Gen 9] OU
|rated|
|rule|HP Percentage Mod: HP is shown in percentages
|rule|Endless Battle Clause: Forcing endless battles is banned
|rule|Species Clause: Limit one of each Pokémon
|rule|OHKO Clause: OHKO moves are banned
|rule|Evasion Items Clause: Evasion items are banned
|rule|Evasion Moves Clause: Evasion moves are banned
|rule|Sleep Moves Clause: Sleep-inducing moves are banned
|clearpoke
|poke|p1|Gholdengo|
|poke|p1|Primarina, F|
|poke|p1|Slowking-Galar, M|
|poke|p1|Iron Hands|
|poke|p1|Incineroar, F|
|poke|p1|Farigiraf, F|
|poke|p2|Inteleon, M|
|poke|p2|Dragapult, F|
|poke|p2|Cinderace, F|
|poke|p2|Corviknight, F|
|poke|p2|Alomomola, M|
|poke|p2|Ting-Lu|
|teampreview
|
|t:|1743820882
|start
|switch|p1a: Slowking|Slowking-Galar, M|100/100
|switch|p2a: Ting-Lu|Ting-Lu|100/100
|-ability|p2a: Ting-Lu|Vessel of Ruin
|turn|1
|
|t:|1743820892
|-terastallize|p1a: Slowking|Water
|move|p2a: Ting-Lu|Stealth Rock|p1a: Slowking
|-sidestart|p1: puchifero28|move: Stealth Rock
|move|p1a: Slowking|Trick Room|p1a: Slowking
|-fieldstart|move: Trick Room|[of] p1a: Slowking
|
|upkeep
|turn|2
|
|t:|1743820899
|move|p1a: Slowking|Chilling Water|p2a: Ting-Lu
|-supereffective|p2a: Ting-Lu
|-damage|p2a: Ting-Lu|79/100
|-unboost|p2a: Ting-Lu|atk|1
|move|p2a: Ting-Lu|Ruination|p1a: Slowking
|-damage|p1a: Slowking|50/100
|
|-heal|p1a: Slowking|57/100|[from] item: Leftovers
|-heal|p2a: Ting-Lu|85/100|[from] item: Leftovers
|upkeep
|turn|3
|
|t:|1743820911
|move|p1a: Slowking|Calm Mind|p1a: Slowking
|-boost|p1a: Slowking|spa|1
|-boost|p1a: Slowking|spd|1
|move|p2a: Ting-Lu|Ruination|p1a: Slowking
|-damage|p1a: Slowking|29/100
|
|-heal|p1a: Slowking|35/100|[from] item: Leftovers
|-heal|p2a: Ting-Lu|92/100|[from] item: Leftovers
|upkeep
|turn|4
|
|t:|1743820921
|move|p1a: Slowking|Chilling Water|p2a: Ting-Lu
|-supereffective|p2a: Ting-Lu
|-damage|p2a: Ting-Lu|60/100
|-unboost|p2a: Ting-Lu|atk|1
|move|p2a: Ting-Lu|Whirlwind|p1a: Slowking
|drag|p1a: Incineroar|Incineroar, F|100/100
|-damage|p1a: Incineroar|76/100|[from] Stealth Rock
|-ability|p1a: Incineroar|Intimidate|boost
|-unboost|p2a: Ting-Lu|atk|1
|
|-heal|p2a: Ting-Lu|66/100|[from] item: Leftovers
|upkeep
|turn|5
|
|t:|1743820934
|switch|p2a: Alomomola|Alomomola, M|100/100
|move|p1a: Incineroar|U-turn|p2a: Alomomola
|-damage|p2a: Alomomola|82/100
|
|t:|1743820941
|switch|p1a: Slowking|Slowking-Galar, M, tera:Water|68/100|[from] U-turn
|-damage|p1a: Slowking|56/100|[from] Stealth Rock
|
|-heal|p1a: Slowking|62/100|[from] item: Leftovers
|-fieldend|move: Trick Room
|upkeep
|turn|6
|
|t:|1743820949
|move|p2a: Alomomola|Wish|p2a: Alomomola
|move|p1a: Slowking|Trick Room|p1a: Slowking
|-fieldstart|move: Trick Room|[of] p1a: Slowking
|
|-heal|p1a: Slowking|68/100|[from] item: Leftovers
|upkeep
|turn|7
|
|t:|1743820955
|switch|p2a: Ting-Lu|Ting-Lu|66/100
|-ability|p2a: Ting-Lu|Vessel of Ruin
|move|p1a: Slowking|Calm Mind|p1a: Slowking
|-boost|p1a: Slowking|spa|1
|-boost|p1a: Slowking|spd|1
|
|-heal|p2a: Ting-Lu|100/100|[from] move: Wish|[wisher] Alomomola
|-heal|p1a: Slowking|74/100|[from] item: Leftovers
|upkeep
|turn|8
|
|t:|1743820969
|move|p1a: Slowking|Chilling Water|p2a: Ting-Lu
|-supereffective|p2a: Ting-Lu
|-damage|p2a: Ting-Lu|66/100
|-unboost|p2a: Ting-Lu|atk|1
|move|p2a: Ting-Lu|Whirlwind|p1a: Slowking
|drag|p1a: Farigiraf|Farigiraf, F|100/100
|-damage|p1a: Farigiraf|88/100|[from] Stealth Rock
|
|-heal|p2a: Ting-Lu|72/100|[from] item: Leftovers
|upkeep
|turn|9
|
|t:|1743820987
|move|p2a: Ting-Lu|Ruination|p1a: Farigiraf
|-damage|p1a: Farigiraf|44/100
|move|p1a: Farigiraf|Wish|p1a: Farigiraf
|
|-heal|p2a: Ting-Lu|79/100|[from] item: Leftovers
|upkeep
|turn|10
|inactive|Battle timer is ON: inactive players will automatically lose when time's up. (requested by ASSATFAO)
|
|t:|1743820995
|move|p1a: Farigiraf|Earthquake|p2a: Ting-Lu
|-damage|p2a: Ting-Lu|68/100
|move|p2a: Ting-Lu|Whirlwind|p1a: Farigiraf
|drag|p1a: Primarina|Primarina, F|100/100
|-damage|p1a: Primarina|88/100|[from] Stealth Rock
|
|-heal|p1a: Primarina|100/100|[from] move: Wish|[wisher] Farigiraf
|-heal|p2a: Ting-Lu|74/100|[from] item: Leftovers
|-fieldend|move: Trick Room
|upkeep
|turn|11
|
|t:|1743821012
|switch|p2a: Alomomola|Alomomola, M|100/100
|move|p1a: Primarina|Moonblast|p2a: Alomomola
|-damage|p2a: Alomomola|4/100
|-unboost|p2a: Alomomola|spa|1
|
|upkeep
|turn|12
|
|t:|1743821020
|switch|p2a: Ting-Lu|Ting-Lu|74/100
|-ability|p2a: Ting-Lu|Vessel of Ruin
|move|p1a: Primarina|Moonblast|p2a: Ting-Lu
|-supereffective|p2a: Ting-Lu
|-damage|p2a: Ting-Lu|8/100
|-unboost|p2a: Ting-Lu|spa|1
|
|-heal|p2a: Ting-Lu|14/100|[from] item: Leftovers
|upkeep
|turn|13
|
|t:|1743821033
|switch|p2a: Corviknight|Corviknight, F|100/100
|-ability|p2a: Corviknight|Pressure
|move|p1a: Primarina|Moonblast|p2a: Corviknight
|-resisted|p2a: Corviknight
|-damage|p2a: Corviknight|58/100
|
|upkeep
|turn|14
|
|t:|1743821049
|move|p2a: Corviknight|Roost|p2a: Corviknight
|-heal|p2a: Corviknight|100/100
|-singleturn|p2a: Corviknight|move: Roost
|move|p1a: Primarina|Moonblast|p2a: Corviknight
|-resisted|p2a: Corviknight
|-damage|p2a: Corviknight|59/100
|
|upkeep
|turn|15
|
|t:|1743821058
|move|p2a: Corviknight|Roost|p2a: Corviknight
|-heal|p2a: Corviknight|100/100
|-singleturn|p2a: Corviknight|move: Roost
|move|p1a: Primarina|Moonblast|p2a: Corviknight
|-resisted|p2a: Corviknight
|-damage|p2a: Corviknight|56/100
|
|upkeep
|turn|16
|
|t:|1743821068
|move|p2a: Corviknight|Body Press|p1a: Primarina
|-resisted|p1a: Primarina
|-crit|p1a: Primarina
|-damage|p1a: Primarina|78/100
|move|p1a: Primarina|Moonblast|p2a: Corviknight
|-resisted|p2a: Corviknight
|-crit|p2a: Corviknight
|-damage|p2a: Corviknight|0 fnt
|faint|p2a: Corviknight
|
|upkeep
|
|t:|1743821077
|switch|p2a: Dragapult|Dragapult, F|100/100
|turn|17
|
|t:|1743821080
|-terastallize|p2a: Dragapult|Ghost
|move|p2a: Dragapult|Tera Blast|p1a: Primarina|[anim] Tera Blast Ghost
|-damage|p1a: Primarina|0 fnt
|faint|p1a: Primarina
|
|upkeep
|
|t:|1743821090
|switch|p1a: Slowking|Slowking-Galar, M, tera:Water|100/100
|-damage|p1a: Slowking|88/100|[from] Stealth Rock
|turn|18
|
|t:|1743821094
|move|p2a: Dragapult|Tera Blast|p1a: Slowking|[anim] Tera Blast Ghost
|-damage|p1a: Slowking|26/100
|move|p1a: Slowking|Trick Room|p1a: Slowking
|-fieldstart|move: Trick Room|[of] p1a: Slowking
|
|-heal|p1a: Slowking|32/100|[from] item: Leftovers
|upkeep
|turn|19
|inactive|puchifero28 has 120 seconds left.
|
|t:|1743821127
|switch|p2a: Ting-Lu|Ting-Lu|14/100
|-ability|p2a: Ting-Lu|Vessel of Ruin
|move|p1a: Slowking|Psychic|p2a: Ting-Lu
|-immune|p2a: Ting-Lu
|
|-heal|p1a: Slowking|38/100|[from] item: Leftovers
|-heal|p2a: Ting-Lu|20/100|[from] item: Leftovers
|upkeep
|turn|20
|
|t:|1743821138
|move|p1a: Slowking|Chilling Water|p2a: Ting-Lu
|-supereffective|p2a: Ting-Lu
|-damage|p2a: Ting-Lu|0 fnt
|faint|p2a: Ting-Lu
|
|-heal|p1a: Slowking|44/100|[from] item: Leftovers
|upkeep
|
|t:|1743821148
|switch|p2a: Inteleon|Inteleon, M|100/100
|turn|21
|
|t:|1743821165
|switch|p1a: Iron Hands|Iron Hands|100/100
|-damage|p1a: Iron Hands|94/100|[from] Stealth Rock
|-enditem|p1a: Iron Hands|Booster Energy
|-activate|p1a: Iron Hands|ability: Quark Drive|[fromitem]
|-start|p1a: Iron Hands|quarkdriveatk
|move|p2a: Inteleon|Surf|p1a: Iron Hands
|-damage|p1a: Iron Hands|37/100
|
|upkeep
|turn|22
|inactive|puchifero28 has 120 seconds left.
|
|t:|1743821182
|switch|p2a: Alomomola|Alomomola, M|37/100
|move|p1a: Iron Hands|Supercell Slam|p2a: Alomomola
|-supereffective|p2a: Alomomola
|-damage|p2a: Alomomola|0 fnt
|faint|p2a: Alomomola
|
|-fieldend|move: Trick Room
|upkeep
|
|t:|1743821194
|switch|p2a: Dragapult|Dragapult, F, tera:Ghost|100/100
|turn|23
|
|t:|1743821208
|-end|p1a: Iron Hands|Quark Drive|[silent]
|switch|p1a: Incineroar|Incineroar, F|76/100
|-damage|p1a: Incineroar|51/100|[from] Stealth Rock
|-ability|p1a: Incineroar|Intimidate|boost
|-fail|p2a: Dragapult|unboost|[from] ability: Clear Body|[of] p2a: Dragapult
|move|p2a: Dragapult|Dragon Darts|p1a: Incineroar
|-damage|p1a: Incineroar|13/100
|-anim|p2a: Dragapult|Dragon Darts|p1a: Incineroar
|-damage|p1a: Incineroar|0 fnt
|faint|p1a: Incineroar
|
|upkeep
|inactive|puchifero28 has 120 seconds left.
|
|t:|1743821227
|switch|p1a: Slowking|Slowking-Galar, M, tera:Water|78/100
|-damage|p1a: Slowking|65/100|[from] Stealth Rock
|turn|24
|
|t:|1743821233
|move|p2a: Dragapult|Dragon Darts|p1a: Slowking
|-damage|p1a: Slowking|38/100
|-anim|p2a: Dragapult|Dragon Darts|p1a: Slowking
|-damage|p1a: Slowking|11/100
|move|p1a: Slowking|Trick Room|p1a: Slowking
|-fieldstart|move: Trick Room|[of] p1a: Slowking
|
|-heal|p1a: Slowking|17/100|[from] item: Leftovers
|upkeep
|turn|25
|
|t:|1743821243
|switch|p2a: Cinderace|Cinderace, F|100/100
|move|p1a: Slowking|Psychic|p2a: Cinderace
|-crit|p2a: Cinderace
|-damage|p2a: Cinderace|24/100
|
|-heal|p1a: Slowking|23/100|[from] item: Leftovers
|upkeep
|turn|26
|
|t:|1743821251
|move|p2a: Cinderace|Sucker Punch|p1a: Slowking
|-start|p2a: Cinderace|typechange|Dark|[from] ability: Libero
|-crit|p1a: Slowking
|-damage|p1a: Slowking|0 fnt
|faint|p1a: Slowking
|
|upkeep
|
|t:|1743821264
|switch|p1a: Iron Hands|Iron Hands|37/100
|-damage|p1a: Iron Hands|31/100|[from] Stealth Rock
|turn|27
|
|t:|1743821269
|move|p1a: Iron Hands|Fake Out|p2a: Cinderace
|-crit|p2a: Cinderace
|-damage|p2a: Cinderace|0 fnt
|faint|p2a: Cinderace
|
|upkeep
|
|t:|1743821275
|switch|p2a: Dragapult|Dragapult, F, tera:Ghost|100/100
|turn|28
|
|t:|1743821279
|move|p1a: Iron Hands|Supercell Slam|p2a: Dragapult
|-damage|p2a: Dragapult|1/100
|move|p2a: Dragapult|U-turn|p1a: Iron Hands
|-resisted|p1a: Iron Hands
|-damage|p1a: Iron Hands|21/100
|
|t:|1743821285
|switch|p2a: Inteleon|Inteleon, M|100/100|[from] U-turn
|
|-fieldend|move: Trick Room
|upkeep
|turn|29
|c|☆ASSATFAO|Boring team
|
|t:|1743821294
|-end|p1a: Iron Hands|Quark Drive|[silent]
|switch|p1a: Gholdengo|Gholdengo|100/100
|-damage|p1a: Gholdengo|94/100|[from] Stealth Rock
|move|p2a: Inteleon|Surf|p1a: Gholdengo
|-damage|p1a: Gholdengo|10/100
|
|upkeep
|turn|30
|
|t:|1743821303
|move|p2a: Inteleon|Surf|p1a: Gholdengo
|-damage|p1a: Gholdengo|0 fnt
|faint|p1a: Gholdengo
|
|upkeep
|c|☆puchifero28|me????
|c|☆ASSATFAO|Yes you
|c|☆puchifero28|why?
|
|t:|1743821325
|switch|p1a: Farigiraf|Farigiraf, F|44/100
|-damage|p1a: Farigiraf|32/100|[from] Stealth Rock
|turn|31
|c|☆ASSATFAO|Idk its just boring
|c|☆puchifero28|ah nice
|c|☆puchifero28|toxic for fun
|
|t:|1743821346
|move|p2a: Inteleon|Surf|p1a: Farigiraf
|-damage|p1a: Farigiraf|0 fnt
|faint|p1a: Farigiraf
|
|upkeep
|c|☆ASSATFAO|Its boring
|c|☆ASSATFAO|Idk
|c|☆puchifero28|gg kid
|
|t:|1743821355
|switch|p1a: Iron Hands|Iron Hands|21/100
|-damage|p1a: Iron Hands|15/100|[from] Stealth Rock
|turn|32
|c|☆ASSATFAO|Hows that toxix
|c|☆ASSATFAO|I didnt say you were bad
|c|☆ASSATFAO|Or even that your team was
|c|☆ASSATFAO|Just boring
|c|☆ASSATFAO|Which frankly it is
|
|t:|1743821379
|move|p2a: Inteleon|Surf|p1a: Iron Hands
|-damage|p1a: Iron Hands|0 fnt
|faint|p1a: Iron Hands
|-end|p1a: Iron Hands|Quark Drive|[silent]
|
|win|ASSATFAO
|raw|puchifero28's rating: 1099 &rarr; <strong>1073</strong><br />(-26 for losing)
|raw|ASSATFAO's rating: 1086 &rarr; <strong>1114</strong><br />(+28 for winning)
|l|☆puchifero28
|player|p1|
