|j|☆lc872244
|j|☆8dgvhuo
|t:|1743827269
|gametype|singles
|player|p1|lc872244|marley|1190
|player|p2|8dgvhuo|psychic-gen4|1154
|teamsize|p1|6
|teamsize|p2|6
|gen|9
|tier|[Gen 9] OU
|rated|
|rule|HP Percentage Mod: HP is shown in percentages
|rule|Endless Battle Clause: Forcing endless battles is banned
|rule|Species Clause: Limit one of each Pokémon
|rule|OHKO Clause: OHKO moves are banned
|rule|Evasion Items Clause: Evasion items are banned
|rule|Evasion Moves Clause: Evasion moves are banned
|rule|Sleep Moves Clause: Sleep-inducing moves are banned
|clearpoke
|poke|p1|Samurott-Hisui, F|
|poke|p1|Gardevoir, F|
|poke|p1|Clodsire, M|
|poke|p1|Zoroark-Hisui, M|
|poke|p1|Hydrapple, M|
|poke|p1|Ceruledge, F|
|poke|p2|Ribombee, F|
|poke|p2|Gholdengo|
|poke|p2|Haxorus, M|
|poke|p2|Manaphy|
|poke|p2|Landorus-Therian, M|
|poke|p2|Moltres-Galar|
|teampreview
|
|t:|1743827280
|start
|switch|p1a: Samurott|Samurott-Hisui, F, shiny|100/100
|switch|p2a: Ribombee|Ribombee, F, shiny|100/100
|turn|1
|
|t:|1743827304
|switch|p1a: Clodsire|Clodsire, M|100/100
|move|p2a: Ribombee|Sticky Web|p1a: Clodsire
|-sidestart|p1: lc872244|move: Sticky Web
|
|upkeep
|turn|2
|
|t:|1743827310
|switch|p2a: Gholdengo|Gholdengo|100/100
|-item|p2a: Gholdengo|Air Balloon
|move|p1a: Clodsire|Stealth Rock|p2a: Gholdengo
|-sidestart|p2: 8dgvhuo|move: Stealth Rock
|
|upkeep
|turn|3
|
|t:|1743827316
|switch|p1a: Hydrapple|Hydrapple, M|100/100
|move|p2a: Gholdengo|Shadow Ball|p1a: Hydrapple
|-damage|p1a: Hydrapple|60/100
|-unboost|p1a: Hydrapple|spd|1
|
|upkeep
|turn|4
|
|t:|1743827323
|move|p2a: Gholdengo|Make It Rain|p1a: Hydrapple
|-damage|p1a: Hydrapple|0 fnt
|-unboost|p2a: Gholdengo|spa|1
|faint|p1a: Hydrapple
|
|upkeep
|
|t:|1743827329
|switch|p1a: Ceruledge|Ceruledge, F|100/100
|-activate|p1a: Ceruledge|move: Sticky Web
|-unboost|p1a: Ceruledge|spe|1
|turn|5
|
|t:|1743827337
|switch|p2a: Landorus|Landorus-Therian, M|100/100
|-damage|p2a: Landorus|88/100|[from] Stealth Rock
|-ability|p2a: Landorus|Intimidate|boost
|-unboost|p1a: Ceruledge|atk|1
|move|p1a: Ceruledge|Flamethrower|p2a: Landorus
|-damage|p2a: Landorus|37/100
|-damage|p1a: Ceruledge|91/100|[from] item: Life Orb
|
|upkeep
|turn|6
|
|t:|1743827356
|switch|p1a: Samurott|Samurott-Hisui, F, shiny|100/100
|-activate|p1a: Samurott|move: Sticky Web
|-unboost|p1a: Samurott|spe|1
|move|p2a: Landorus|Earthquake|p1a: Samurott
|-damage|p1a: Samurott|3/100
|-damage|p2a: Landorus|27/100|[from] item: Life Orb
|
|upkeep
|turn|7
|
|t:|1743827363
|switch|p2a: Manaphy|Manaphy|100/100
|-damage|p2a: Manaphy|88/100|[from] Stealth Rock
|move|p1a: Samurott|Ceaseless Edge|p2a: Manaphy
|-damage|p2a: Manaphy|43/100
|-sidestart|p2: 8dgvhuo|Spikes
|
|-heal|p2a: Manaphy|49/100|[from] item: Leftovers
|upkeep
|turn|8
|
|t:|1743827371
|move|p2a: Manaphy|Ice Beam|p1a: Samurott
|-resisted|p1a: Samurott
|-damage|p1a: Samurott|0 fnt
|faint|p1a: Samurott
|
|-heal|p2a: Manaphy|55/100|[from] item: Leftovers
|upkeep
|
|t:|1743827379
|switch|p1a: Ceruledge|Ceruledge, F|91/100
|-activate|p1a: Ceruledge|move: Sticky Web
|-unboost|p1a: Ceruledge|spe|1
|turn|9
|
|t:|1743827388
|move|p2a: Manaphy|Hydro Pump|p1a: Ceruledge
|-damage|p1a: Ceruledge|0 fnt
|replace|p1a: Zoroark|Zoroark-Hisui, M
|-end|p1a: Zoroark|Illusion
|faint|p1a: Zoroark
|
|-heal|p2a: Manaphy|61/100|[from] item: Leftovers
|upkeep
|
|t:|1743827395
|switch|p1a: Ceruledge|Ceruledge, F|100/100
|-activate|p1a: Ceruledge|move: Sticky Web
|-unboost|p1a: Ceruledge|spe|1
|turn|10
|
|t:|1743827399
|move|p1a: Ceruledge|Shadow Sneak|p2a: Manaphy
|-damage|p2a: Manaphy|41/100
|move|p2a: Manaphy|Hydro Pump|p1a: Ceruledge
|-supereffective|p1a: Ceruledge
|-enditem|p1a: Ceruledge|Focus Sash
|-damage|p1a: Ceruledge|1/100
|
|-heal|p2a: Manaphy|47/100|[from] item: Leftovers
|upkeep
|turn|11
|
|t:|1743827406
|move|p1a: Ceruledge|Shadow Sneak|p2a: Manaphy
|-damage|p2a: Manaphy|26/100
|move|p2a: Manaphy|Ice Beam|p1a: Ceruledge
|-resisted|p1a: Ceruledge
|-damage|p1a: Ceruledge|0 fnt
|faint|p1a: Ceruledge
|
|-heal|p2a: Manaphy|32/100|[from] item: Leftovers
|upkeep
|
|t:|1743827409
|switch|p1a: Gardevoir|Gardevoir, F|100/100
|-activate|p1a: Gardevoir|move: Sticky Web
|-unboost|p1a: Gardevoir|spe|1
|-ability|p1a: Gardevoir|Hydration|[from] ability: Trace|[of] p2a: Manaphy
|turn|12
|
|t:|1743827417
|move|p2a: Manaphy|Hydro Pump|p1a: Gardevoir
|-damage|p1a: Gardevoir|45/100
|move|p1a: Gardevoir|Alluring Voice|p2a: Manaphy
|-damage|p2a: Manaphy|0 fnt
|faint|p2a: Manaphy
|
|upkeep
|
|t:|1743827452
|switch|p2a: Ribombee|Ribombee, F, shiny|100/100
|-damage|p2a: Ribombee|76/100|[from] Stealth Rock
|-damage|p2a: Ribombee|63/100|[from] Spikes
|turn|13
|
|t:|1743827461
|switch|p1a: Clodsire|Clodsire, M|100/100
|-activate|p1a: Clodsire|move: Sticky Web
|-unboost|p1a: Clodsire|spe|1
|move|p2a: Ribombee|Moonblast|p1a: Clodsire
|-resisted|p1a: Clodsire
|-damage|p1a: Clodsire|90/100
|
|-heal|p1a: Clodsire|96/100|[from] item: Leftovers
|upkeep
|turn|14
|
|t:|1743827474
|move|p2a: Ribombee|Stun Spore|p1a: Clodsire
|-status|p1a: Clodsire|par
|cant|p1a: Clodsire|par
|
|-heal|p1a: Clodsire|100/100 par|[from] item: Leftovers
|upkeep
|turn|15
|
|t:|1743827491
|switch|p2a: Landorus|Landorus-Therian, M|27/100
|-damage|p2a: Landorus|15/100|[from] Stealth Rock
|-ability|p2a: Landorus|Intimidate|boost
|-unboost|p1a: Clodsire|atk|1
|move|p1a: Clodsire|Toxic|p2a: Landorus
|-status|p2a: Landorus|tox
|
|-damage|p2a: Landorus|9/100 tox|[from] psn
|upkeep
|turn|16
|
|t:|1743827504
|move|p2a: Landorus|Earthquake|p1a: Clodsire
|-supereffective|p1a: Clodsire
|-damage|p1a: Clodsire|0 fnt
|faint|p1a: Clodsire
|-damage|p2a: Landorus|0 fnt|[from] item: Life Orb
|faint|p2a: Landorus
|
|upkeep
|
|t:|1743827513
|switch|p2a: Gholdengo|Gholdengo|100/100
|switch|p1a: Gardevoir|Gardevoir, F|45/100
|-activate|p1a: Gardevoir|move: Sticky Web
|-unboost|p1a: Gardevoir|spe|1
|-ability|p1a: Gardevoir|Good as Gold|[from] ability: Trace|[of] p2a: Gholdengo
|-damage|p2a: Gholdengo|94/100|[from] Stealth Rock
|-item|p2a: Gholdengo|Air Balloon
|turn|17
|
|t:|1743827521
|move|p2a: Gholdengo|Make It Rain|p1a: Gardevoir
|-supereffective|p1a: Gardevoir
|-damage|p1a: Gardevoir|0 fnt
|-unboost|p2a: Gholdengo|spa|1
|faint|p1a: Gardevoir
|
|win|8dgvhuo
|raw|lc872244's rating: 1190 &rarr; <strong>1162</strong><br />(-28 for losing)
|raw|8dgvhuo's rating: 1154 &rarr; <strong>1182</strong><br />(+28 for winning)
|l|☆lc872244
|player|p1|
