|j|‽AndreRWright
|j|☆Reqs are fn g
|t:|1743894473
|gametype|singles
|player|p1|AndreRWright|giovanni|1271
|player|p2|Reqs are fn g|170|1337
|teamsize|p1|6
|teamsize|p2|6
|gen|9
|tier|[Gen 9] OU
|rated|
|rule|HP Percentage Mod: HP is shown in percentages
|rule|Endless Battle Clause: Forcing endless battles is banned
|rule|Species Clause: Limit one of each Pokémon
|rule|OHKO Clause: OHKO moves are banned
|rule|Evasion Items Clause: Evasion items are banned
|rule|Evasion Moves Clause: Evasion moves are banned
|rule|Sleep Moves Clause: Sleep-inducing moves are banned
|clearpoke
|poke|p1|Weezing-Galar, M|
|poke|p1|Lokix, M|
|poke|p1|Goodra-Hisui, F|
|poke|p1|Iron Hands|
|poke|p1|Vaporeon, M|
|poke|p1|Slither Wing|
|poke|p2|Garchomp, M|
|poke|p2|Clefable, F|
|poke|p2|Dragonite, M|
|poke|p2|Scizor, M|
|poke|p2|Umbreon, F|
|poke|p2|Weezing-Galar, M|
|teampreview
|
|t:|1743894483
|start
|switch|p1a: Iron Hands|Iron Hands|100/100
|switch|p2a: Garchomp|Garchomp, M|100/100
|turn|1
|
|t:|1743894486
|move|p2a: Garchomp|Spikes|p1a: Iron Hands
|-sidestart|p1: AndreRWright|Spikes
|move|p1a: Iron Hands|Ice Punch|p2a: Garchomp
|-supereffective|p2a: Garchomp
|-damage|p2a: Garchomp|0 fnt
|-damage|p1a: Iron Hands|88/100|[from] ability: Rough Skin|[of] p2a: Garchomp
|-damage|p1a: Iron Hands|71/100|[from] item: Rocky Helmet|[of] p2a: Garchomp
|faint|p2a: Garchomp
|
|upkeep
|
|t:|1743894494
|switch|p2a: Clefable|Clefable, F|100/100
|turn|2
|
|t:|1743894498
|-end|p1a: Iron Hands|Quark Drive|[silent]
|switch|p1a: Weezing|Weezing-Galar, M|100/100
|-damage|p1a: Weezing|88/100|[from] Spikes
|-fieldstart|move: Misty Terrain|[from] ability: Misty Surge|[of] p1a: Weezing
|move|p2a: Clefable|Moonblast|p1a: Weezing
|-resisted|p1a: Weezing
|-damage|p1a: Weezing|63/100
|-unboost|p1a: Weezing|spa|1
|
|upkeep
|turn|3
|
|t:|1743894507
|switch|p1a: Slither Wing|Slither Wing|100/100
|-damage|p1a: Slither Wing|88/100|[from] Spikes
|move|p2a: Clefable|Knock Off|p1a: Slither Wing
|-resisted|p1a: Slither Wing
|-damage|p1a: Slither Wing|80/100
|-enditem|p1a: Slither Wing|Choice Band|[from] move: Knock Off|[of] p2a: Clefable
|
|upkeep
|turn|4
|
|t:|1743894512
|move|p1a: Slither Wing|U-turn|p2a: Clefable
|-resisted|p2a: Clefable
|-damage|p2a: Clefable|80/100
|
|t:|1743894519
|-end|p1a: Slither Wing|Protosynthesis|[silent]
|switch|p1a: Goodra|Goodra-Hisui, F|100/100|[from] U-turn
|-damage|p1a: Goodra|88/100|[from] Spikes
|move|p2a: Clefable|Stealth Rock|p1a: Goodra
|-sidestart|p1: AndreRWright|move: Stealth Rock
|
|upkeep
|turn|5
|
|t:|1743894531
|switch|p2a: Scizor|Scizor, M|100/100
|move|p1a: Goodra|Flash Cannon|p2a: Scizor
|-resisted|p2a: Scizor
|-damage|p2a: Scizor|64/100
|
|upkeep
|turn|6
|
|t:|1743894541
|switch|p1a: Slither Wing|Slither Wing|80/100
|-damage|p1a: Slither Wing|68/100|[from] Spikes
|-damage|p1a: Slither Wing|55/100|[from] Stealth Rock
|move|p2a: Scizor|Close Combat|p1a: Slither Wing
|-resisted|p1a: Slither Wing
|-damage|p1a: Slither Wing|23/100
|-unboost|p2a: Scizor|def|1
|-unboost|p2a: Scizor|spd|1
|
|-damage|p1a: Slither Wing|11/100|[from] item: Sticky Barb
|upkeep
|turn|7
|
|t:|1743894550
|switch|p2a: Weezing|Weezing-Galar, M|100/100
|-ability|p2a: Weezing|Neutralizing Gas
|move|p1a: Slither Wing|Flare Blitz|p2a: Weezing
|-damage|p2a: Weezing|73/100
|-damage|p1a: Slither Wing|1/100|[from] Recoil
|
|-damage|p1a: Slither Wing|0 fnt|[from] item: Sticky Barb
|faint|p1a: Slither Wing
|-end|p1a: Slither Wing|Protosynthesis|[silent]
|upkeep
|
|t:|1743894560
|switch|p1a: Vaporeon|Vaporeon, M|100/100
|-damage|p1a: Vaporeon|88/100|[from] Spikes
|-damage|p1a: Vaporeon|75/100|[from] Stealth Rock
|turn|8
|
|t:|1743894570
|-end|p2a: Weezing|ability: Neutralizing Gas
|switch|p2a: Umbreon|Umbreon, F|100/100
|move|p1a: Vaporeon|Wish|p1a: Vaporeon
|
|-heal|p1a: Vaporeon|82/100|[from] item: Leftovers
|upkeep
|turn|9
|
|t:|1743894579
|move|p2a: Umbreon|Toxic|p1a: Vaporeon
|-activate|p1a: Vaporeon|move: Misty Terrain
|move|p1a: Vaporeon|Flip Turn|p2a: Umbreon
|-damage|p2a: Umbreon|89/100
|
|t:|1743894583
|switch|p1a: Iron Hands|Iron Hands|71/100|[from] Flip Turn
|-damage|p1a: Iron Hands|59/100|[from] Spikes
|-damage|p1a: Iron Hands|53/100|[from] Stealth Rock
|
|-heal|p1a: Iron Hands|100/100|[from] move: Wish|[wisher] Vaporeon
|-fieldend|Misty Terrain
|upkeep
|turn|10
|
|t:|1743894590
|switch|p2a: Clefable|Clefable, F|80/100
|move|p1a: Iron Hands|Thunder Punch|p2a: Clefable
|-damage|p2a: Clefable|11/100
|
|upkeep
|turn|11
|
|t:|1743894594
|move|p2a: Clefable|Moonlight|p2a: Clefable
|-heal|p2a: Clefable|61/100
|move|p1a: Iron Hands|Thunder Punch|p2a: Clefable
|-damage|p2a: Clefable|0 fnt
|faint|p2a: Clefable
|
|upkeep
|
|t:|1743894599
|switch|p2a: Umbreon|Umbreon, F|89/100
|turn|12
|
|t:|1743894602
|-end|p1a: Iron Hands|Quark Drive|[silent]
|switch|p1a: Weezing|Weezing-Galar, M|63/100
|-damage|p1a: Weezing|50/100|[from] Spikes
|-damage|p1a: Weezing|38/100|[from] Stealth Rock
|-fieldstart|move: Misty Terrain|[from] ability: Misty Surge|[of] p1a: Weezing
|move|p2a: Umbreon|Toxic|p1a: Weezing|[miss]
|-miss|p2a: Umbreon|p1a: Weezing
|
|upkeep
|turn|13
|
|t:|1743894614
|switch|p1a: Goodra|Goodra-Hisui, F|88/100
|-damage|p1a: Goodra|76/100|[from] Spikes
|-damage|p1a: Goodra|70/100|[from] Stealth Rock
|move|p2a: Umbreon|Wish|p2a: Umbreon
|
|upkeep
|turn|14
|
|t:|1743894620
|switch|p2a: Scizor|Scizor, M|64/100
|move|p1a: Goodra|Knock Off|p2a: Scizor
|-damage|p2a: Scizor|37/100
|-enditem|p2a: Scizor|Choice Band|[from] move: Knock Off|[of] p1a: Goodra
|
|-heal|p2a: Scizor|99/100|[from] move: Wish|[wisher] Umbreon
|upkeep
|turn|15
|
|t:|1743894626
|switch|p1a: Iron Hands|Iron Hands|100/100
|-damage|p1a: Iron Hands|88/100|[from] Spikes
|-damage|p1a: Iron Hands|82/100|[from] Stealth Rock
|move|p2a: Scizor|U-turn|p1a: Iron Hands
|-resisted|p1a: Iron Hands
|-damage|p1a: Iron Hands|72/100
|
|t:|1743894633
|switch|p2a: Weezing|Weezing-Galar, M|73/100|[from] U-turn
|-ability|p2a: Weezing|Neutralizing Gas
|
|upkeep
|turn|16
|
|t:|1743894637
|move|p2a: Weezing|Strange Steam|p1a: Iron Hands
|-supereffective|p1a: Iron Hands
|-damage|p1a: Iron Hands|18/100
|move|p1a: Iron Hands|Thunder Punch|p2a: Weezing
|-damage|p2a: Weezing|36/100
|
|upkeep
|turn|17
|
|t:|1743894649
|-end|p1a: Iron Hands|Quark Drive|[silent]
|switch|p1a: Vaporeon|Vaporeon, M|82/100
|-damage|p1a: Vaporeon|69/100|[from] Spikes
|-damage|p1a: Vaporeon|57/100|[from] Stealth Rock
|move|p2a: Weezing|Strange Steam|p1a: Vaporeon
|-damage|p1a: Vaporeon|36/100
|
|-heal|p1a: Vaporeon|42/100|[from] item: Leftovers
|upkeep
|turn|18
|
|t:|1743894655
|move|p2a: Weezing|Pain Split|p1a: Vaporeon
|-sethp|p1a: Vaporeon|34/100|[from] move: Pain Split|[silent]
|-sethp|p2a: Weezing|47/100|[from] move: Pain Split
|move|p1a: Vaporeon|Wish|p1a: Vaporeon
|
|-heal|p1a: Vaporeon|40/100|[from] item: Leftovers
|upkeep
|turn|19
|
|t:|1743894668
|move|p1a: Vaporeon|Protect|p1a: Vaporeon
|-singleturn|p1a: Vaporeon|Protect
|move|p2a: Weezing|Strange Steam|p1a: Vaporeon
|-activate|p1a: Vaporeon|move: Protect
|
|-heal|p1a: Vaporeon|90/100|[from] move: Wish|[wisher] Vaporeon
|-heal|p1a: Vaporeon|97/100|[from] item: Leftovers
|-fieldend|Misty Terrain
|upkeep
|turn|20
|
|t:|1743894672
|move|p2a: Weezing|Pain Split|p1a: Vaporeon
|-sethp|p1a: Vaporeon|65/100|[from] move: Pain Split|[silent]
|-sethp|p2a: Weezing|91/100|[from] move: Pain Split
|move|p1a: Vaporeon|Wish|p1a: Vaporeon
|
|-heal|p1a: Vaporeon|72/100|[from] item: Leftovers
|upkeep
|turn|21
|l|☆Reqs are fn g
|player|p2|
|-message|AndreRWright forfeited.
|
|win|Reqs are fn g
|raw|AndreRWright's rating: 1271 &rarr; <strong>1251</strong><br />(-20 for losing)
|raw|Reqs are fn g's rating: 1337 &rarr; <strong>1353</strong><br />(+16 for winning)
|l|‽AndreRWright
|player|p1|
