|j|☆H85le4
|j|☆lucho2099
|t:|1743789995
|gametype|singles
|player|p1|H85le4|swimmer-gen4dp|1082
|player|p2|lucho2099|cyrus|1066
|teamsize|p1|6
|teamsize|p2|6
|gen|9
|tier|[Gen 9] OU
|rated|
|rule|HP Percentage Mod: HP is shown in percentages
|rule|Endless Battle Clause: Forcing endless battles is banned
|rule|Species Clause: Limit one of each Pokémon
|rule|OHKO Clause: OHKO moves are banned
|rule|Evasion Items Clause: Evasion items are banned
|rule|Evasion Moves Clause: Evasion moves are banned
|rule|Sleep Moves Clause: Sleep-inducing moves are banned
|clearpoke
|poke|p1|Infernape, M|
|poke|p1|Morgrem, M|
|poke|p1|Dondozo, F|
|poke|p1|Iron Treads|
|poke|p1|Sinistcha|
|poke|p1|Clefable, F|
|poke|p2|Charizard, M|
|poke|p2|Snorlax, M|
|poke|p2|Venusaur, M|
|poke|p2|Gengar, M|
|poke|p2|Ninetales, F|
|poke|p2|Gyarados, M|
|teampreview
|inactive|Battle timer is ON: inactive players will automatically lose when time's up. (requested by H85le4)
|
|t:|1743790017
|start
|switch|p1a: Morgrem|Morgrem, M|100/100
|switch|p2a: Ninetales|Ninetales, F|100/100
|-weather|SunnyDay|[from] ability: Drought|[of] p2a: Ninetales
|turn|1
|
|t:|1743790028
|move|p1a: Morgrem|Light Screen|p1a: Morgrem
|-sidestart|p1: H85le4|move: Light Screen
|move|p2a: Ninetales|Overheat|p1a: Morgrem
|-damage|p1a: Morgrem|64/100
|-unboost|p2a: Ninetales|spa|2
|
|-weather|SunnyDay|[upkeep]
|upkeep
|turn|2
|
|t:|1743790043
|switch|p2a: Venusaur|Venusaur, M|100/100
|move|p1a: Morgrem|Thunder Wave|p2a: Venusaur|[miss]
|-miss|p1a: Morgrem|p2a: Venusaur
|
|-weather|SunnyDay|[upkeep]
|upkeep
|turn|3
|
|t:|1743790051
|move|p1a: Morgrem|Thunder Wave|p2a: Venusaur
|-status|p2a: Venusaur|par
|cant|p2a: Venusaur|par
|
|-weather|SunnyDay|[upkeep]
|upkeep
|turn|4
|
|t:|1743790062
|switch|p1a: Iron Treads|Iron Treads, shiny|100/100
|cant|p2a: Venusaur|par
|
|-weather|SunnyDay|[upkeep]
|upkeep
|turn|5
|
|t:|1743790077
|switch|p2a: Gyarados|Gyarados, M|100/100
|-ability|p2a: Gyarados|Intimidate|boost
|-unboost|p1a: Iron Treads|atk|1
|move|p1a: Iron Treads|Earthquake|p2a: Gyarados
|-immune|p2a: Gyarados
|
|-weather|none
|-sideend|p1: H85le4|move: Light Screen
|upkeep
|turn|6
|
|t:|1743790091
|-end|p1a: Iron Treads|Quark Drive|[silent]
|switch|p1a: Dondozo|Dondozo, F, shiny|100/100
|move|p2a: Gyarados|Dragon Dance|p2a: Gyarados
|-boost|p2a: Gyarados|atk|1
|-boost|p2a: Gyarados|spe|1
|
|upkeep
|turn|7
|
|t:|1743790099
|move|p2a: Gyarados|Crunch|p1a: Dondozo
|-damage|p1a: Dondozo|77/100
|-damage|p2a: Gyarados|91/100|[from] item: Life Orb
|move|p1a: Dondozo|Ice Fang|p2a: Gyarados
|-damage|p2a: Gyarados|65/100
|
|upkeep
|turn|8
|
|t:|1743790108
|move|p2a: Gyarados|Earthquake|p1a: Dondozo
|-damage|p1a: Dondozo|46/100
|-damage|p2a: Gyarados|55/100|[from] item: Life Orb
|move|p1a: Dondozo|Ice Fang|p2a: Gyarados
|-damage|p2a: Gyarados|31/100
|
|upkeep
|turn|9
|
|t:|1743790118
|move|p2a: Gyarados|Waterfall|p1a: Dondozo
|-resisted|p1a: Dondozo
|-damage|p1a: Dondozo|28/100
|-damage|p2a: Gyarados|21/100|[from] item: Life Orb
|move|p1a: Dondozo|Ice Fang|p2a: Gyarados
|-damage|p2a: Gyarados|0 fnt
|faint|p2a: Gyarados
|
|upkeep
|
|t:|1743790132
|switch|p2a: Ninetales|Ninetales, F|100/100
|-weather|SunnyDay|[from] ability: Drought|[of] p2a: Ninetales
|turn|10
|
|t:|1743790141
|move|p2a: Ninetales|Solar Beam||[still]
|-prepare|p2a: Ninetales|Solar Beam
|-anim|p2a: Ninetales|Solar Beam|p1a: Dondozo
|-supereffective|p1a: Dondozo
|-damage|p1a: Dondozo|0 fnt
|faint|p1a: Dondozo
|
|-weather|SunnyDay|[upkeep]
|upkeep
|
|t:|1743790152
|switch|p1a: Morgrem|Morgrem, M|64/100
|turn|11
|
|t:|1743790160
|move|p1a: Morgrem|Light Screen|p1a: Morgrem
|-sidestart|p1: H85le4|move: Light Screen
|move|p2a: Ninetales|Flamethrower|p1a: Morgrem
|-damage|p1a: Morgrem|38/100
|
|-weather|SunnyDay|[upkeep]
|upkeep
|turn|12
|
|t:|1743790167
|move|p1a: Morgrem|Thunder Wave|p2a: Ninetales
|-status|p2a: Ninetales|par
|move|p2a: Ninetales|Flamethrower|p1a: Morgrem
|-damage|p1a: Morgrem|13/100
|
|-weather|SunnyDay|[upkeep]
|upkeep
|turn|13
|
|t:|1743790177
|switch|p1a: Infernape|Infernape, M|100/100
|cant|p2a: Ninetales|par
|
|-weather|SunnyDay|[upkeep]
|upkeep
|turn|14
|
|t:|1743790186
|move|p1a: Infernape|Bulk Up|p1a: Infernape
|-boost|p1a: Infernape|atk|1
|-boost|p1a: Infernape|def|1
|move|p2a: Ninetales|Psyshock|p1a: Infernape
|-supereffective|p1a: Infernape
|-damage|p1a: Infernape|78/100
|
|-weather|none
|upkeep
|turn|15
|
|t:|1743790203
|move|p1a: Infernape|Bulk Up|p1a: Infernape
|-boost|p1a: Infernape|atk|1
|-boost|p1a: Infernape|def|1
|move|p2a: Ninetales|Psyshock|p1a: Infernape
|-supereffective|p1a: Infernape
|-damage|p1a: Infernape|62/100
|
|-sideend|p1: H85le4|move: Light Screen
|upkeep
|turn|16
|
|t:|1743790216
|move|p1a: Infernape|Flame Charge|p2a: Ninetales
|-resisted|p2a: Ninetales
|-damage|p2a: Ninetales|63/100 par
|-boost|p1a: Infernape|spe|1
|move|p2a: Ninetales|Psyshock|p1a: Infernape
|-supereffective|p1a: Infernape
|-damage|p1a: Infernape|33/100
|
|upkeep
|turn|17
|
|t:|1743790225
|move|p1a: Infernape|Drain Punch|p2a: Ninetales
|-damage|p2a: Ninetales|0 fnt
|-heal|p1a: Infernape|63/100|[from] drain|[of] p2a: Ninetales
|faint|p2a: Ninetales
|
|upkeep
|
|t:|1743790246
|switch|p2a: Charizard|Charizard, M|100/100
|turn|18
|
|t:|1743790253
|move|p1a: Infernape|Thunder Punch|p2a: Charizard
|-supereffective|p2a: Charizard
|-damage|p2a: Charizard|0 fnt
|faint|p2a: Charizard
|
|upkeep
|
|t:|1743790265
|switch|p2a: Snorlax|Snorlax, M|100/100
|turn|19
|
|t:|1743790273
|-terastallize|p2a: Snorlax|Ghost
|move|p1a: Infernape|Drain Punch|p2a: Snorlax
|-immune|p2a: Snorlax
|move|p2a: Snorlax|Curse|p1a: Infernape
|-start|p1a: Infernape|Curse|[of] p2a: Snorlax
|-damage|p2a: Snorlax|50/100
|
|-damage|p1a: Infernape|38/100|[from] Curse
|upkeep
|turn|20
|
|t:|1743790289
|move|p1a: Infernape|Flame Charge|p2a: Snorlax
|-damage|p2a: Snorlax|3/100
|-boost|p1a: Infernape|spe|1
|move|p2a: Snorlax|Rest|p2a: Snorlax
|-status|p2a: Snorlax|slp|[from] move: Rest
|-heal|p2a: Snorlax|100/100 slp|[silent]
|-enditem|p2a: Snorlax|Chesto Berry|[eat]
|-curestatus|p2a: Snorlax|slp|[msg]
|
|-damage|p1a: Infernape|13/100|[from] Curse
|upkeep
|turn|21
|
|t:|1743790303
|move|p1a: Infernape|Flame Charge|p2a: Snorlax
|-damage|p2a: Snorlax|55/100
|-boost|p1a: Infernape|spe|1
|move|p2a: Snorlax|Body Slam|p1a: Infernape
|-damage|p1a: Infernape|0 fnt
|faint|p1a: Infernape
|
|upkeep
|
|t:|1743790316
|switch|p1a: Morgrem|Morgrem, M|13/100
|turn|22
|
|t:|1743790322
|move|p1a: Morgrem|Reflect|p1a: Morgrem
|-sidestart|p1: H85le4|Reflect
|move|p2a: Snorlax|Body Slam|p1a: Morgrem
|-damage|p1a: Morgrem|0 fnt
|faint|p1a: Morgrem
|
|upkeep
|
|t:|1743790331
|switch|p1a: Sinistcha|Sinistcha|100/100
|turn|23
|
|t:|1743790338
|move|p1a: Sinistcha|Calm Mind|p1a: Sinistcha
|-boost|p1a: Sinistcha|spa|1
|-boost|p1a: Sinistcha|spd|1
|move|p2a: Snorlax|Heat Crash|p1a: Sinistcha
|-supereffective|p1a: Sinistcha
|-damage|p1a: Sinistcha|91/100
|
|-heal|p1a: Sinistcha|97/100|[from] item: Leftovers
|upkeep
|turn|24
|
|t:|1743790348
|move|p1a: Sinistcha|Calm Mind|p1a: Sinistcha
|-boost|p1a: Sinistcha|spa|1
|-boost|p1a: Sinistcha|spd|1
|move|p2a: Snorlax|Rest|p2a: Snorlax
|-status|p2a: Snorlax|slp|[from] move: Rest
|-heal|p2a: Snorlax|100/100 slp|[silent]
|
|-heal|p1a: Sinistcha|100/100|[from] item: Leftovers
|upkeep
|turn|25
|
|t:|1743790357
|switch|p2a: Venusaur|Venusaur, M|100/100 par
|move|p1a: Sinistcha|Hex|p2a: Venusaur
|-damage|p2a: Venusaur|0 fnt
|faint|p2a: Venusaur
|
|upkeep
|
|t:|1743790365
|switch|p2a: Gengar|Gengar, M|100/100
|turn|26
|
|t:|1743790371
|move|p2a: Gengar|Sludge Wave|p1a: Sinistcha
|-damage|p1a: Sinistcha|72/100
|-status|p1a: Sinistcha|psn
|move|p1a: Sinistcha|Hex|p2a: Gengar
|-supereffective|p2a: Gengar
|-enditem|p2a: Gengar|Focus Sash
|-damage|p2a: Gengar|1/100
|-start|p1a: Sinistcha|Disable|Hex|[from] ability: Cursed Body|[of] p2a: Gengar
|
|-heal|p1a: Sinistcha|78/100 psn|[from] item: Leftovers
|-damage|p1a: Sinistcha|66/100 psn|[from] psn
|-sideend|p1: H85le4|Reflect
|upkeep
|turn|27
|
|t:|1743790384
|move|p2a: Gengar|Hex|p1a: Sinistcha
|-supereffective|p1a: Sinistcha
|-damage|p1a: Sinistcha|0 fnt
|faint|p1a: Sinistcha
|
|upkeep
|
|t:|1743790394
|switch|p1a: Iron Treads|Iron Treads, shiny|100/100
|turn|28
|
|t:|1743790401
|move|p2a: Gengar|Dark Pulse|p1a: Iron Treads
|-damage|p1a: Iron Treads|77/100
|cant|p1a: Iron Treads|flinch
|
|upkeep
|turn|29
|
|t:|1743790407
|move|p2a: Gengar|Dark Pulse|p1a: Iron Treads
|-damage|p1a: Iron Treads|52/100
|move|p1a: Iron Treads|Heavy Slam|p2a: Gengar
|-damage|p2a: Gengar|0 fnt
|faint|p2a: Gengar
|
|upkeep
|
|t:|1743790414
|switch|p2a: Snorlax|Snorlax, M, tera:Ghost|100/100 slp
|turn|30
|
|t:|1743790422
|move|p1a: Iron Treads|Earthquake|p2a: Snorlax
|-damage|p2a: Snorlax|60/100 slp
|cant|p2a: Snorlax|slp
|
|upkeep
|turn|31
|-message|lucho2099 forfeited.
|
|win|H85le4
|raw|H85le4's rating: 1082 &rarr; <strong>1108</strong><br />(+26 for winning)
|raw|lucho2099's rating: 1066 &rarr; <strong>1047</strong><br />(-19 for losing)
|l|☆lucho2099
|player|p2|
|l|☆H85le4
|player|p1|
