|j|☆grochi
|j|☆rrbrru
|t:|1743917501
|gametype|singles
|player|p1|grochi|pilot|1397
|player|p2|rrbrru|roxie|1453
|teamsize|p1|6
|teamsize|p2|6
|gen|9
|tier|[Gen 9] OU
|rated|
|rule|HP Percentage Mod: HP is shown in percentages
|rule|Endless Battle Clause: Forcing endless battles is banned
|rule|Species Clause: Limit one of each Pokémon
|rule|OHKO Clause: OHKO moves are banned
|rule|Evasion Items Clause: Evasion items are banned
|rule|Evasion Moves Clause: Evasion moves are banned
|rule|Sleep Moves Clause: Sleep-inducing moves are banned
|clearpoke
|poke|p1|Forretress, F|
|poke|p1|Raging Bolt|
|poke|p1|Kingambit, F|
|poke|p1|Enamorus, F|
|poke|p1|Entei|
|poke|p1|Inteleon, M|
|poke|p2|Iron Valiant|
|poke|p2|Kingambit, M|
|poke|p2|Weezing-Galar, F|
|poke|p2|Darkrai|
|poke|p2|Grimmsnarl, M|
|poke|p2|Samurott-Hisui, M|
|teampreview
|
|t:|1743917505
|start
|switch|p1a: Forretress|Forretress, F|100/100
|switch|p2a: Samurott|Samurott-Hisui, M|100/100
|turn|1
|
|t:|1743917514
|move|p2a: Samurott|Ceaseless Edge|p1a: Forretress
|-damage|p1a: Forretress|70/100
|-sidestart|p1: grochi|Spikes
|move|p1a: Forretress|Pin Missile|p2a: Samurott
|-supereffective|p2a: Samurott
|-damage|p2a: Samurott|71/100
|-supereffective|p2a: Samurott
|-damage|p2a: Samurott|42/100
|-supereffective|p2a: Samurott
|-damage|p2a: Samurott|11/100
|-supereffective|p2a: Samurott
|-damage|p2a: Samurott|0 fnt
|faint|p2a: Samurott
|-hitcount|p2: Samurott|4
|
|upkeep
|c|☆rrbrru|woah
|c|☆rrbrru|cool
|
|t:|1743917525
|switch|p2a: Iron Valiant|Iron Valiant|100/100
|-enditem|p2a: Iron Valiant|Booster Energy
|-activate|p2a: Iron Valiant|ability: Quark Drive|[fromitem]
|-start|p2a: Iron Valiant|quarkdrivespe
|turn|2
|
|t:|1743917534
|move|p2a: Iron Valiant|Encore|p1a: Forretress
|-start|p1a: Forretress|Encore
|move|p1a: Forretress|Pin Missile|p2a: Iron Valiant
|-resisted|p2a: Iron Valiant
|-damage|p2a: Iron Valiant|97/100
|-resisted|p2a: Iron Valiant
|-damage|p2a: Iron Valiant|94/100
|-resisted|p2a: Iron Valiant
|-damage|p2a: Iron Valiant|90/100
|-resisted|p2a: Iron Valiant
|-damage|p2a: Iron Valiant|86/100
|-hitcount|p2a: Iron Valiant|4
|
|upkeep
|turn|3
|
|t:|1743917554
|switch|p1a: the helf inspector|Enamorus, F|100/100
|move|p2a: Iron Valiant|Swords Dance|p2a: Iron Valiant
|-boost|p2a: Iron Valiant|atk|2
|
|upkeep
|turn|4
|
|t:|1743917570
|-terastallize|p2a: Iron Valiant|Steel
|move|p2a: Iron Valiant|Knock Off|p1a: the helf inspector
|-resisted|p1a: the helf inspector
|-damage|p1a: the helf inspector|44/100
|-enditem|p1a: the helf inspector|Choice Specs|[from] move: Knock Off|[of] p2a: Iron Valiant
|move|p1a: the helf inspector|Moonblast|p2a: Iron Valiant
|-resisted|p2a: Iron Valiant
|-damage|p2a: Iron Valiant|33/100
|
|upkeep
|turn|5
|
|t:|1743917585
|move|p2a: Iron Valiant|Close Combat|p1a: the helf inspector
|-resisted|p1a: the helf inspector
|-damage|p1a: the helf inspector|0 fnt
|-unboost|p2a: Iron Valiant|def|1
|-unboost|p2a: Iron Valiant|spd|1
|faint|p1a: the helf inspector
|
|upkeep
|
|t:|1743917603
|switch|p1a: Raging Bolt|Raging Bolt|100/100
|-damage|p1a: Raging Bolt|88/100|[from] Spikes
|-enditem|p1a: Raging Bolt|Booster Energy
|-activate|p1a: Raging Bolt|ability: Protosynthesis|[fromitem]
|-start|p1a: Raging Bolt|protosynthesisspa
|turn|6
|
|t:|1743917611
|move|p1a: Raging Bolt|Thunderclap|p2a: Iron Valiant
|-damage|p2a: Iron Valiant|0 fnt
|faint|p2a: Iron Valiant
|-end|p2a: Iron Valiant|Quark Drive|[silent]
|
|upkeep
|
|t:|1743917619
|switch|p2a: Grimmsnarl|Grimmsnarl, M|100/100
|turn|7
|
|t:|1743917628
|move|p2a: Grimmsnarl|Light Screen|p2a: Grimmsnarl
|-sidestart|p2: rrbrru|move: Light Screen
|move|p1a: Raging Bolt|Thunderbolt|p2a: Grimmsnarl
|-damage|p2a: Grimmsnarl|64/100
|
|upkeep
|turn|8
|
|t:|1743917643
|-end|p1a: Raging Bolt|Protosynthesis|[silent]
|switch|p1a: Forretress|Forretress, F|70/100
|-damage|p1a: Forretress|57/100|[from] Spikes
|move|p2a: Grimmsnarl|Low Kick|p1a: Forretress
|-damage|p1a: Forretress|33/100
|
|upkeep
|turn|9
|
|t:|1743917662
|move|p2a: Grimmsnarl|Reflect|p2a: Grimmsnarl
|-sidestart|p2: rrbrru|Reflect
|move|p1a: Forretress|Iron Head|p2a: Grimmsnarl
|-supereffective|p2a: Grimmsnarl
|-damage|p2a: Grimmsnarl|25/100
|
|upkeep
|turn|10
|
|t:|1743917670
|move|p2a: Grimmsnarl|Low Kick|p1a: Forretress
|-damage|p1a: Forretress|7/100
|move|p1a: Forretress|Iron Head|p2a: Grimmsnarl
|-supereffective|p2a: Grimmsnarl
|-damage|p2a: Grimmsnarl|0 fnt
|faint|p2a: Grimmsnarl
|
|upkeep
|
|t:|1743917693
|switch|p2a: Darkrai|Darkrai|100/100
|turn|11
|
|t:|1743917700
|move|p2a: Darkrai|Dark Pulse|p1a: Forretress
|-damage|p1a: Forretress|0 fnt
|faint|p1a: Forretress
|
|upkeep
|
|t:|1743917712
|switch|p1a: Inteleon|Inteleon, M|100/100
|-damage|p1a: Inteleon|88/100|[from] Spikes
|turn|12
|
|t:|1743917723
|move|p2a: Darkrai|Nasty Plot|p2a: Darkrai
|-boost|p2a: Darkrai|spa|2
|move|p1a: Inteleon|Snipe Shot|p2a: Darkrai
|-damage|p2a: Darkrai|76/100
|
|upkeep
|turn|13
|
|t:|1743917730
|move|p2a: Darkrai|Dark Pulse|p1a: Inteleon
|-damage|p1a: Inteleon|0 fnt
|faint|p1a: Inteleon
|
|upkeep
|
|t:|1743917740
|switch|p1a: Kingambit|Kingambit, F|100/100
|-activate|p1a: Kingambit|ability: Supreme Overlord
|-start|p1a: Kingambit|fallen3|[silent]
|-item|p1a: Kingambit|Air Balloon
|turn|14
|
|t:|1743917748
|move|p2a: Darkrai|Focus Blast|p1a: Kingambit
|-supereffective|p1a: Kingambit
|-damage|p1a: Kingambit|0 fnt
|-enditem|p1a: Kingambit|Air Balloon
|faint|p1a: Kingambit
|-end|p1a: Kingambit|fallen3|[silent]
|
|-sideend|p2: rrbrru|move: Light Screen
|upkeep
|
|t:|1743917763
|switch|p1a: Raging Bolt|Raging Bolt|88/100
|-damage|p1a: Raging Bolt|76/100|[from] Spikes
|turn|15
|
|t:|1743917785
|move|p2a: Darkrai|Sludge Bomb|p1a: Raging Bolt
|-damage|p1a: Raging Bolt|10/100
|move|p1a: Raging Bolt|Thunderbolt|p2a: Darkrai
|-damage|p2a: Darkrai|9/100
|
|upkeep
|turn|16
|
|t:|1743917792
|move|p1a: Raging Bolt|Thunderclap|p2a: Darkrai
|-damage|p2a: Darkrai|0 fnt
|faint|p2a: Darkrai
|
|-sideend|p2: rrbrru|Reflect
|upkeep
|
|t:|1743917794
|switch|p2a: Weezing|Weezing-Galar, F|100/100
|-ability|p2a: Weezing|Neutralizing Gas
|turn|17
|
|t:|1743917804
|move|p1a: Raging Bolt|Thunderbolt|p2a: Weezing
|-damage|p2a: Weezing|30/100
|move|p2a: Weezing|Strange Steam|p1a: Raging Bolt
|-supereffective|p1a: Raging Bolt
|-damage|p1a: Raging Bolt|0 fnt
|faint|p1a: Raging Bolt
|-end|p1a: Raging Bolt|Protosynthesis|[silent]
|
|upkeep
|
|t:|1743917811
|switch|p1a: WHUT CHU SAY!?|Entei|100/100
|turn|18
|
|t:|1743917820
|move|p1a: WHUT CHU SAY!?|Sacred Fire|p2a: Weezing
|-damage|p2a: Weezing|0 fnt
|faint|p2a: Weezing
|-end|p2a: Weezing|ability: Neutralizing Gas
|
|upkeep
|
|t:|1743917822
|switch|p2a: Kingambit|Kingambit, M|100/100
|-activate|p2a: Kingambit|ability: Supreme Overlord
|-start|p2a: Kingambit|fallen5|[silent]
|turn|19
|
|t:|1743917829
|move|p1a: WHUT CHU SAY!?|Sacred Fire|p2a: Kingambit
|-supereffective|p2a: Kingambit
|-damage|p2a: Kingambit|22/100
|move|p2a: Kingambit|Kowtow Cleave|p1a: WHUT CHU SAY!?
|-crit|p1a: WHUT CHU SAY!?
|-damage|p1a: WHUT CHU SAY!?|0 fnt
|faint|p1a: WHUT CHU SAY!?
|
|win|rrbrru
|raw|grochi's rating: 1397 &rarr; <strong>1380</strong><br />(-17 for losing)
|raw|rrbrru's rating: 1453 &rarr; <strong>1470</strong><br />(+17 for winning)
|l|☆rrbrru
|player|p2|
|c|☆grochi|gg
|l|☆grochi
|player|p1|
