|j|☆thatoneguy1337
|j|☆WangLinWL
|t:|1743922083
|gametype|singles
|player|p1|thatoneguy1337|caitlin|1663
|player|p2|WangLinWL|lucas|1746
|teamsize|p1|6
|teamsize|p2|6
|gen|9
|tier|[Gen 9] OU
|rated|
|rule|HP Percentage Mod: HP is shown in percentages
|rule|Endless Battle Clause: Forcing endless battles is banned
|rule|Species Clause: Limit one of each Pokémon
|rule|OHKO Clause: OHKO moves are banned
|rule|Evasion Items Clause: Evasion items are banned
|rule|Evasion Moves Clause: Evasion moves are banned
|rule|Sleep Moves Clause: Sleep-inducing moves are banned
|clearpoke
|poke|p1|Cinderace, F|
|poke|p1|Kingambit, F|
|poke|p1|Great Tusk|
|poke|p1|Hatterene, F|
|poke|p1|Pecharunt|
|poke|p1|Garchomp, M|
|poke|p2|Araquanid, F|
|poke|p2|Raging Bolt|
|poke|p2|Iron Moth|
|poke|p2|Great Tusk|
|poke|p2|Gholdengo|
|poke|p2|Kingambit, M|
|teampreview
|inactive|Battle timer is ON: inactive players will automatically lose when time's up. (requested by WangLinWL)
|
|t:|1743922093
|start
|switch|p1a: Hatterene|Hatterene, F|100/100
|switch|p2a: Araquanid|Araquanid, F|100/100
|turn|1
|j| flatziswashed ⚝彡
|
|t:|1743922097
|move|p2a: Araquanid|Liquidation|p1a: Hatterene
|-damage|p1a: Hatterene|54/100
|move|p1a: Hatterene|Nuzzle|p2a: Araquanid
|-supereffective|p2a: Araquanid
|-damage|p2a: Araquanid|95/100
|-status|p2a: Araquanid|par
|
|upkeep
|turn|2
|
|t:|1743922102
|switch|p1a: Garchomp|Garchomp, M|100/100
|cant|p2a: Araquanid|par
|
|upkeep
|turn|3
|j| frindlebabbin
|j| 976-EVILL
|
|t:|1743922109
|switch|p1a: Hatterene|Hatterene, F|54/100
|move|p2a: Araquanid|Sticky Web|p1a: Hatterene
|move|p1a: Hatterene|Sticky Web|p2a: Araquanid|[from] ability: Magic Bounce
|-sidestart|p2: WangLinWL|move: Sticky Web
|
|upkeep
|turn|4
|
|t:|1743922115
|move|p1a: Hatterene|Draining Kiss|p2a: Araquanid
|-damage|p2a: Araquanid|76/100 par
|-heal|p1a: Hatterene|69/100|[from] drain|[of] p2a: Araquanid
|move|p2a: Araquanid|Liquidation|p1a: Hatterene
|-damage|p1a: Hatterene|17/100
|-unboost|p1a: Hatterene|def|1
|
|upkeep
|turn|5
|
|t:|1743922120
|move|p1a: Hatterene|Draining Kiss|p2a: Araquanid
|-damage|p2a: Araquanid|54/100 par
|-heal|p1a: Hatterene|34/100|[from] drain|[of] p2a: Araquanid
|move|p2a: Araquanid|Liquidation|p1a: Hatterene
|-damage|p1a: Hatterene|0 fnt
|faint|p1a: Hatterene
|
|upkeep
|
|t:|1743922141
|switch|p1a: Cinderace|Cinderace, F|100/100
|turn|6
|
|t:|1743922146
|move|p1a: Cinderace|Double-Edge|p2a: Araquanid
|-start|p1a: Cinderace|typechange|Normal|[from] ability: Libero
|-damage|p2a: Araquanid|0 fnt
|faint|p2a: Araquanid
|-damage|p1a: Cinderace|81/100|[from] Recoil
|-damage|p1a: Cinderace|71/100|[from] item: Life Orb
|
|upkeep
|
|t:|1743922148
|switch|p2a: Great Tusk|Great Tusk|100/100
|-activate|p2a: Great Tusk|move: Sticky Web
|-unboost|p2a: Great Tusk|spe|1
|-enditem|p2a: Great Tusk|Booster Energy
|-activate|p2a: Great Tusk|ability: Protosynthesis|[fromitem]
|-start|p2a: Great Tusk|protosynthesisatk
|turn|7
|j| mayomama
|
|t:|1743922154
|switch|p1a: Pecharunt|Pecharunt|100/100
|move|p2a: Great Tusk|Headlong Rush|p1a: Pecharunt
|-supereffective|p1a: Pecharunt
|-damage|p1a: Pecharunt|0 fnt
|-unboost|p2a: Great Tusk|def|1
|-unboost|p2a: Great Tusk|spd|1
|faint|p1a: Pecharunt
|
|upkeep
|
|t:|1743922161
|switch|p1a: Cinderace|Cinderace, F|71/100
|turn|8
|c| frindlebabbin|magic bounce and possible court change vs webs is kind of tragic
|
|t:|1743922163
|-terastallize|p1a: Cinderace|Normal
|move|p1a: Cinderace|Double-Edge|p2a: Great Tusk
|-damage|p2a: Great Tusk|17/100
|-damage|p1a: Cinderace|37/100|[from] Recoil
|-damage|p1a: Cinderace|27/100|[from] item: Life Orb
|move|p2a: Great Tusk|Rapid Spin|p1a: Cinderace
|-damage|p1a: Cinderace|0 fnt
|-boost|p2a: Great Tusk|spe|1
|-sideend|p2: WangLinWL|Sticky Web|[from] move: Rapid Spin|[of] p2a: Great Tusk
|faint|p1a: Cinderace
|
|upkeep
|c| flatziswashed ⚝彡|deserved for running webs
|
|t:|1743922170
|switch|p1a: Garchomp|Garchomp, M|100/100
|turn|9
|c| frindlebabbin|truth nuke
|c| frindlebabbin|so radioactive we cant be near it 100 years later
|
|t:|1743922194
|move|p1a: Garchomp|Stealth Rock|p2a: Great Tusk
|-sidestart|p2: WangLinWL|move: Stealth Rock
|move|p2a: Great Tusk|Ice Spinner|p1a: Garchomp
|-supereffective|p1a: Garchomp
|-damage|p1a: Garchomp|0 fnt
|-damage|p2a: Great Tusk|5/100|[from] ability: Rough Skin|[of] p1a: Garchomp
|-damage|p2a: Great Tusk|0 fnt|[from] item: Rocky Helmet|[of] p1a: Garchomp
|faint|p1a: Garchomp
|faint|p2a: Great Tusk
|-end|p2a: Great Tusk|Protosynthesis|[silent]
|
|upkeep
|
|t:|1743922200
|switch|p1a: Great Tusk|Great Tusk|100/100
|switch|p2a: Iron Moth|Iron Moth|100/100
|-damage|p2a: Iron Moth|76/100|[from] Stealth Rock
|-enditem|p2a: Iron Moth|Booster Energy
|-activate|p2a: Iron Moth|ability: Quark Drive|[fromitem]
|-start|p2a: Iron Moth|quarkdrivespa
|turn|10
|
|t:|1743922204
|move|p2a: Iron Moth|Psychic|p1a: Great Tusk
|-supereffective|p1a: Great Tusk
|-damage|p1a: Great Tusk|0 fnt
|faint|p1a: Great Tusk
|-end|p1a: Great Tusk|Protosynthesis|[silent]
|
|upkeep
|
|t:|1743922206
|switch|p1a: Kingambit|Kingambit, F|100/100
|-activate|p1a: Kingambit|ability: Supreme Overlord
|-start|p1a: Kingambit|fallen5|[silent]
|turn|11
|
|t:|1743922209
|-terastallize|p2a: Iron Moth|Fairy
|move|p2a: Iron Moth|Fiery Dance|p1a: Kingambit
|-supereffective|p1a: Kingambit
|-damage|p1a: Kingambit|0 fnt
|-boost|p2a: Iron Moth|spa|1
|faint|p1a: Kingambit
|-end|p1a: Kingambit|fallen5|[silent]
|
|win|WangLinWL
|raw|thatoneguy1337's rating: 1663 &rarr; <strong>1648</strong><br />(-15 for losing)
|raw|WangLinWL's rating: 1746 &rarr; <strong>1761</strong><br />(+15 for winning)
|l|☆thatoneguy1337
|player|p1|
|c| frindlebabbin|cant be mad hes playing so well
|c| flatziswashed ⚝彡|you love to see it(?)
|l| flatziswashed ⚝彡
|l| mayomama
|c| frindlebabbin|absolutely earned that w even as a webs wallace
|l| frindlebabbin
|l| 976-EVILL
