|j|☆DJ Tubby K
|j|☆heyitsruku
|t:|1743790972
|gametype|singles
|player|p1|DJ Tubby K|rocketgrunt|1321
|player|p2|heyitsruku|brendan-contest|1319
|teamsize|p1|6
|teamsize|p2|6
|gen|9
|tier|[Gen 9] OU
|rated|
|rule|HP Percentage Mod: HP is shown in percentages
|rule|Endless Battle Clause: Forcing endless battles is banned
|rule|Species Clause: Limit one of each Pokémon
|rule|OHKO Clause: OHKO moves are banned
|rule|Evasion Items Clause: Evasion items are banned
|rule|Evasion Moves Clause: Evasion moves are banned
|rule|Sleep Moves Clause: Sleep-inducing moves are banned
|clearpoke
|poke|p1|Revavroom, F|
|poke|p1|Cramorant, M|
|poke|p1|Salazzle, F|
|poke|p1|Dragonite, F|
|poke|p1|Electrode-Hisui|
|poke|p1|Maushold-Four|
|poke|p2|Landorus-Therian, M|
|poke|p2|Samurott-Hisui, M|
|poke|p2|Iron Moth|
|poke|p2|Zamazenta-*|
|poke|p2|Hatterene, F|
|poke|p2|Gholdengo|
|teampreview
|inactive|Battle timer is ON: inactive players will automatically lose when time's up. (requested by heyitsruku)
|
|t:|1743790976
|start
|switch|p1a: Some Dumb Bird|Cramorant, M|100/100
|switch|p2a: Landorus|Landorus-Therian, M, shiny|100/100
|-ability|p2a: Landorus|Intimidate|boost
|-unboost|p1a: Some Dumb Bird|atk|1
|turn|1
|
|t:|1743790981
|move|p2a: Landorus|U-turn|p1a: Some Dumb Bird
|-resisted|p1a: Some Dumb Bird
|-damage|p1a: Some Dumb Bird|78/100
|
|t:|1743790985
|switch|p2a: Hatterene|Hatterene, F, shiny|100/100|[from] U-turn
|move|p1a: Some Dumb Bird|Ice Beam|p2a: Hatterene
|-damage|p2a: Hatterene|84/100
|
|upkeep
|turn|2
|
|t:|1743790990
|move|p1a: Some Dumb Bird|Surf|p2a: Hatterene
|-formechange|p1a: Some Dumb Bird|Cramorant-Gulping|
|-damage|p2a: Hatterene|57/100
|move|p2a: Hatterene|Nuzzle|p1a: Some Dumb Bird
|-supereffective|p1a: Some Dumb Bird
|-damage|p1a: Some Dumb Bird|47/100
|-status|p1a: Some Dumb Bird|par
|-damage|p2a: Hatterene|33/100|[from] ability: Gulp Missile|[of] p1a: Some Dumb Bird
|-unboost|p2a: Hatterene|def|1
|-formechange|p1a: Some Dumb Bird|Cramorant|
|
|upkeep
|turn|3
|
|t:|1743791011
|move|p1a: Some Dumb Bird|Surf|p2a: Hatterene
|-formechange|p1a: Some Dumb Bird|Cramorant-Gorging|
|-damage|p2a: Hatterene|10/100
|move|p2a: Hatterene|Draining Kiss|p1a: Some Dumb Bird
|-damage|p1a: Some Dumb Bird|17/100 par
|-heal|p2a: Hatterene|30/100|[from] drain|[of] p1a: Some Dumb Bird
|-damage|p2a: Hatterene|5/100|[from] ability: Gulp Missile|[of] p1a: Some Dumb Bird
|-status|p2a: Hatterene|par
|-formechange|p1a: Some Dumb Bird|Cramorant|
|
|upkeep
|turn|4
|
|t:|1743791036
|cant|p1a: Some Dumb Bird|par
|move|p2a: Hatterene|Draining Kiss|p1a: Some Dumb Bird
|-damage|p1a: Some Dumb Bird|0 fnt
|-heal|p2a: Hatterene|16/100 par|[from] drain|[of] p1a: Some Dumb Bird
|faint|p1a: Some Dumb Bird
|
|upkeep
|
|t:|1743791044
|switch|p1a: Hot Daniel|Revavroom, F|100/100
|turn|5
|
|t:|1743791046
|switch|p2a: Landorus|Landorus-Therian, M, shiny|100/100
|-ability|p2a: Landorus|Intimidate|boost
|-unboost|p1a: Hot Daniel|atk|1
|move|p1a: Hot Daniel|Shift Gear|p1a: Hot Daniel
|-boost|p1a: Hot Daniel|spe|2
|-boost|p1a: Hot Daniel|atk|1
|
|upkeep
|turn|6
|
|t:|1743791050
|-terastallize|p1a: Hot Daniel|Flying
|move|p1a: Hot Daniel|Shift Gear|p1a: Hot Daniel
|-boost|p1a: Hot Daniel|spe|2
|-boost|p1a: Hot Daniel|atk|1
|move|p2a: Landorus|Earthquake|p1a: Hot Daniel
|-immune|p1a: Hot Daniel
|
|upkeep
|turn|7
|
|t:|1743791057
|move|p1a: Hot Daniel|Shift Gear|p1a: Hot Daniel
|-boost|p1a: Hot Daniel|spe|2
|-boost|p1a: Hot Daniel|atk|1
|move|p2a: Landorus|Stealth Rock|p1a: Hot Daniel
|-sidestart|p1: DJ Tubby K|move: Stealth Rock
|
|upkeep
|turn|8
|
|t:|1743791071
|move|p1a: Hot Daniel|Iron Head|p2a: Landorus
|-damage|p2a: Landorus|14/100
|-damage|p1a: Hot Daniel|84/100|[from] item: Rocky Helmet|[of] p2a: Landorus
|cant|p2a: Landorus|flinch
|
|upkeep
|turn|9
|
|t:|1743791090
|switch|p2a: Hatterene|Hatterene, F, shiny|16/100 par
|move|p1a: Hot Daniel|Iron Head|p2a: Hatterene
|-supereffective|p2a: Hatterene
|-crit|p2a: Hatterene
|-damage|p2a: Hatterene|0 fnt
|faint|p2a: Hatterene
|
|upkeep
|
|t:|1743791093
|switch|p2a: Landorus|Landorus-Therian, M, shiny|14/100
|-ability|p2a: Landorus|Intimidate|boost
|-unboost|p1a: Hot Daniel|atk|1
|turn|10
|
|t:|1743791105
|move|p1a: Hot Daniel|Iron Head|p2a: Landorus
|-damage|p2a: Landorus|0 fnt
|-damage|p1a: Hot Daniel|67/100|[from] item: Rocky Helmet|[of] p2a: Landorus
|faint|p2a: Landorus
|
|upkeep
|
|t:|1743791108
|switch|p2a: Zamazenta|Zamazenta, shiny|100/100
|-ability|p2a: Zamazenta|Dauntless Shield|boost
|-boost|p2a: Zamazenta|def|1
|turn|11
|
|t:|1743791112
|-terastallize|p2a: Zamazenta|Fire
|move|p1a: Hot Daniel|Poison Jab|p2a: Zamazenta
|-damage|p2a: Zamazenta|58/100
|-status|p2a: Zamazenta|psn
|move|p2a: Zamazenta|Ice Fang|p1a: Hot Daniel
|-supereffective|p1a: Hot Daniel
|-damage|p1a: Hot Daniel|23/100
|
|-damage|p2a: Zamazenta|46/100 psn|[from] psn
|upkeep
|turn|12
|
|t:|1743791121
|move|p1a: Hot Daniel|High Horsepower|p2a: Zamazenta
|-supereffective|p2a: Zamazenta
|-damage|p2a: Zamazenta|0 fnt
|faint|p2a: Zamazenta
|
|upkeep
|
|t:|1743791124
|switch|p2a: Samurott|Samurott-Hisui, M, shiny|100/100
|turn|13
|
|t:|1743791130
|move|p2a: Samurott|Sucker Punch|p1a: Hot Daniel
|-damage|p1a: Hot Daniel|0 fnt
|faint|p1a: Hot Daniel
|
|upkeep
|
|t:|1743791134
|switch|p1a: Lenny & Friends|Maushold-Four|100/100
|-damage|p1a: Lenny & Friends|88/100|[from] Stealth Rock
|turn|14
|
|t:|1743791137
|switch|p2a: Gholdengo|Gholdengo, shiny|100/100
|move|p1a: Lenny & Friends|Encore|p2a: Gholdengo
|-immune|p2a: Gholdengo|[from] ability: Good as Gold
|
|upkeep
|turn|15
|
|t:|1743791143
|move|p2a: Gholdengo|Trick|p1a: Lenny & Friends
|-activate|p2a: Gholdengo|move: Trick|[of] p1a: Lenny & Friends
|-item|p1a: Lenny & Friends|Choice Scarf|[from] move: Trick
|-item|p2a: Gholdengo|Wide Lens|[from] move: Trick
|move|p1a: Lenny & Friends|Tidy Up|p1a: Lenny & Friends
|-sideend|p1: DJ Tubby K|Stealth Rock
|-activate|p1a: Lenny & Friends|move: Tidy Up
|-boost|p1a: Lenny & Friends|atk|1
|-boost|p1a: Lenny & Friends|spe|1
|
|upkeep
|turn|16
|
|t:|1743791152
|switch|p1a: Jazz Hands|Salazzle, F|100/100
|move|p2a: Gholdengo|Thunder Wave|p1a: Jazz Hands
|-status|p1a: Jazz Hands|par
|
|upkeep
|turn|17
|
|t:|1743791157
|switch|p2a: Iron Moth|Iron Moth, shiny|100/100
|-enditem|p2a: Iron Moth|Booster Energy
|-activate|p2a: Iron Moth|ability: Quark Drive|[fromitem]
|-start|p2a: Iron Moth|quarkdrivespe
|move|p1a: Jazz Hands|Substitute|p1a: Jazz Hands
|-start|p1a: Jazz Hands|Substitute
|-damage|p1a: Jazz Hands|76/100 par
|
|-heal|p1a: Jazz Hands|82/100 par|[from] item: Leftovers
|upkeep
|turn|18
|
|t:|1743791161
|move|p2a: Iron Moth|Fiery Dance|p1a: Jazz Hands
|-resisted|p1a: Jazz Hands
|-end|p1a: Jazz Hands|Substitute
|move|p1a: Jazz Hands|Toxic|p2a: Iron Moth
|-status|p2a: Iron Moth|tox
|
|-heal|p1a: Jazz Hands|88/100 par|[from] item: Leftovers
|-damage|p2a: Iron Moth|94/100 tox|[from] psn
|upkeep
|turn|19
|
|t:|1743791163
|move|p1a: Jazz Hands|Protect|p1a: Jazz Hands
|-singleturn|p1a: Jazz Hands|Protect
|move|p2a: Iron Moth|Fiery Dance|p1a: Jazz Hands
|-activate|p1a: Jazz Hands|move: Protect
|
|-heal|p1a: Jazz Hands|94/100 par|[from] item: Leftovers
|-damage|p2a: Iron Moth|82/100 tox|[from] psn
|upkeep
|turn|20
|
|t:|1743791166
|move|p2a: Iron Moth|Fiery Dance|p1a: Jazz Hands
|-resisted|p1a: Jazz Hands
|-damage|p1a: Jazz Hands|63/100 par
|move|p1a: Jazz Hands|Substitute|p1a: Jazz Hands
|-start|p1a: Jazz Hands|Substitute
|-damage|p1a: Jazz Hands|39/100 par
|
|-heal|p1a: Jazz Hands|45/100 par|[from] item: Leftovers
|-damage|p2a: Iron Moth|64/100 tox|[from] psn
|upkeep
|turn|21
|
|t:|1743791170
|move|p1a: Jazz Hands|Protect|p1a: Jazz Hands
|-singleturn|p1a: Jazz Hands|Protect
|move|p2a: Iron Moth|Fiery Dance|p1a: Jazz Hands
|-activate|p1a: Jazz Hands|move: Protect
|
|-heal|p1a: Jazz Hands|51/100 par|[from] item: Leftovers
|-damage|p2a: Iron Moth|40/100 tox|[from] psn
|upkeep
|turn|22
|
|t:|1743791174
|-end|p2a: Iron Moth|Quark Drive|[silent]
|switch|p2a: Gholdengo|Gholdengo, shiny|100/100
|cant|p1a: Jazz Hands|par
|
|-heal|p1a: Jazz Hands|57/100 par|[from] item: Leftovers
|upkeep
|turn|23
|
|t:|1743791189
|switch|p1a: Lenny & Friends|Maushold-Four|88/100
|move|p2a: Gholdengo|Shadow Ball|p1a: Lenny & Friends
|-immune|p1a: Lenny & Friends
|
|upkeep
|turn|24
|
|t:|1743791197
|move|p1a: Lenny & Friends|Encore|p2a: Gholdengo
|-immune|p2a: Gholdengo|[from] ability: Good as Gold
|move|p2a: Gholdengo|Make It Rain|p1a: Lenny & Friends
|-damage|p1a: Lenny & Friends|0 fnt
|-unboost|p2a: Gholdengo|spa|1
|faint|p1a: Lenny & Friends
|
|upkeep
|
|t:|1743791203
|switch|p1a: Sweet Pete|Dragonite, F|100/100
|turn|25
|
|t:|1743791206
|move|p2a: Gholdengo|Thunder Wave|p1a: Sweet Pete
|-status|p1a: Sweet Pete|par
|-enditem|p1a: Sweet Pete|Lum Berry|[eat]
|-curestatus|p1a: Sweet Pete|par|[msg]
|move|p1a: Sweet Pete|Dragon Dance|p1a: Sweet Pete
|-boost|p1a: Sweet Pete|atk|1
|-boost|p1a: Sweet Pete|spe|1
|
|upkeep
|turn|26
|
|t:|1743791211
|move|p1a: Sweet Pete|Earthquake|p2a: Gholdengo
|-supereffective|p2a: Gholdengo
|-damage|p2a: Gholdengo|0 fnt
|faint|p2a: Gholdengo
|
|upkeep
|
|t:|1743791216
|switch|p2a: Samurott|Samurott-Hisui, M, shiny|100/100
|turn|27
|
|t:|1743791221
|move|p1a: Sweet Pete|Outrage|p2a: Samurott
|-enditem|p2a: Samurott|Focus Sash
|-damage|p2a: Samurott|1/100
|move|p2a: Samurott|Ceaseless Edge|p1a: Sweet Pete
|-damage|p1a: Sweet Pete|75/100
|-sidestart|p1: DJ Tubby K|Spikes
|
|upkeep
|turn|28
|
|t:|1743791224
|move|p2a: Samurott|Sucker Punch|p1a: Sweet Pete
|-damage|p1a: Sweet Pete|33/100
|move|p1a: Sweet Pete|Outrage|p2a: Samurott|[from] lockedmove
|-damage|p2a: Samurott|0 fnt
|faint|p2a: Samurott
|
|upkeep
|
|t:|1743791228
|switch|p2a: Iron Moth|Iron Moth, shiny|40/100 tox
|turn|29
|
|t:|1743791232
|move|p1a: Sweet Pete|Outrage|p2a: Iron Moth|[from] lockedmove
|-damage|p2a: Iron Moth|0 fnt
|faint|p2a: Iron Moth
|-end|p2a: Iron Moth|Quark Drive|[silent]
|-start|p1a: Sweet Pete|confusion|[fatigue]
|
|win|DJ Tubby K
|raw|DJ Tubby K's rating: 1321 &rarr; <strong>1341</strong><br />(+20 for winning)
|raw|heyitsruku's rating: 1319 &rarr; <strong>1299</strong><br />(-20 for losing)
|l|☆heyitsruku
|player|p2|
|l|☆DJ Tubby K
|player|p1|
