|j|☆Libraries
|j|☆Cattleya1
|t:|1743782362
|gametype|singles
|player|p1|Libraries|skierf|1305
|player|p2|Cattleya1|lady|1279
|teamsize|p1|6
|teamsize|p2|6
|gen|9
|tier|[Gen 9] OU
|rated|
|rule|HP Percentage Mod: HP is shown in percentages
|rule|Endless Battle Clause: Forcing endless battles is banned
|rule|Species Clause: Limit one of each Pokémon
|rule|OHKO Clause: OHKO moves are banned
|rule|Evasion Items Clause: Evasion items are banned
|rule|Evasion Moves Clause: Evasion moves are banned
|rule|Sleep Moves Clause: Sleep-inducing moves are banned
|clearpoke
|poke|p1|Garganacl, M|
|poke|p1|Weezing-Galar, F|
|poke|p1|Corviknight, M|
|poke|p1|Dragapult, M|
|poke|p1|Slowking-Galar, F|
|poke|p1|Samurott-Hisui, F|
|poke|p2|Florges, F|
|poke|p2|Cinderace, F|
|poke|p2|Ting-Lu|
|poke|p2|Corviknight, F|
|poke|p2|Conkeldurr, M|
|poke|p2|Pecharunt|
|teampreview
|inactive|Battle timer is ON: inactive players will automatically lose when time's up. (requested by Libraries)
|
|t:|1743782370
|start
|switch|p1a: Hammy|Samurott-Hisui, F|100/100
|switch|p2a: Conkeldurr|Conkeldurr, M, shiny|100/100
|turn|1
|
|t:|1743782377
|move|p1a: Hammy|Flip Turn|p2a: Conkeldurr
|-damage|p2a: Conkeldurr|76/100
|
|t:|1743782380
|switch|p1a: Mr. Biznus|Weezing-Galar, F|100/100|[from] Flip Turn
|-ability|p1a: Mr. Biznus|Neutralizing Gas
|move|p2a: Conkeldurr|Drain Punch|p1a: Mr. Biznus
|-resisted|p1a: Mr. Biznus
|-damage|p1a: Mr. Biznus|92/100
|-heal|p2a: Conkeldurr|80/100|[from] drain|[of] p1a: Mr. Biznus
|
|-heal|p1a: Mr. Biznus|98/100|[from] item: Black Sludge
|upkeep
|turn|2
|
|t:|1743782396
|move|p1a: Mr. Biznus|Will-O-Wisp|p2a: Conkeldurr
|-status|p2a: Conkeldurr|brn
|move|p2a: Conkeldurr|Knock Off|p1a: Mr. Biznus
|-resisted|p1a: Mr. Biznus
|-damage|p1a: Mr. Biznus|92/100
|-enditem|p1a: Mr. Biznus|Black Sludge|[from] move: Knock Off|[of] p2a: Conkeldurr
|
|-damage|p2a: Conkeldurr|74/100 brn|[from] brn
|upkeep
|turn|3
|
|t:|1743782408
|switch|p2a: Pecharunt|Pecharunt|100/100
|move|p1a: Mr. Biznus|Will-O-Wisp|p2a: Pecharunt
|-status|p2a: Pecharunt|brn
|
|-damage|p2a: Pecharunt|94/100 brn|[from] brn
|upkeep
|turn|4
|
|t:|1743782420
|-end|p1a: Mr. Biznus|ability: Neutralizing Gas
|switch|p1a: Hammy|Samurott-Hisui, F|100/100
|move|p2a: Pecharunt|Parting Shot|p1a: Hammy
|-unboost|p1a: Hammy|atk|1
|-unboost|p1a: Hammy|spa|1
|
|t:|1743782429
|switch|p2a: Florges|Florges, F, shiny|100/100|[from] Parting Shot
|
|upkeep
|turn|5
|
|t:|1743782432
|move|p1a: Hammy|Flip Turn|p2a: Florges
|-damage|p2a: Florges|76/100
|
|t:|1743782436
|switch|p1a: Boreas|Slowking-Galar, F|100/100|[from] Flip Turn
|move|p2a: Florges|Moonblast|p1a: Boreas
|-resisted|p1a: Boreas
|-damage|p1a: Boreas|90/100
|
|-heal|p2a: Florges|82/100|[from] item: Leftovers
|upkeep
|turn|6
|
|t:|1743782452
|switch|p2a: Ting-Lu|Ting-Lu|100/100
|-ability|p2a: Ting-Lu|Vessel of Ruin
|move|p1a: Boreas|Psychic Noise|p2a: Ting-Lu
|-immune|p2a: Ting-Lu
|
|upkeep
|turn|7
|
|t:|1743782470
|switch|p1a: Mr. Biznus|Weezing-Galar, F|92/100
|-ability|p1a: Mr. Biznus|Neutralizing Gas
|move|p2a: Ting-Lu|Stealth Rock|p1a: Mr. Biznus
|-sidestart|p1: Libraries|move: Stealth Rock
|
|upkeep
|turn|8
|
|t:|1743782475
|move|p1a: Mr. Biznus|Defog|p2a: Ting-Lu
|-unboost|p2a: Ting-Lu|evasion|1
|-sideend|p1: Libraries|Stealth Rock|[from] move: Defog|[of] p1a: Mr. Biznus
|move|p2a: Ting-Lu|Earthquake|p1a: Mr. Biznus
|-supereffective|p1a: Mr. Biznus
|-damage|p1a: Mr. Biznus|38/100
|
|upkeep
|turn|9
|
|t:|1743782478
|move|p1a: Mr. Biznus|Will-O-Wisp|p2a: Ting-Lu
|-status|p2a: Ting-Lu|brn
|move|p2a: Ting-Lu|Earthquake|p1a: Mr. Biznus
|-supereffective|p1a: Mr. Biznus
|-damage|p1a: Mr. Biznus|15/100
|
|-damage|p2a: Ting-Lu|94/100 brn|[from] brn
|upkeep
|turn|10
|
|t:|1743782483
|move|p1a: Mr. Biznus|Pain Split|p2a: Ting-Lu
|-sethp|p2a: Ting-Lu|52/100 brn|[from] move: Pain Split|[silent]
|-sethp|p1a: Mr. Biznus|80/100|[from] move: Pain Split
|move|p2a: Ting-Lu|Earthquake|p1a: Mr. Biznus
|-supereffective|p1a: Mr. Biznus
|-damage|p1a: Mr. Biznus|57/100
|
|-heal|p2a: Ting-Lu|58/100 brn|[from] item: Leftovers
|-damage|p2a: Ting-Lu|52/100 brn|[from] brn
|upkeep
|turn|11
|
|t:|1743782493
|move|p1a: Mr. Biznus|Strange Steam|p2a: Ting-Lu
|-supereffective|p2a: Ting-Lu
|-damage|p2a: Ting-Lu|24/100 brn
|move|p2a: Ting-Lu|Stealth Rock|p1a: Mr. Biznus
|-sidestart|p1: Libraries|move: Stealth Rock
|
|-heal|p2a: Ting-Lu|30/100 brn|[from] item: Leftovers
|-damage|p2a: Ting-Lu|24/100 brn|[from] brn
|upkeep
|turn|12
|
|t:|1743782499
|switch|p2a: Pecharunt|Pecharunt|94/100 brn
|move|p1a: Mr. Biznus|Defog|p2a: Pecharunt
|-unboost|p2a: Pecharunt|evasion|1
|-sideend|p1: Libraries|Stealth Rock|[from] move: Defog|[of] p1a: Mr. Biznus
|
|-heal|p2a: Pecharunt|100/100 brn|[from] item: Black Sludge
|-damage|p2a: Pecharunt|94/100 brn|[from] brn
|upkeep
|turn|13
|
|t:|1743782512
|move|p2a: Pecharunt|Shadow Ball|p1a: Mr. Biznus
|-damage|p1a: Mr. Biznus|7/100
|move|p1a: Mr. Biznus|Pain Split|p2a: Pecharunt
|-sethp|p2a: Pecharunt|50/100 brn|[from] move: Pain Split|[silent]
|-sethp|p1a: Mr. Biznus|57/100|[from] move: Pain Split
|
|-heal|p2a: Pecharunt|57/100 brn|[from] item: Black Sludge
|-damage|p2a: Pecharunt|50/100 brn|[from] brn
|upkeep
|turn|14
|
|t:|1743782527
|-end|p1a: Mr. Biznus|ability: Neutralizing Gas
|switch|p1a: Schedule 1|Garganacl, M|100/100
|move|p2a: Pecharunt|Shadow Ball|p1a: Schedule 1
|-damage|p1a: Schedule 1|88/100
|-unboost|p1a: Schedule 1|spd|1
|
|-heal|p2a: Pecharunt|57/100 brn|[from] item: Black Sludge
|-heal|p1a: Schedule 1|95/100|[from] item: Leftovers
|-damage|p2a: Pecharunt|50/100 brn|[from] brn
|upkeep
|turn|15
|
|t:|1743782536
|move|p2a: Pecharunt|Recover|p2a: Pecharunt
|-heal|p2a: Pecharunt|100/100 brn
|move|p1a: Schedule 1|Salt Cure|p2a: Pecharunt
|-damage|p2a: Pecharunt|92/100 brn
|-start|p2a: Pecharunt|Salt Cure
|
|-heal|p2a: Pecharunt|98/100 brn|[from] item: Black Sludge
|-heal|p1a: Schedule 1|100/100|[from] item: Leftovers
|-damage|p2a: Pecharunt|92/100 brn|[from] brn
|-damage|p2a: Pecharunt|79/100 brn|[from] Salt Cure
|upkeep
|turn|16
|
|t:|1743782541
|move|p2a: Pecharunt|Parting Shot|p1a: Schedule 1
|-unboost|p1a: Schedule 1|atk|1
|-unboost|p1a: Schedule 1|spa|1
|
|t:|1743782552
|switch|p2a: Conkeldurr|Conkeldurr, M, shiny|74/100 brn|[from] Parting Shot
|move|p1a: Schedule 1|Stealth Rock|p2a: Conkeldurr
|-sidestart|p2: Cattleya1|move: Stealth Rock
|
|-damage|p2a: Conkeldurr|68/100 brn|[from] brn
|upkeep
|turn|17
|
|t:|1743782560
|switch|p1a: Mr. Biznus|Weezing-Galar, F|57/100
|-ability|p1a: Mr. Biznus|Neutralizing Gas
|move|p2a: Conkeldurr|Drain Punch|p1a: Mr. Biznus
|-resisted|p1a: Mr. Biznus
|-damage|p1a: Mr. Biznus|54/100
|-heal|p2a: Conkeldurr|69/100 brn|[from] drain|[of] p1a: Mr. Biznus
|
|-damage|p2a: Conkeldurr|63/100 brn|[from] brn
|upkeep
|turn|18
|
|t:|1743782571
|switch|p2a: Florges|Florges, F, shiny|82/100
|-damage|p2a: Florges|70/100|[from] Stealth Rock
|move|p1a: Mr. Biznus|Strange Steam|p2a: Florges|[miss]
|-miss|p1a: Mr. Biznus|p2a: Florges
|
|-heal|p2a: Florges|76/100|[from] item: Leftovers
|upkeep
|turn|19
|
|t:|1743782580
|-end|p1a: Mr. Biznus|ability: Neutralizing Gas
|switch|p1a: Boreas|Slowking-Galar, F|100/100
|move|p2a: Florges|Calm Mind|p2a: Florges
|-boost|p2a: Florges|spa|1
|-boost|p2a: Florges|spd|1
|
|-heal|p2a: Florges|82/100|[from] item: Leftovers
|upkeep
|turn|20
|
|t:|1743782586
|move|p2a: Florges|Calm Mind|p2a: Florges
|-boost|p2a: Florges|spa|1
|-boost|p2a: Florges|spd|1
|move|p1a: Boreas|Sludge Bomb|p2a: Florges
|-supereffective|p2a: Florges
|-crit|p2a: Florges
|-damage|p2a: Florges|12/100
|-status|p2a: Florges|psn
|
|-heal|p2a: Florges|18/100 psn|[from] item: Leftovers
|-damage|p2a: Florges|5/100 psn|[from] psn
|upkeep
|turn|21
|
|t:|1743782592
|-terastallize|p2a: Florges|Ground
|move|p2a: Florges|Tera Blast|p1a: Boreas|[anim] Tera Blast Ground
|-supereffective|p1a: Boreas
|-damage|p1a: Boreas|35/100
|move|p1a: Boreas|Psychic Noise|p2a: Florges
|-damage|p2a: Florges|0 fnt
|faint|p2a: Florges
|
|upkeep
|
|t:|1743782599
|switch|p2a: Cinderace|Cinderace, F, shiny|100/100
|turn|22
|c|☆Libraries|srry about crit that sucks
|inactive|Libraries has 120 seconds left.
|
|t:|1743782634
|move|p2a: Cinderace|Pyro Ball|p1a: Boreas
|-damage|p1a: Boreas|0 fnt
|faint|p1a: Boreas
|
|upkeep
|inactive|Libraries has 120 seconds left.
|
|t:|1743782640
|switch|p1a: Schedule 1|Garganacl, M|100/100
|turn|23
|
|t:|1743782646
|move|p2a: Cinderace|Court Change|p2a: Cinderace
|-start|p2a: Cinderace|typechange|Normal|[from] ability: Libero
|-swapsideconditions
|-activate|p2a: Cinderace|move: Court Change
|move|p1a: Schedule 1|Salt Cure|p2a: Cinderace
|-damage|p2a: Cinderace|80/100
|-start|p2a: Cinderace|Salt Cure
|
|-damage|p2a: Cinderace|68/100|[from] Salt Cure
|upkeep
|turn|24
|
|t:|1743782654
|switch|p2a: Corviknight|Corviknight, F, shiny|100/100
|-ability|p2a: Corviknight|Pressure
|move|p1a: Schedule 1|Stealth Rock|p2a: Corviknight
|-sidestart|p2: Cattleya1|move: Stealth Rock
|
|upkeep
|turn|25
|
|t:|1743782673
|move|p2a: Corviknight|Rock Smash|p1a: Schedule 1
|-supereffective|p1a: Schedule 1
|-damage|p1a: Schedule 1|89/100
|-unboost|p1a: Schedule 1|def|1
|move|p1a: Schedule 1|Salt Cure|p2a: Corviknight
|-damage|p2a: Corviknight|92/100
|-start|p2a: Corviknight|Salt Cure
|
|-heal|p1a: Schedule 1|95/100|[from] item: Leftovers
|-damage|p2a: Corviknight|67/100|[from] Salt Cure
|upkeep
|turn|26
|
|t:|1743782687
|move|p2a: Corviknight|U-turn|p1a: Schedule 1
|-damage|p1a: Schedule 1|80/100
|
|t:|1743782695
|switch|p2a: Conkeldurr|Conkeldurr, M, shiny|63/100 brn|[from] U-turn
|-damage|p2a: Conkeldurr|57/100 brn|[from] Stealth Rock
|move|p1a: Schedule 1|Salt Cure|p2a: Conkeldurr
|-resisted|p2a: Conkeldurr
|-damage|p2a: Conkeldurr|51/100 brn
|-start|p2a: Conkeldurr|Salt Cure
|
|-heal|p1a: Schedule 1|86/100|[from] item: Leftovers
|-damage|p2a: Conkeldurr|45/100 brn|[from] brn
|-damage|p2a: Conkeldurr|33/100 brn|[from] Salt Cure
|upkeep
|turn|27
|
|t:|1743782713
|switch|p1a: Mr. Biznus|Weezing-Galar, F|54/100
|-ability|p1a: Mr. Biznus|Neutralizing Gas
|-damage|p1a: Mr. Biznus|42/100|[from] Stealth Rock
|move|p2a: Conkeldurr|Knock Off|p1a: Mr. Biznus
|-resisted|p1a: Mr. Biznus
|-damage|p1a: Mr. Biznus|37/100
|
|-damage|p2a: Conkeldurr|27/100 brn|[from] brn
|-damage|p2a: Conkeldurr|15/100 brn|[from] Salt Cure
|upkeep
|turn|28
|
|t:|1743782725
|switch|p2a: Pecharunt|Pecharunt|79/100 brn
|-damage|p2a: Pecharunt|67/100 brn|[from] Stealth Rock
|move|p1a: Mr. Biznus|Defog|p2a: Pecharunt
|-unboost|p2a: Pecharunt|evasion|1
|-sideend|p2: Cattleya1|Stealth Rock|[from] move: Defog|[of] p1a: Mr. Biznus
|-sideend|p1: Libraries|Stealth Rock|[from] move: Defog|[of] p1a: Mr. Biznus
|
|-heal|p2a: Pecharunt|73/100 brn|[from] item: Black Sludge
|-damage|p2a: Pecharunt|67/100 brn|[from] brn
|upkeep
|turn|29
|
|t:|1743782730
|-end|p1a: Mr. Biznus|ability: Neutralizing Gas
|switch|p1a: Schedule 1|Garganacl, M|86/100
|move|p2a: Pecharunt|Shadow Ball|p1a: Schedule 1
|-damage|p1a: Schedule 1|74/100
|
|-heal|p2a: Pecharunt|73/100 brn|[from] item: Black Sludge
|-heal|p1a: Schedule 1|80/100|[from] item: Leftovers
|-damage|p2a: Pecharunt|67/100 brn|[from] brn
|upkeep
|turn|30
|
|t:|1743782737
|move|p2a: Pecharunt|Parting Shot|p1a: Schedule 1
|-unboost|p1a: Schedule 1|atk|1
|-unboost|p1a: Schedule 1|spa|1
|
|t:|1743782741
|switch|p2a: Corviknight|Corviknight, F, shiny|67/100|[from] Parting Shot
|-ability|p2a: Corviknight|Pressure
|move|p1a: Schedule 1|Salt Cure|p2a: Corviknight
|-damage|p2a: Corviknight|62/100
|-start|p2a: Corviknight|Salt Cure
|
|-heal|p1a: Schedule 1|87/100|[from] item: Leftovers
|-damage|p2a: Corviknight|37/100|[from] Salt Cure
|upkeep
|turn|31
|
|t:|1743782751
|move|p2a: Corviknight|Roost|p2a: Corviknight
|-heal|p2a: Corviknight|87/100
|-singleturn|p2a: Corviknight|move: Roost
|move|p1a: Schedule 1|Stealth Rock|p2a: Corviknight
|-sidestart|p2: Cattleya1|move: Stealth Rock
|
|-heal|p1a: Schedule 1|93/100|[from] item: Leftovers
|-damage|p2a: Corviknight|62/100|[from] Salt Cure
|upkeep
|turn|32
|
|t:|1743782761
|move|p1a: Schedule 1|Protect|p1a: Schedule 1
|-singleturn|p1a: Schedule 1|Protect
|move|p2a: Corviknight|U-turn|p1a: Schedule 1
|-activate|p1a: Schedule 1|move: Protect
|
|-heal|p1a: Schedule 1|99/100|[from] item: Leftovers
|-damage|p2a: Corviknight|38/100|[from] Salt Cure
|upkeep
|turn|33
|inactive|Libraries has 120 seconds left.
|
|t:|1743782791
|switch|p2a: Cinderace|Cinderace, F, shiny|68/100
|switch|p1a: Hammy|Samurott-Hisui, F|100/100
|
|upkeep
|turn|34
|inactive|Libraries has 120 seconds left.
|
|t:|1743782804
|move|p1a: Hammy|Ceaseless Edge|p2a: Cinderace
|-damage|p2a: Cinderace|9/100
|-sidestart|p2: Cattleya1|Spikes
|move|p2a: Cinderace|U-turn|p1a: Hammy
|-start|p2a: Cinderace|typechange|Bug|[from] ability: Libero
|-supereffective|p1a: Hammy
|-damage|p1a: Hammy|18/100
|
|t:|1743782812
|switch|p2a: Corviknight|Corviknight, F, shiny|38/100|[from] U-turn
|-damage|p2a: Corviknight|25/100|[from] Stealth Rock
|-ability|p2a: Corviknight|Pressure
|
|upkeep
|turn|35
|
|t:|1743782816
|move|p1a: Hammy|Ceaseless Edge|p2a: Corviknight
|-damage|p2a: Corviknight|0 fnt
|-damage|p1a: Hammy|1/100|[from] item: Rocky Helmet|[of] p2a: Corviknight
|-sidestart|p2: Cattleya1|Spikes
|faint|p2a: Corviknight
|
|upkeep
|
|t:|1743782819
|switch|p2a: Cinderace|Cinderace, F, shiny|9/100
|turn|36
|
|t:|1743782827
|move|p1a: Hammy|Ceaseless Edge|p2a: Cinderace
|-damage|p2a: Cinderace|0 fnt
|-sidestart|p2: Cattleya1|Spikes
|faint|p2a: Cinderace
|
|upkeep
|c|☆Libraries|gg
|l|☆Cattleya1
|inactive|Cattleya1 disconnected and has a minute to reconnect!
|player|p2|
|inactive|Cattleya1 has 30 seconds to reconnect!
|inactive|Cattleya1 has 20 seconds to reconnect!
|inactive|Cattleya1 has 15 seconds to reconnect!
|inactive|Cattleya1 has 10 seconds to reconnect!
|inactive|Cattleya1 has 5 seconds to reconnect!
|-message|Cattleya1 lost due to inactivity.
|
|win|Libraries
|raw|Libraries's rating: 1305 &rarr; <strong>1324</strong><br />(+19 for winning)
|raw|Cattleya1's rating: 1279 &rarr; <strong>1256</strong><br />(-23 for losing)
