|j|☆flyingtaco43
|j|☆dwagone
|t:|1743805636
|gametype|singles
|player|p1|flyingtaco43|elesa|1821
|player|p2|dwagone|102|1802
|teamsize|p1|6
|teamsize|p2|6
|gen|9
|tier|[Gen 9] OU
|rated|
|rule|HP Percentage Mod: HP is shown in percentages
|rule|Endless Battle Clause: Forcing endless battles is banned
|rule|Species Clause: Limit one of each Pokémon
|rule|OHKO Clause: OHKO moves are banned
|rule|Evasion Items Clause: Evasion items are banned
|rule|Evasion Moves Clause: Evasion moves are banned
|rule|Sleep Moves Clause: Sleep-inducing moves are banned
|clearpoke
|poke|p1|Ting-Lu|
|poke|p1|Corviknight, F|
|poke|p1|Darkrai|
|poke|p1|Cinderace, M|
|poke|p1|Kyurem|
|poke|p1|Slowking-Galar, M|
|poke|p2|Araquanid, F|
|poke|p2|Gholdengo|
|poke|p2|Iron Treads|
|poke|p2|Raging Bolt|
|poke|p2|Iron Valiant|
|poke|p2|Dragonite, F|
|teampreview
|inactive|Battle timer is ON: inactive players will automatically lose when time's up. (requested by dwagone)
|
|t:|1743805644
|start
|switch|p1a: The Walk|Kyurem|100/100
|switch|p2a: Araquanid|Araquanid, F|100/100
|-ability|p1a: The Walk|Pressure
|turn|1
|
|t:|1743805655
|-terastallize|p1a: The Walk|Ice
|move|p1a: The Walk|Freeze-Dry|p2a: Araquanid
|-supereffective|p2a: Araquanid
|-damage|p2a: Araquanid|0 fnt
|faint|p2a: Araquanid
|
|upkeep
|inactive|dwagone has 120 seconds left.
|
|t:|1743805691
|switch|p2a: Gholdengo|Gholdengo|100/100
|-item|p2a: Gholdengo|Air Balloon
|turn|2
|
|t:|1743805695
|switch|p1a: Headlock|Ting-Lu|100/100
|-ability|p1a: Headlock|Vessel of Ruin
|move|p2a: Gholdengo|Shadow Ball|p1a: Headlock
|-resisted|p1a: Headlock
|-damage|p1a: Headlock|90/100
|-unboost|p1a: Headlock|spd|1
|
|-heal|p1a: Headlock|96/100|[from] item: Leftovers
|upkeep
|turn|3
|
|t:|1743805701
|switch|p1a: Daylight Robbery|Cinderace, M|100/100
|move|p2a: Gholdengo|Nasty Plot|p2a: Gholdengo
|-boost|p2a: Gholdengo|spa|2
|
|upkeep
|turn|4
|inactive|dwagone has 120 seconds left.
|
|t:|1743805722
|switch|p2a: Dragonite|Dragonite, F|100/100
|move|p1a: Daylight Robbery|Pyro Ball|p2a: Dragonite
|-resisted|p2a: Dragonite
|-damage|p2a: Dragonite|87/100
|
|upkeep
|turn|5
|
|t:|1743805727
|move|p1a: Daylight Robbery|Will-O-Wisp|p2a: Dragonite|[miss]
|-miss|p1a: Daylight Robbery|p2a: Dragonite
|move|p2a: Dragonite|Dragon Dance|p2a: Dragonite
|-boost|p2a: Dragonite|atk|1
|-boost|p2a: Dragonite|spe|1
|
|upkeep
|turn|6
|
|t:|1743805732
|switch|p1a: Clear the Area|Corviknight, F|100/100
|-ability|p1a: Clear the Area|Pressure
|-terastallize|p2a: Dragonite|Fire
|move|p2a: Dragonite|Dragon Dance|p2a: Dragonite
|-boost|p2a: Dragonite|atk|1
|-boost|p2a: Dragonite|spe|1
|
|upkeep
|turn|7
|
|t:|1743805746
|move|p2a: Dragonite|Dragon Dance|p2a: Dragonite
|-boost|p2a: Dragonite|atk|1
|-boost|p2a: Dragonite|spe|1
|move|p1a: Clear the Area|Brave Bird|p2a: Dragonite
|-crit|p2a: Dragonite
|-damage|p2a: Dragonite|21/100
|-damage|p1a: Clear the Area|83/100|[from] Recoil
|
|upkeep
|turn|8
|
|t:|1743805752
|move|p2a: Dragonite|Fire Punch|p1a: Clear the Area
|-supereffective|p1a: Clear the Area
|-damage|p1a: Clear the Area|0 fnt
|-damage|p2a: Dragonite|4/100|[from] item: Rocky Helmet|[of] p1a: Clear the Area
|faint|p1a: Clear the Area
|
|upkeep
|
|t:|1743805758
|switch|p1a: Headlock|Ting-Lu|96/100
|-ability|p1a: Headlock|Vessel of Ruin
|turn|9
|
|t:|1743805765
|move|p2a: Dragonite|Scale Shot|p1a: Headlock
|-damage|p1a: Headlock|77/100
|-damage|p1a: Headlock|58/100
|-damage|p1a: Headlock|39/100
|-damage|p1a: Headlock|19/100
|-hitcount|p1a: Headlock|4
|-unboost|p2a: Dragonite|def|1
|-boost|p2a: Dragonite|spe|1
|move|p1a: Headlock|Earthquake|p2a: Dragonite
|-supereffective|p2a: Dragonite
|-damage|p2a: Dragonite|0 fnt
|faint|p2a: Dragonite
|
|-heal|p1a: Headlock|25/100|[from] item: Leftovers
|upkeep
|inactive|dwagone has 120 seconds left.
|
|t:|1743805806
|switch|p2a: Iron Treads|Iron Treads|100/100
|-enditem|p2a: Iron Treads|Booster Energy
|-activate|p2a: Iron Treads|ability: Quark Drive|[fromitem]
|-start|p2a: Iron Treads|quarkdriveatk
|turn|10
|
|t:|1743805813
|move|p2a: Iron Treads|Rapid Spin|p1a: Headlock
|-damage|p1a: Headlock|13/100
|-boost|p2a: Iron Treads|spe|1
|move|p1a: Headlock|Earthquake|p2a: Iron Treads
|-supereffective|p2a: Iron Treads
|-crit|p2a: Iron Treads
|-damage|p2a: Iron Treads|1/100
|
|-heal|p1a: Headlock|20/100|[from] item: Leftovers
|upkeep
|turn|11
|
|t:|1743805819
|move|p2a: Iron Treads|Ice Spinner|p1a: Headlock
|-supereffective|p1a: Headlock
|-damage|p1a: Headlock|0 fnt
|faint|p1a: Headlock
|
|upkeep
|
|t:|1743805822
|switch|p1a: Goodnight and Go|Darkrai|100/100
|turn|12
|
|t:|1743805826
|move|p1a: Goodnight and Go|Ice Beam|p2a: Iron Treads
|-damage|p2a: Iron Treads|0 fnt
|faint|p2a: Iron Treads
|-end|p2a: Iron Treads|Quark Drive|[silent]
|
|upkeep
|
|t:|1743805833
|switch|p2a: Iron Valiant|Iron Valiant|100/100
|-enditem|p2a: Iron Valiant|Booster Energy
|-activate|p2a: Iron Valiant|ability: Quark Drive|[fromitem]
|-start|p2a: Iron Valiant|quarkdrivespa
|turn|13
|
|t:|1743805838
|move|p1a: Goodnight and Go|Ice Beam|p2a: Iron Valiant
|-damage|p2a: Iron Valiant|39/100
|move|p2a: Iron Valiant|Calm Mind|p2a: Iron Valiant
|-boost|p2a: Iron Valiant|spa|1
|-boost|p2a: Iron Valiant|spd|1
|
|upkeep
|turn|14
|
|t:|1743805842
|move|p2a: Iron Valiant|Vacuum Wave|p1a: Goodnight and Go
|-supereffective|p1a: Goodnight and Go
|-damage|p1a: Goodnight and Go|0 fnt
|faint|p1a: Goodnight and Go
|
|upkeep
|
|t:|1743805844
|switch|p1a: Hide and Seek|Slowking-Galar, M|100/100
|turn|15
|
|t:|1743805848
|move|p2a: Iron Valiant|Shadow Ball|p1a: Hide and Seek
|-supereffective|p1a: Hide and Seek
|-damage|p1a: Hide and Seek|33/100
|move|p1a: Hide and Seek|Psyshock|p2a: Iron Valiant
|-supereffective|p2a: Iron Valiant
|-damage|p2a: Iron Valiant|0 fnt
|faint|p2a: Iron Valiant
|-end|p2a: Iron Valiant|Quark Drive|[silent]
|
|upkeep
|
|t:|1743805858
|switch|p2a: Raging Bolt|Raging Bolt|100/100
|-enditem|p2a: Raging Bolt|Booster Energy
|-activate|p2a: Raging Bolt|ability: Protosynthesis|[fromitem]
|-start|p2a: Raging Bolt|protosynthesisspa
|turn|16
|
|t:|1743805864
|move|p2a: Raging Bolt|Calm Mind|p2a: Raging Bolt
|-boost|p2a: Raging Bolt|spa|1
|-boost|p2a: Raging Bolt|spd|1
|move|p1a: Hide and Seek|Psyshock|p2a: Raging Bolt
|-damage|p2a: Raging Bolt|70/100
|
|upkeep
|turn|17
|
|t:|1743805873
|move|p2a: Raging Bolt|Calm Mind|p2a: Raging Bolt
|-boost|p2a: Raging Bolt|spa|1
|-boost|p2a: Raging Bolt|spd|1
|-prepare|p1a: Hide and Seek|Chilly Reception|[premajor]
|move|p1a: Hide and Seek|Chilly Reception|p1a: Hide and Seek
|-weather|Snowscape
|
|t:|1743805875
|switch|p1a: The Walk|Kyurem, tera:Ice|100/100|[from] Chilly Reception
|-ability|p1a: The Walk|Pressure
|
|-weather|Snowscape|[upkeep]
|upkeep
|turn|18
|
|t:|1743805886
|move|p2a: Raging Bolt|Thunderclap|p1a: The Walk
|-damage|p1a: The Walk|4/100
|move|p1a: The Walk|Blizzard|p2a: Raging Bolt
|-supereffective|p2a: Raging Bolt
|-damage|p2a: Raging Bolt|0 fnt
|faint|p2a: Raging Bolt
|-end|p2a: Raging Bolt|Protosynthesis|[silent]
|
|-weather|Snowscape|[upkeep]
|upkeep
|
|t:|1743805889
|switch|p2a: Gholdengo|Gholdengo|100/100
|-item|p2a: Gholdengo|Air Balloon
|turn|19
|
|t:|1743805893
|move|p1a: The Walk|Blizzard|p2a: Gholdengo
|-resisted|p2a: Gholdengo
|-damage|p2a: Gholdengo|31/100
|-enditem|p2a: Gholdengo|Air Balloon
|move|p2a: Gholdengo|Shadow Ball|p1a: The Walk
|-damage|p1a: The Walk|0 fnt
|faint|p1a: The Walk
|
|-weather|Snowscape|[upkeep]
|upkeep
|
|t:|1743805897
|switch|p1a: Daylight Robbery|Cinderace, M|100/100
|turn|20
|
|t:|1743805907
|move|p1a: Daylight Robbery|Pyro Ball|p2a: Gholdengo
|-supereffective|p2a: Gholdengo
|-damage|p2a: Gholdengo|0 fnt
|faint|p2a: Gholdengo
|
|win|flyingtaco43
|raw|flyingtaco43's rating: 1821 &rarr; <strong>1840</strong><br />(+19 for winning)
|raw|dwagone's rating: 1802 &rarr; <strong>1783</strong><br />(-19 for losing)
|c|☆dwagone|gg
|c|☆flyingtaco43|Gg
|l|☆flyingtaco43
|player|p1|
