|j|☆ian_yo
|j|☆After_Sh0ck
|t:|1743888714
|gametype|singles
|player|p1|ian_yo|skier|1447
|player|p2|After_Sh0ck|gentleman-gen4|1377
|teamsize|p1|6
|teamsize|p2|6
|gen|9
|tier|[Gen 9] OU
|rated|
|rule|HP Percentage Mod: HP is shown in percentages
|rule|Endless Battle Clause: Forcing endless battles is banned
|rule|Species Clause: Limit one of each Pokémon
|rule|OHKO Clause: OHKO moves are banned
|rule|Evasion Items Clause: Evasion items are banned
|rule|Evasion Moves Clause: Evasion moves are banned
|rule|Sleep Moves Clause: Sleep-inducing moves are banned
|clearpoke
|poke|p1|Torkoal, F|
|poke|p1|Klefki, F|
|poke|p1|Hatterene, F|
|poke|p1|Cresselia, F|
|poke|p1|Rabsca, F|
|poke|p1|Hattrem, F|
|poke|p2|Pelipper, F|
|poke|p2|Barraskewda, F|
|poke|p2|Kilowattrel, F|
|poke|p2|Corviknight, M|
|poke|p2|Overqwil, M|
|poke|p2|Krookodile, M|
|teampreview
|inactive|Battle timer is ON: inactive players will automatically lose when time's up. (requested by After_Sh0ck)
|inactive|ian_yo also wants the timer to be on.
|
|t:|1743888728
|start
|switch|p1a: Hattrem|Hattrem, F|100/100
|switch|p2a: Kilowattrel|Kilowattrel, F|100/100
|turn|1
|
|t:|1743888749
|move|p2a: Kilowattrel|Volt Switch|p1a: Hattrem
|-damage|p1a: Hattrem|33/100
|
|t:|1743888762
|switch|p2a: Corviknight|Corviknight, M|100/100|[from] Volt Switch
|-ability|p2a: Corviknight|Pressure
|move|p1a: Hattrem|Trick Room|p1a: Hattrem
|-fieldstart|move: Trick Room|[of] p1a: Hattrem
|
|upkeep
|turn|2
|
|t:|1743888775
|move|p1a: Hattrem|Healing Wish|p1a: Hattrem
|faint|p1a: Hattrem
|move|p2a: Corviknight|Brave Bird|p1: Hattrem|[notarget]
|-fail|p2a: Corviknight
|
|upkeep
|
|t:|1743888777
|switch|p1a: Torkoal|Torkoal, F|100/100
|-weather|SunnyDay|[from] ability: Drought|[of] p1a: Torkoal
|turn|3
|
|t:|1743888782
|switch|p2a: Pelipper|Pelipper, F|100/100
|-weather|RainDance|[from] ability: Drizzle|[of] p2a: Pelipper
|-terastallize|p1a: Torkoal|Fire
|move|p1a: Torkoal|Eruption|p2a: Pelipper
|-resisted|p2a: Pelipper
|-damage|p2a: Pelipper|58/100
|
|-weather|RainDance|[upkeep]
|upkeep
|turn|4
|
|t:|1743888794
|switch|p1a: Klefki|Klefki, F|100/100
|move|p2a: Pelipper|U-turn|p1a: Klefki
|-resisted|p1a: Klefki
|-damage|p1a: Klefki|98/100
|
|t:|1743888808
|switch|p2a: Kilowattrel|Kilowattrel, F|100/100|[from] U-turn
|
|-weather|RainDance|[upkeep]
|upkeep
|turn|5
|
|t:|1743888823
|move|p1a: Klefki|Calm Mind|p1a: Klefki
|-boost|p1a: Klefki|spa|1
|-boost|p1a: Klefki|spd|1
|move|p2a: Kilowattrel|Weather Ball|p1a: Klefki
|-damage|p1a: Klefki|36/100
|
|-weather|RainDance|[upkeep]
|-fieldend|move: Trick Room
|upkeep
|turn|6
|
|t:|1743888829
|move|p1a: Klefki|Spikes|p2a: Kilowattrel
|-sidestart|p2: After_Sh0ck|Spikes
|move|p2a: Kilowattrel|Weather Ball|p1a: Klefki
|-damage|p1a: Klefki|0 fnt
|faint|p1a: Klefki
|
|-weather|RainDance|[upkeep]
|upkeep
|
|t:|1743888833
|switch|p1a: Torkoal|Torkoal, F, tera:Fire|100/100
|-weather|SunnyDay|[from] ability: Drought|[of] p1a: Torkoal
|turn|7
|
|t:|1743888839
|switch|p2a: Pelipper|Pelipper, F|58/100
|-weather|RainDance|[from] ability: Drizzle|[of] p2a: Pelipper
|move|p1a: Torkoal|Weather Ball|p2a: Pelipper
|-resisted|p2a: Pelipper
|-damage|p2a: Pelipper|10/100
|
|-weather|RainDance|[upkeep]
|upkeep
|turn|8
|
|t:|1743888844
|switch|p1a: Cresselia|Cresselia, F|100/100
|move|p2a: Pelipper|Weather Ball|p1a: Cresselia
|-crit|p1a: Cresselia
|-damage|p1a: Cresselia|20/100
|
|-weather|RainDance|[upkeep]
|upkeep
|turn|9
|
|t:|1743888848
|move|p2a: Pelipper|Weather Ball|p1a: Cresselia
|-damage|p1a: Cresselia|0 fnt
|faint|p1a: Cresselia
|
|-weather|RainDance|[upkeep]
|upkeep
|
|t:|1743888850
|switch|p1a: Rabsca|Rabsca, F|100/100
|turn|10
|
|t:|1743888855
|switch|p2a: Overqwil|Overqwil, M|100/100
|-damage|p2a: Overqwil|88/100|[from] Spikes
|-ability|p2a: Overqwil|Intimidate|boost
|-unboost|p1a: Rabsca|atk|1
|move|p1a: Rabsca|Trick Room|p1a: Rabsca
|-fieldstart|move: Trick Room|[of] p1a: Rabsca
|
|-weather|RainDance|[upkeep]
|-heal|p2a: Overqwil|94/100|[from] item: Leftovers
|upkeep
|turn|11
|
|t:|1743888861
|move|p1a: Rabsca|Revival Blessing|p1a: Rabsca
|
|t:|1743888863
|-heal|p1: Cresselia|50/100|[from] move: Revival Blessing
|move|p2a: Overqwil|Barb Barrage|p1a: Rabsca
|-damage|p1a: Rabsca|77/100
|
|-weather|none
|-heal|p2a: Overqwil|100/100|[from] item: Leftovers
|upkeep
|turn|12
|
|t:|1743888875
|move|p1a: Rabsca|Memento|p2a: Overqwil
|-unboost|p2a: Overqwil|atk|2
|-unboost|p2a: Overqwil|spa|2
|faint|p1a: Rabsca
|move|p2a: Overqwil|Spikes|p1: Rabsca
|-sidestart|p1: ian_yo|Spikes
|
|upkeep
|
|t:|1743888878
|switch|p1a: Torkoal|Torkoal, F, tera:Fire|100/100
|-damage|p1a: Torkoal|88/100|[from] Spikes
|-weather|SunnyDay|[from] ability: Drought|[of] p1a: Torkoal
|turn|13
|
|t:|1743888884
|switch|p2a: Pelipper|Pelipper, F|10/100
|-weather|RainDance|[from] ability: Drizzle|[of] p2a: Pelipper
|move|p1a: Torkoal|Eruption|p2a: Pelipper
|-resisted|p2a: Pelipper
|-damage|p2a: Pelipper|0 fnt
|faint|p2a: Pelipper
|
|-weather|RainDance|[upkeep]
|upkeep
|
|t:|1743888895
|switch|p2a: Overqwil|Overqwil, M|100/100
|-damage|p2a: Overqwil|88/100|[from] Spikes
|-ability|p2a: Overqwil|Intimidate|boost
|-unboost|p1a: Torkoal|atk|1
|turn|14
|
|t:|1743888897
|move|p1a: Torkoal|Eruption|p2a: Overqwil
|-damage|p2a: Overqwil|5/100
|move|p2a: Overqwil|Barb Barrage|p1a: Torkoal
|-damage|p1a: Torkoal|67/100
|-status|p1a: Torkoal|psn
|
|-weather|RainDance|[upkeep]
|-heal|p2a: Overqwil|11/100|[from] item: Leftovers
|-damage|p1a: Torkoal|55/100 psn|[from] psn
|-fieldend|move: Trick Room
|upkeep
|turn|15
|
|t:|1743888911
|switch|p1a: Cresselia|Cresselia, F|50/100
|-heal|p1a: Cresselia|100/100|[from] move: Healing Wish
|move|p2a: Overqwil|Barb Barrage|p1a: Cresselia
|-damage|p1a: Cresselia|80/100
|-status|p1a: Cresselia|psn
|
|-weather|RainDance|[upkeep]
|-heal|p2a: Overqwil|18/100|[from] item: Leftovers
|-damage|p1a: Cresselia|68/100 psn|[from] psn
|upkeep
|turn|16
|
|t:|1743888919
|move|p2a: Overqwil|Destiny Bond|p2a: Overqwil
|-singlemove|p2a: Overqwil|Destiny Bond
|move|p1a: Cresselia|Trick Room|p1a: Cresselia
|-fieldstart|move: Trick Room|[of] p1a: Cresselia
|
|-weather|RainDance|[upkeep]
|-heal|p2a: Overqwil|24/100|[from] item: Leftovers
|-damage|p1a: Cresselia|55/100 psn|[from] psn
|upkeep
|turn|17
|
|t:|1743888926
|move|p1a: Cresselia|Lunar Dance|p1a: Cresselia
|faint|p1a: Cresselia
|move|p2a: Overqwil|Crunch|p1: Cresselia|[notarget]
|-fail|p2a: Overqwil
|
|-weather|none
|-heal|p2a: Overqwil|30/100|[from] item: Leftovers
|upkeep
|
|t:|1743888928
|switch|p1a: Torkoal|Torkoal, F, tera:Fire|55/100 psn
|-heal|p1a: Torkoal|100/100|[from] move: Lunar Dance
|-damage|p1a: Torkoal|88/100|[from] Spikes
|-weather|SunnyDay|[from] ability: Drought|[of] p1a: Torkoal
|turn|18
|
|t:|1743888942
|move|p1a: Torkoal|Weather Ball|p2a: Overqwil
|-damage|p2a: Overqwil|0 fnt
|faint|p2a: Overqwil
|
|-weather|SunnyDay|[upkeep]
|upkeep
|
|t:|1743888946
|switch|p2a: Corviknight|Corviknight, M|100/100
|-ability|p2a: Corviknight|Pressure
|turn|19
|
|t:|1743888950
|-terastallize|p2a: Corviknight|Water
|move|p1a: Torkoal|Weather Ball|p2a: Corviknight
|-resisted|p2a: Corviknight
|-crit|p2a: Corviknight
|-damage|p2a: Corviknight|11/100
|move|p2a: Corviknight|Brave Bird|p1a: Torkoal
|-damage|p1a: Torkoal|61/100
|-damage|p2a: Corviknight|3/100|[from] Recoil
|
|-weather|SunnyDay|[upkeep]
|-heal|p2a: Corviknight|9/100|[from] item: Leftovers
|upkeep
|turn|20
|
|t:|1743888963
|switch|p1a: Hatterene|Hatterene, F|100/100
|-damage|p1a: Hatterene|88/100|[from] Spikes
|move|p2a: Corviknight|Roost|p2a: Corviknight
|-heal|p2a: Corviknight|59/100
|
|-weather|SunnyDay|[upkeep]
|-heal|p2a: Corviknight|65/100|[from] item: Leftovers
|-fieldend|move: Trick Room
|upkeep
|turn|21
|
|t:|1743888971
|move|p2a: Corviknight|U-turn|p1a: Hatterene
|-damage|p1a: Hatterene|72/100
|
|t:|1743888984
|switch|p2a: Krookodile|Krookodile, M|100/100|[from] U-turn
|-damage|p2a: Krookodile|88/100|[from] Spikes
|move|p1a: Hatterene|Trick Room|p1a: Hatterene
|-fieldstart|move: Trick Room|[of] p1a: Hatterene
|
|-weather|SunnyDay|[upkeep]
|upkeep
|turn|22
|
|t:|1743888990
|move|p1a: Hatterene|Healing Wish|p1a: Hatterene
|faint|p1a: Hatterene
|move|p2a: Krookodile|Earthquake|p1: Hatterene|[notarget]
|-fail|p2a: Krookodile
|
|-weather|none
|upkeep
|
|t:|1743888991
|switch|p1a: Torkoal|Torkoal, F, tera:Fire|61/100
|-heal|p1a: Torkoal|100/100|[from] move: Healing Wish
|-damage|p1a: Torkoal|88/100|[from] Spikes
|-weather|SunnyDay|[from] ability: Drought|[of] p1a: Torkoal
|turn|23
|
|t:|1743889008
|move|p1a: Torkoal|Weather Ball|p2a: Krookodile
|-damage|p2a: Krookodile|0 fnt
|faint|p2a: Krookodile
|
|-weather|SunnyDay|[upkeep]
|upkeep
|inactive|After_Sh0ck has 120 seconds left.
|
|t:|1743889028
|switch|p2a: Corviknight|Corviknight, M, tera:Water|65/100
|-damage|p2a: Corviknight|53/100|[from] Spikes
|-ability|p2a: Corviknight|Pressure
|turn|24
|
|t:|1743889036
|move|p1a: Torkoal|Weather Ball|p2a: Corviknight
|-resisted|p2a: Corviknight
|-damage|p2a: Corviknight|0 fnt
|faint|p2a: Corviknight
|
|-weather|SunnyDay|[upkeep]
|upkeep
|
|t:|1743889043
|switch|p2a: Barraskewda|Barraskewda, F|100/100
|-damage|p2a: Barraskewda|88/100|[from] Spikes
|turn|25
|
|t:|1743889048
|move|p1a: Torkoal|Weather Ball|p2a: Barraskewda
|-resisted|p2a: Barraskewda
|-damage|p2a: Barraskewda|0 fnt
|faint|p2a: Barraskewda
|
|-weather|SunnyDay|[upkeep]
|-fieldend|move: Trick Room
|upkeep
|
|t:|1743889057
|switch|p2a: Kilowattrel|Kilowattrel, F|100/100
|turn|26
|
|t:|1743889073
|move|p2a: Kilowattrel|Hurricane|p1a: Torkoal|[miss]
|-miss|p2a: Kilowattrel|p1a: Torkoal
|move|p1a: Torkoal|Weather Ball|p2a: Kilowattrel
|-damage|p2a: Kilowattrel|0 fnt
|faint|p2a: Kilowattrel
|
|win|ian_yo
|raw|ian_yo's rating: 1466 &rarr; <strong>1481</strong><br />(+15 for winning)
|raw|After_Sh0ck's rating: 1377 &rarr; <strong>1362</strong><br />(-15 for losing)
|l|☆ian_yo
|player|p1|
