|j|‽XIXINANA
|j|☆shandilyeah
|t:|1743885421
|gametype|singles
|player|p1|XIXINANA|hilbert|1268
|player|p2|shandilyeah|cynthia-gen4|1320
|teamsize|p1|6
|teamsize|p2|6
|gen|9
|tier|[Gen 9] OU
|rated|
|rule|HP Percentage Mod: HP is shown in percentages
|rule|Endless Battle Clause: Forcing endless battles is banned
|rule|Species Clause: Limit one of each Pokémon
|rule|OHKO Clause: OHKO moves are banned
|rule|Evasion Items Clause: Evasion items are banned
|rule|Evasion Moves Clause: Evasion moves are banned
|rule|Sleep Moves Clause: Sleep-inducing moves are banned
|clearpoke
|poke|p1|Iron Valiant|
|poke|p1|Braviary, M|
|poke|p1|Enamorus-Therian, F|
|poke|p1|Articuno|
|poke|p1|Brute Bonnet|
|poke|p1|Magmortar, M|
|poke|p2|Gholdengo|
|poke|p2|Kingambit, M|
|poke|p2|Araquanid, F|
|poke|p2|Dragapult, M|
|poke|p2|Zamazenta-*|
|poke|p2|Glimmora, M|
|teampreview
|inactive|Battle timer is ON: inactive players will automatically lose when time's up. (requested by shandilyeah)
|
|t:|1743885443
|start
|switch|p1a: Braviary|Braviary, M|100/100
|switch|p2a: Glimmora|Glimmora, M|100/100
|turn|1
|
|t:|1743885454
|switch|p1a: Articuno|Articuno|100/100
|-ability|p1a: Articuno|Pressure
|move|p2a: Glimmora|Stealth Rock|p1a: Articuno
|-sidestart|p1: XIXINANA|move: Stealth Rock
|
|upkeep
|turn|2
|
|t:|1743885462
|-terastallize|p1a: Articuno|Ice
|move|p2a: Glimmora|Power Gem|p1a: Articuno
|-supereffective|p1a: Articuno
|-damage|p1a: Articuno|29/100
|-enditem|p1a: Articuno|Weakness Policy
|-boost|p1a: Articuno|atk|2|[from] item: Weakness Policy
|-boost|p1a: Articuno|spa|2|[from] item: Weakness Policy
|move|p1a: Articuno|Freeze-Dry|p2a: Glimmora
|-enditem|p2a: Glimmora|Focus Sash
|-damage|p2a: Glimmora|1/100
|
|upkeep
|turn|3
|
|t:|1743885474
|move|p1a: Articuno|Ice Shard|p2a: Glimmora
|-damage|p2a: Glimmora|0 fnt
|-activate|p2a: Glimmora|ability: Toxic Debris
|-sidestart|p1: XIXINANA|move: Toxic Spikes
|faint|p2a: Glimmora
|
|upkeep
|
|t:|1743885488
|switch|p2a: John Cena|Zamazenta|100/100
|-ability|p2a: John Cena|Dauntless Shield|boost
|-boost|p2a: John Cena|def|1
|turn|4
|
|t:|1743885492
|move|p2a: John Cena|Body Press|p1a: Articuno
|-supereffective|p1a: Articuno
|-damage|p1a: Articuno|0 fnt
|faint|p1a: Articuno
|
|upkeep
|
|t:|1743885495
|switch|p1a: Enamorus|Enamorus-Therian, F|100/100
|-damage|p1a: Enamorus|76/100|[from] Stealth Rock
|turn|5
|
|t:|1743885503
|switch|p2a: Penny Parker|Araquanid, F, shiny|100/100
|move|p1a: Enamorus|Moonblast|p2a: Penny Parker
|-damage|p2a: Penny Parker|59/100
|-unboost|p2a: Penny Parker|spa|1
|
|-heal|p1a: Enamorus|82/100|[from] item: Leftovers
|upkeep
|turn|6
|
|t:|1743885515
|move|p1a: Enamorus|Moonblast|p2a: Penny Parker
|-damage|p2a: Penny Parker|18/100
|move|p2a: Penny Parker|Liquidation|p1a: Enamorus
|-damage|p1a: Enamorus|25/100
|
|-heal|p1a: Enamorus|31/100|[from] item: Leftovers
|upkeep
|turn|7
|-enditem|p2a: Penny Parker|Custap Berry|[eat]
|-activate|p2a: Penny Parker|item: Custap Berry|[consumed]
|
|t:|1743885527
|move|p2a: Penny Parker|Sticky Web|p1a: Enamorus
|-sidestart|p1: XIXINANA|move: Sticky Web
|move|p1a: Enamorus|Moonblast|p2a: Penny Parker
|-damage|p2a: Penny Parker|0 fnt
|faint|p2a: Penny Parker
|
|-heal|p1a: Enamorus|37/100|[from] item: Leftovers
|upkeep
|
|t:|1743885541
|switch|p2a: Gholdengo|Gholdengo|100/100
|-item|p2a: Gholdengo|Air Balloon
|turn|8
|
|t:|1743885550
|move|p2a: Gholdengo|Make It Rain|p1a: Enamorus
|-supereffective|p1a: Enamorus
|-damage|p1a: Enamorus|0 fnt
|-unboost|p2a: Gholdengo|spa|1
|faint|p1a: Enamorus
|
|upkeep
|
|t:|1743885554
|switch|p1a: Magmortar|Magmortar, M|100/100
|-damage|p1a: Magmortar|76/100|[from] Stealth Rock
|-status|p1a: Magmortar|psn
|-activate|p1a: Magmortar|move: Sticky Web
|-unboost|p1a: Magmortar|spe|1
|turn|9
|
|t:|1743885568
|switch|p2a: Caraxes|Dragapult, M|100/100
|move|p1a: Magmortar|Fire Blast|p2a: Caraxes
|-resisted|p2a: Caraxes
|-damage|p2a: Caraxes|47/100
|-damage|p1a: Magmortar|66/100 psn|[from] item: Life Orb
|
|-damage|p1a: Magmortar|53/100 psn|[from] psn
|upkeep
|turn|10
|
|t:|1743885580
|move|p2a: Caraxes|Dragon Darts|p1a: Magmortar
|-damage|p1a: Magmortar|0 fnt
|faint|p1a: Magmortar
|
|upkeep
|
|t:|1743885590
|switch|p1a: Braviary|Braviary, M|100/100
|-damage|p1a: Braviary|76/100|[from] Stealth Rock
|turn|11
|
|t:|1743885601
|move|p2a: Caraxes|Dragon Darts|p1a: Braviary
|-damage|p1a: Braviary|30/100
|-anim|p2a: Caraxes|Dragon Darts|p1a: Braviary
|-damage|p1a: Braviary|0 fnt
|faint|p1a: Braviary
|
|upkeep
|
|t:|1743885606
|switch|p1a: Iron Valiant|Iron Valiant|100/100
|-damage|p1a: Iron Valiant|94/100|[from] Stealth Rock
|-status|p1a: Iron Valiant|psn
|-activate|p1a: Iron Valiant|move: Sticky Web
|-unboost|p1a: Iron Valiant|spe|1
|turn|12
|
|t:|1743885617
|switch|p2a: Maharaja|Kingambit, M|100/100
|-activate|p2a: Maharaja|ability: Supreme Overlord
|-start|p2a: Maharaja|fallen2|[silent]
|move|p1a: Iron Valiant|Moonblast|p2a: Maharaja
|-damage|p2a: Maharaja|41/100
|-damage|p1a: Iron Valiant|85/100 psn|[from] item: Life Orb
|
|-heal|p2a: Maharaja|47/100|[from] item: Leftovers
|-damage|p1a: Iron Valiant|72/100 psn|[from] psn
|upkeep
|turn|13
|
|t:|1743885631
|move|p1a: Iron Valiant|Vacuum Wave|p2a: Maharaja
|-supereffective|p2a: Maharaja
|-crit|p2a: Maharaja
|-damage|p2a: Maharaja|0 fnt
|faint|p2a: Maharaja
|-end|p2a: Maharaja|fallen2|[silent]
|-damage|p1a: Iron Valiant|62/100 psn|[from] item: Life Orb
|
|-damage|p1a: Iron Valiant|50/100 psn|[from] psn
|upkeep
|
|t:|1743885640
|switch|p2a: Caraxes|Dragapult, M|47/100
|turn|14
|inactive|XIXINANA has 120 seconds left.
|
|t:|1743885699
|move|p2a: Caraxes|Psychic Fangs|p1a: Iron Valiant
|-supereffective|p1a: Iron Valiant
|-damage|p1a: Iron Valiant|0 fnt
|faint|p1a: Iron Valiant
|-end|p1a: Iron Valiant|Quark Drive|[silent]
|
|upkeep
|
|t:|1743885703
|switch|p1a: Brute Bonnet|Brute Bonnet|100/100
|-damage|p1a: Brute Bonnet|88/100|[from] Stealth Rock
|-status|p1a: Brute Bonnet|psn
|-activate|p1a: Brute Bonnet|move: Sticky Web
|-unboost|p1a: Brute Bonnet|spe|1
|turn|15
|
|t:|1743885720
|switch|p2a: John Cena|Zamazenta|100/100
|move|p1a: Brute Bonnet|Payback|p2a: John Cena
|-resisted|p2a: John Cena
|-damage|p2a: John Cena|86/100
|-damage|p1a: Brute Bonnet|78/100 psn|[from] item: Life Orb
|
|-heal|p2a: John Cena|93/100|[from] item: Leftovers
|-damage|p1a: Brute Bonnet|66/100 psn|[from] psn
|upkeep
|turn|16
|inactive|XIXINANA has 90 seconds left.
|-message|XIXINANA forfeited.
|
|win|shandilyeah
|raw|XIXINANA's rating: 1291 &rarr; <strong>1268</strong><br />(-23 for losing)
|raw|shandilyeah's rating: 1320 &rarr; <strong>1338</strong><br />(+18 for winning)
|l|‽XIXINANA
|player|p1|
|l|☆shandilyeah
|player|p2|
