|j|☆Rocktar Made
|j|☆a jellyfish
|t:|1743884531
|gametype|singles
|player|p1|Rocktar Made|lass-gen4dp|1854
|player|p2|a jellyfish|yellow|1819
|teamsize|p1|6
|teamsize|p2|6
|gen|9
|tier|[Gen 9] OU
|rated|
|rule|HP Percentage Mod: HP is shown in percentages
|rule|Endless Battle Clause: Forcing endless battles is banned
|rule|Species Clause: Limit one of each Pokémon
|rule|OHKO Clause: OHKO moves are banned
|rule|Evasion Items Clause: Evasion items are banned
|rule|Evasion Moves Clause: Evasion moves are banned
|rule|Sleep Moves Clause: Sleep-inducing moves are banned
|clearpoke
|poke|p1|Weezing-Galar, M|
|poke|p1|Alomomola, M|
|poke|p1|Thundurus-Therian, M|
|poke|p1|Iron Treads|
|poke|p1|Scizor, F|
|poke|p1|Zamazenta-*|
|poke|p2|Tyranitar, F|
|poke|p2|Excadrill, F|
|poke|p2|Mandibuzz, F|
|poke|p2|Skarmory, M|
|poke|p2|Tornadus-Therian, M|
|poke|p2|Keldeo-Resolute|
|teampreview
|inactive|Battle timer is ON: inactive players will automatically lose when time's up. (requested by a jellyfish)
|inactive|Rocktar Made also wants the timer to be on.
|j| killabyss
|
|t:|1743884542
|start
|switch|p1a: Scizor|Scizor, F|100/100
|switch|p2a: Tyranitar|Tyranitar, F, shiny|100/100
|-weather|Sandstorm|[from] ability: Sand Stream|[of] p2a: Tyranitar
|turn|1
|
|t:|1743884548
|switch|p2a: Skarmory|Skarmory, M|100/100
|move|p1a: Scizor|Knock Off|p2a: Skarmory
|-crit|p2a: Skarmory
|-damage|p2a: Skarmory|36/100
|-enditem|p2a: Skarmory|Leftovers|[from] move: Knock Off|[of] p1a: Scizor
|
|-weather|Sandstorm|[upkeep]
|upkeep
|turn|2
|
|t:|1743884561
|switch|p1a: Thundurus|Thundurus-Therian, M|100/100
|move|p2a: Skarmory|Roost|p2a: Skarmory
|-heal|p2a: Skarmory|86/100
|-singleturn|p2a: Skarmory|move: Roost
|
|-weather|Sandstorm|[upkeep]
|-damage|p1a: Thundurus|94/100|[from] Sandstorm
|upkeep
|turn|3
|
|t:|1743884566
|switch|p2a: Tyranitar|Tyranitar, F, shiny|100/100
|move|p1a: Thundurus|U-turn|p2a: Tyranitar
|-supereffective|p2a: Tyranitar
|-damage|p2a: Tyranitar|79/100
|
|t:|1743884569
|switch|p1a: Weezing|Weezing-Galar, M|100/100|[from] U-turn
|-ability|p1a: Weezing|Neutralizing Gas
|
|-weather|Sandstorm|[upkeep]
|-damage|p1a: Weezing|95/100|[from] Sandstorm
|-heal|p1a: Weezing|100/100|[from] item: Leftovers
|upkeep
|turn|4
|
|t:|1743884586
|switch|p2a: Skarmory|Skarmory, M|86/100
|move|p1a: Weezing|Will-O-Wisp|p2a: Skarmory
|-status|p2a: Skarmory|brn
|
|-weather|Sandstorm|[upkeep]
|-damage|p1a: Weezing|95/100|[from] Sandstorm
|-heal|p1a: Weezing|100/100|[from] item: Leftovers
|-damage|p2a: Skarmory|80/100 brn|[from] brn
|upkeep
|turn|5
|
|t:|1743884596
|move|p2a: Skarmory|Spikes|p1a: Weezing
|-sidestart|p1: Rocktar Made|Spikes
|move|p1a: Weezing|Defog|p2a: Skarmory
|-unboost|p2a: Skarmory|evasion|1
|-sideend|p1: Rocktar Made|Spikes|[from] move: Defog|[of] p1a: Weezing
|
|-weather|Sandstorm|[upkeep]
|-damage|p1a: Weezing|95/100|[from] Sandstorm
|-heal|p1a: Weezing|100/100|[from] item: Leftovers
|-damage|p2a: Skarmory|74/100 brn|[from] brn
|upkeep
|turn|6
|
|t:|1743884600
|move|p2a: Skarmory|Spikes|p1a: Weezing
|-sidestart|p1: Rocktar Made|Spikes
|move|p1a: Weezing|Strange Steam|p2a: Skarmory
|-resisted|p2a: Skarmory
|-damage|p2a: Skarmory|61/100 brn
|
|-weather|Sandstorm|[upkeep]
|-damage|p1a: Weezing|95/100|[from] Sandstorm
|-heal|p1a: Weezing|100/100|[from] item: Leftovers
|-damage|p2a: Skarmory|55/100 brn|[from] brn
|upkeep
|turn|7
|
|t:|1743884603
|move|p2a: Skarmory|Roost|p2a: Skarmory
|-heal|p2a: Skarmory|100/100 brn
|-singleturn|p2a: Skarmory|move: Roost
|move|p1a: Weezing|Defog|p2a: Skarmory
|-unboost|p2a: Skarmory|evasion|1
|-sideend|p1: Rocktar Made|Spikes|[from] move: Defog|[of] p1a: Weezing
|
|-weather|Sandstorm|[upkeep]
|-damage|p1a: Weezing|95/100|[from] Sandstorm
|-heal|p1a: Weezing|100/100|[from] item: Leftovers
|-damage|p2a: Skarmory|95/100 brn|[from] brn
|upkeep
|turn|8
|
|t:|1743884606
|move|p2a: Skarmory|Spikes|p1a: Weezing
|-sidestart|p1: Rocktar Made|Spikes
|move|p1a: Weezing|Strange Steam|p2a: Skarmory
|-resisted|p2a: Skarmory
|-damage|p2a: Skarmory|83/100 brn
|
|-weather|none
|-damage|p2a: Skarmory|77/100 brn|[from] brn
|upkeep
|turn|9
|
|t:|1743884610
|move|p2a: Skarmory|Spikes|p1a: Weezing
|-sidestart|p1: Rocktar Made|Spikes
|move|p1a: Weezing|Defog|p2a: Skarmory
|-unboost|p2a: Skarmory|evasion|1
|-sideend|p1: Rocktar Made|Spikes|[from] move: Defog|[of] p1a: Weezing
|
|-damage|p2a: Skarmory|71/100 brn|[from] brn
|upkeep
|turn|10
|
|t:|1743884612
|-end|p1a: Weezing|ability: Neutralizing Gas
|switch|p1a: Thundurus|Thundurus-Therian, M|94/100
|move|p2a: Skarmory|Spikes|p1a: Thundurus
|-sidestart|p1: Rocktar Made|Spikes
|
|-damage|p2a: Skarmory|65/100 brn|[from] brn
|upkeep
|turn|11
|
|t:|1743884616
|switch|p2a: Tyranitar|Tyranitar, F, shiny|79/100
|-weather|Sandstorm|[from] ability: Sand Stream|[of] p2a: Tyranitar
|move|p1a: Thundurus|Knock Off|p2a: Tyranitar
|-resisted|p2a: Tyranitar
|-damage|p2a: Tyranitar|71/100
|-enditem|p2a: Tyranitar|Smooth Rock|[from] move: Knock Off|[of] p1a: Thundurus
|
|-weather|Sandstorm|[upkeep]
|-damage|p1a: Thundurus|88/100|[from] Sandstorm
|upkeep
|turn|12
|
|t:|1743884621
|switch|p1a: Weezing|Weezing-Galar, M|100/100
|-ability|p1a: Weezing|Neutralizing Gas
|-damage|p1a: Weezing|88/100|[from] Spikes
|move|p2a: Tyranitar|Knock Off|p1a: Weezing
|-resisted|p1a: Weezing
|-damage|p1a: Weezing|75/100
|-enditem|p1a: Weezing|Leftovers|[from] move: Knock Off|[of] p2a: Tyranitar
|
|-weather|Sandstorm|[upkeep]
|-damage|p1a: Weezing|69/100|[from] Sandstorm
|upkeep
|turn|13
|
|t:|1743884625
|switch|p2a: Keldeo|Keldeo-Resolute|100/100
|move|p1a: Weezing|Defog|p2a: Keldeo
|-unboost|p2a: Keldeo|evasion|1
|-sideend|p1: Rocktar Made|Spikes|[from] move: Defog|[of] p1a: Weezing
|
|-weather|Sandstorm|[upkeep]
|-damage|p2a: Keldeo|94/100|[from] Sandstorm
|-damage|p1a: Weezing|63/100|[from] Sandstorm
|upkeep
|turn|14
|
|t:|1743884631
|switch|p2a: Tornadus|Tornadus-Therian, M|100/100
|-end|p1a: Weezing|ability: Neutralizing Gas
|switch|p1a: Alomomola|Alomomola, M|100/100
|
|-weather|Sandstorm|[upkeep]
|-damage|p2a: Tornadus|95/100|[from] Sandstorm
|-damage|p1a: Alomomola|94/100|[from] Sandstorm
|upkeep
|turn|15
|
|t:|1743884635
|move|p2a: Tornadus|Nasty Plot|p2a: Tornadus
|-boost|p2a: Tornadus|spa|2
|move|p1a: Alomomola|Flip Turn|p2a: Tornadus
|-damage|p2a: Tornadus|71/100
|
|t:|1743884638
|switch|p1a: Scizor|Scizor, F|100/100|[from] Flip Turn
|
|-weather|Sandstorm|[upkeep]
|-damage|p2a: Tornadus|65/100|[from] Sandstorm
|upkeep
|turn|16
|
|t:|1743884642
|-terastallize|p2a: Tornadus|Steel
|move|p1a: Scizor|Bullet Punch|p2a: Tornadus
|-resisted|p2a: Tornadus
|-damage|p2a: Tornadus|31/100
|move|p2a: Tornadus|Heat Wave|p1a: Scizor
|-supereffective|p1a: Scizor
|-damage|p1a: Scizor|0 fnt
|faint|p1a: Scizor
|
|-weather|Sandstorm|[upkeep]
|upkeep
|
|t:|1743884646
|switch|p1a: Zamazenta|Zamazenta|100/100
|-ability|p1a: Zamazenta|Dauntless Shield|boost
|-boost|p1a: Zamazenta|def|1
|turn|17
|
|t:|1743884650
|switch|p2a: Mandibuzz|Mandibuzz, F|100/100
|move|p1a: Zamazenta|Crunch|p2a: Mandibuzz
|-resisted|p2a: Mandibuzz
|-damage|p2a: Mandibuzz|91/100
|-damage|p1a: Zamazenta|91/100|[from] item: Life Orb
|
|-weather|Sandstorm|[upkeep]
|-damage|p1a: Zamazenta|84/100|[from] Sandstorm
|upkeep
|turn|18
|
|t:|1743884656
|switch|p1a: Thundurus|Thundurus-Therian, M|88/100
|move|p2a: Mandibuzz|Toxic|p1a: Thundurus
|-status|p1a: Thundurus|tox
|
|-weather|none
|-damage|p1a: Thundurus|82/100 tox|[from] psn
|upkeep
|turn|19
|
|t:|1743884662
|switch|p2a: Skarmory|Skarmory, M|65/100 brn
|move|p1a: Thundurus|U-turn|p2a: Skarmory
|-resisted|p2a: Skarmory
|-damage|p2a: Skarmory|62/100 brn
|
|t:|1743884666
|switch|p1a: Weezing|Weezing-Galar, M|63/100|[from] U-turn
|-ability|p1a: Weezing|Neutralizing Gas
|
|-damage|p2a: Skarmory|56/100 brn|[from] brn
|upkeep
|turn|20
|
|t:|1743884669
|-end|p1a: Weezing|ability: Neutralizing Gas
|switch|p1a: Thundurus|Thundurus-Therian, M|82/100 tox
|move|p2a: Skarmory|Spikes|p1a: Thundurus
|-sidestart|p1: Rocktar Made|Spikes
|
|-damage|p1a: Thundurus|76/100 tox|[from] psn
|-damage|p2a: Skarmory|50/100 brn|[from] brn
|upkeep
|turn|21
|
|t:|1743884674
|switch|p2a: Excadrill|Excadrill, F|100/100
|move|p1a: Thundurus|Thunderbolt|p2a: Excadrill
|-immune|p2a: Excadrill
|
|-damage|p1a: Thundurus|64/100 tox|[from] psn
|upkeep
|turn|22
|j| theluckywins
|inactive|a jellyfish has 120 seconds left.
|
|t:|1743884705
|move|p1a: Thundurus|Thunderbolt|p2a: Excadrill
|-immune|p2a: Excadrill
|move|p2a: Excadrill|Earthquake|p1a: Thundurus
|-immune|p1a: Thundurus
|
|-damage|p1a: Thundurus|46/100 tox|[from] psn
|upkeep
|turn|23
|inactive|a jellyfish has 120 seconds left.
|
|t:|1743884717
|move|p1a: Thundurus|Thunderbolt|p2a: Excadrill
|-immune|p2a: Excadrill
|move|p2a: Excadrill|Swords Dance|p2a: Excadrill
|-boost|p2a: Excadrill|atk|2
|
|-damage|p1a: Thundurus|22/100 tox|[from] psn
|upkeep
|turn|24
|
|t:|1743884720
|move|p1a: Thundurus|Thunderbolt|p2a: Excadrill
|-immune|p2a: Excadrill
|move|p2a: Excadrill|Rapid Spin|p1a: Thundurus
|-crit|p1a: Thundurus
|-damage|p1a: Thundurus|0 fnt
|-boost|p2a: Excadrill|spe|1
|faint|p1a: Thundurus
|
|upkeep
|
|t:|1743884727
|switch|p1a: Zamazenta|Zamazenta|84/100
|-damage|p1a: Zamazenta|72/100|[from] Spikes
|turn|25
|
|t:|1743884730
|move|p2a: Excadrill|Earthquake|p1a: Zamazenta
|-damage|p1a: Zamazenta|0 fnt
|faint|p1a: Zamazenta
|
|upkeep
|-message|Rocktar Made forfeited.
|
|win|a jellyfish
|raw|Rocktar Made's rating: 1854 &rarr; <strong>1832</strong><br />(-22 for losing)
|raw|a jellyfish's rating: 1819 &rarr; <strong>1841</strong><br />(+22 for winning)
|l|☆Rocktar Made
|player|p1|
|l| theluckywins
|l|☆a jellyfish
|player|p2|
