|j|☆ch1ck3n nu99ets
|j|☆krukz
|t:|1743831086
|gametype|singles
|player|p1|ch1ck3n nu99ets|169|1539
|player|p2|krukz|2|1454
|teamsize|p1|6
|teamsize|p2|6
|gen|9
|tier|[Gen 9] OU
|rated|
|rule|HP Percentage Mod: HP is shown in percentages
|rule|Endless Battle Clause: Forcing endless battles is banned
|rule|Species Clause: Limit one of each Pokémon
|rule|OHKO Clause: OHKO moves are banned
|rule|Evasion Items Clause: Evasion items are banned
|rule|Evasion Moves Clause: Evasion moves are banned
|rule|Sleep Moves Clause: Sleep-inducing moves are banned
|clearpoke
|poke|p1|Charizard, M|
|poke|p1|Ninetales, F|
|poke|p1|Hatterene, F|
|poke|p1|Walking Wake|
|poke|p1|Great Tusk|
|poke|p1|Venusaur, F|
|poke|p2|Samurott-Hisui, M|
|poke|p2|Slowking-Galar, M|
|poke|p2|Gholdengo|
|poke|p2|Zamazenta-*|
|poke|p2|Clefable, F|
|poke|p2|Ogerpon-Wellspring, F|
|teampreview
|inactive|Battle timer is ON: inactive players will automatically lose when time's up. (requested by ch1ck3n nu99ets)
|
|t:|1743831102
|start
|switch|p1a: Ninetales|Ninetales, F|100/100
|switch|p2a: Clefable|Clefable, F|100/100
|-weather|SunnyDay|[from] ability: Drought|[of] p1a: Ninetales
|turn|1
|
|t:|1743831114
|switch|p1a: Charizard|Charizard, M|100/100
|move|p2a: Clefable|Knock Off|p1a: Charizard
|-damage|p1a: Charizard|79/100
|-enditem|p1a: Charizard|Choice Scarf|[from] move: Knock Off|[of] p2a: Clefable
|
|-weather|SunnyDay|[upkeep]
|-damage|p1a: Charizard|67/100|[from] ability: Solar Power|[of] p1a: Charizard
|upkeep
|turn|2
|inactive|krukz has 120 seconds left.
|
|t:|1743831162
|move|p1a: Charizard|Overheat|p2a: Clefable
|-damage|p2a: Clefable|0 fnt
|-unboost|p1a: Charizard|spa|2
|faint|p2a: Clefable
|
|-weather|SunnyDay|[upkeep]
|-damage|p1a: Charizard|54/100|[from] ability: Solar Power|[of] p1a: Charizard
|upkeep
|
|t:|1743831181
|switch|p2a: Samurott|Samurott-Hisui, M|100/100
|turn|3
|
|t:|1743831196
|move|p1a: Charizard|Solar Beam||[still]
|-prepare|p1a: Charizard|Solar Beam
|-anim|p1a: Charizard|Solar Beam|p2a: Samurott
|-supereffective|p2a: Samurott
|-damage|p2a: Samurott|24/100
|move|p2a: Samurott|Ceaseless Edge|p1a: Charizard
|-damage|p1a: Charizard|0 fnt
|-sidestart|p1: ch1ck3n nu99ets|Spikes
|faint|p1a: Charizard
|
|-weather|SunnyDay|[upkeep]
|upkeep
|inactive|ch1ck3n nu99ets has 120 seconds left.
|
|t:|1743831222
|switch|p1a: Great Tusk|Great Tusk|100/100
|-damage|p1a: Great Tusk|88/100|[from] Spikes
|-activate|p1a: Great Tusk|ability: Protosynthesis
|-start|p1a: Great Tusk|protosynthesisspe
|turn|4
|
|t:|1743831228
|switch|p2a: Gholdengo|Gholdengo|100/100
|-item|p2a: Gholdengo|Air Balloon
|move|p1a: Great Tusk|Rapid Spin|p2a: Gholdengo
|-immune|p2a: Gholdengo
|
|-weather|SunnyDay|[upkeep]
|upkeep
|turn|5
|
|t:|1743831234
|move|p1a: Great Tusk|Knock Off|p2a: Gholdengo
|-supereffective|p2a: Gholdengo
|-damage|p2a: Gholdengo|63/100
|-enditem|p2a: Gholdengo|Air Balloon
|move|p2a: Gholdengo|Make It Rain|p1a: Great Tusk
|-damage|p1a: Great Tusk|15/100
|-unboost|p2a: Gholdengo|spa|1
|
|-weather|SunnyDay|[upkeep]
|upkeep
|turn|6
|
|t:|1743831242
|move|p1a: Great Tusk|Headlong Rush|p2a: Gholdengo
|-supereffective|p2a: Gholdengo
|-damage|p2a: Gholdengo|0 fnt
|-unboost|p1a: Great Tusk|def|1
|-unboost|p1a: Great Tusk|spd|1
|-enditem|p1a: Great Tusk|Eject Pack
|faint|p2a: Gholdengo
|
|t:|1743831251
|-end|p1a: Great Tusk|Protosynthesis|[silent]
|switch|p1a: Hatterene|Hatterene, F|100/100
|-damage|p1a: Hatterene|88/100|[from] Spikes
|
|-weather|SunnyDay|[upkeep]
|upkeep
|
|t:|1743831257
|switch|p2a: Slowking|Slowking-Galar, M|100/100
|turn|7
|
|t:|1743831266
|move|p1a: Hatterene|Nuzzle|p2a: Slowking
|-damage|p2a: Slowking|96/100
|-status|p2a: Slowking|par
|cant|p2a: Slowking|par
|
|-weather|SunnyDay|[upkeep]
|upkeep
|turn|8
|
|t:|1743831275
|move|p1a: Hatterene|Healing Wish|p1a: Hatterene
|faint|p1a: Hatterene
|move|p2a: Slowking|Sludge Bomb|p1: Hatterene|[notarget]
|-fail|p2a: Slowking
|
|-weather|none
|upkeep
|
|t:|1743831281
|switch|p1a: Ninetales|Ninetales, F|100/100
|-damage|p1a: Ninetales|88/100|[from] Spikes
|-weather|SunnyDay|[from] ability: Drought|[of] p1a: Ninetales
|turn|9
|
|t:|1743831290
|switch|p1a: Great Tusk|Great Tusk|15/100
|-heal|p1a: Great Tusk|100/100|[from] move: Healing Wish
|-damage|p1a: Great Tusk|88/100|[from] Spikes
|-activate|p1a: Great Tusk|ability: Protosynthesis
|-start|p1a: Great Tusk|protosynthesisspe
|-prepare|p2a: Slowking|Chilly Reception|[premajor]
|move|p2a: Slowking|Chilly Reception|p2a: Slowking
|-weather|Snowscape
|-end|p1a: Great Tusk|Protosynthesis
|
|t:|1743831297
|switch|p2a: Ogerpon|Ogerpon-Wellspring, F|100/100|[from] Chilly Reception
|
|-weather|Snowscape|[upkeep]
|upkeep
|turn|10
|
|t:|1743831303
|move|p2a: Ogerpon|Power Whip|p1a: Great Tusk
|-supereffective|p1a: Great Tusk
|-damage|p1a: Great Tusk|1/100
|move|p1a: Great Tusk|Rapid Spin|p2a: Ogerpon
|-damage|p2a: Ogerpon|83/100
|-boost|p1a: Great Tusk|spe|1
|-sideend|p1: ch1ck3n nu99ets|Spikes|[from] move: Rapid Spin|[of] p1a: Great Tusk
|
|-weather|Snowscape|[upkeep]
|upkeep
|turn|11
|
|t:|1743831325
|move|p1a: Great Tusk|Close Combat|p2a: Ogerpon
|-damage|p2a: Ogerpon|13/100
|-unboost|p1a: Great Tusk|def|1
|-unboost|p1a: Great Tusk|spd|1
|move|p2a: Ogerpon|Ivy Cudgel|p1a: Great Tusk|[anim] Ivy Cudgel Water
|-supereffective|p1a: Great Tusk
|-damage|p1a: Great Tusk|0 fnt
|faint|p1a: Great Tusk
|-end|p1a: Great Tusk|Protosynthesis|[silent]
|
|-weather|Snowscape|[upkeep]
|upkeep
|
|t:|1743831329
|switch|p1a: Ninetales|Ninetales, F|88/100
|-weather|SunnyDay|[from] ability: Drought|[of] p1a: Ninetales
|turn|12
|
|t:|1743831337
|switch|p2a: Slowking|Slowking-Galar, M|100/100 par
|move|p1a: Ninetales|Weather Ball|p2a: Slowking
|-damage|p2a: Slowking|73/100 par
|
|-weather|SunnyDay|[upkeep]
|upkeep
|turn|13
|
|t:|1743831344
|switch|p1a: Walking Wake|Walking Wake|100/100
|-activate|p1a: Walking Wake|ability: Protosynthesis
|-start|p1a: Walking Wake|protosynthesisspe
|-prepare|p2a: Slowking|Chilly Reception|[premajor]
|move|p2a: Slowking|Chilly Reception|p2a: Slowking
|-weather|Snowscape
|-end|p1a: Walking Wake|Protosynthesis
|
|t:|1743831365
|switch|p2a: Ogerpon|Ogerpon-Wellspring, F|13/100|[from] Chilly Reception
|
|-weather|Snowscape|[upkeep]
|upkeep
|turn|14
|
|t:|1743831368
|move|p2a: Ogerpon|Play Rough|p1a: Walking Wake
|-supereffective|p1a: Walking Wake
|-damage|p1a: Walking Wake|28/100
|move|p1a: Walking Wake|Flamethrower|p2a: Ogerpon
|-damage|p2a: Ogerpon|0 fnt
|faint|p2a: Ogerpon
|
|-weather|Snowscape|[upkeep]
|upkeep
|
|t:|1743831381
|switch|p2a: Slowking|Slowking-Galar, M|100/100 par
|turn|15
|
|t:|1743831385
|-end|p1a: Walking Wake|Protosynthesis|[silent]
|switch|p1a: Ninetales|Ninetales, F|88/100
|-weather|SunnyDay|[from] ability: Drought|[of] p1a: Ninetales
|move|p2a: Slowking|Sludge Bomb|p1a: Ninetales
|-damage|p1a: Ninetales|58/100
|
|-weather|SunnyDay|[upkeep]
|upkeep
|turn|16
|
|t:|1743831390
|move|p1a: Ninetales|Encore|p2a: Slowking
|-start|p2a: Slowking|Encore
|move|p2a: Slowking|Sludge Bomb|p1a: Ninetales
|-damage|p1a: Ninetales|22/100
|-status|p1a: Ninetales|psn
|
|-weather|SunnyDay|[upkeep]
|-damage|p1a: Ninetales|10/100 psn|[from] psn
|upkeep
|turn|17
|
|t:|1743831394
|switch|p2a: Samurott|Samurott-Hisui, M|24/100
|move|p1a: Ninetales|Healing Wish|p1a: Ninetales
|faint|p1a: Ninetales
|
|-weather|SunnyDay|[upkeep]
|upkeep
|
|t:|1743831405
|switch|p1a: Venusaur|Venusaur, F|100/100
|turn|18
|
|t:|1743831413
|move|p1a: Venusaur|Giga Drain|p2a: Samurott
|-supereffective|p2a: Samurott
|-damage|p2a: Samurott|0 fnt
|faint|p2a: Samurott
|-damage|p1a: Venusaur|91/100|[from] item: Life Orb
|
|-weather|SunnyDay|[upkeep]
|upkeep
|
|t:|1743831418
|switch|p2a: Slowking|Slowking-Galar, M|100/100 par
|turn|19
|
|t:|1743831423
|move|p1a: Venusaur|Growth|p1a: Venusaur
|-boost|p1a: Venusaur|atk|2
|-boost|p1a: Venusaur|spa|2
|move|p2a: Slowking|Future Sight|p1a: Venusaur
|-start|p2a: Slowking|move: Future Sight
|
|-weather|SunnyDay|[upkeep]
|upkeep
|turn|20
|
|t:|1743831444
|-terastallize|p1a: Venusaur|Ground
|-terastallize|p2a: Slowking|Water
|move|p1a: Venusaur|Earth Power|p2a: Slowking
|-damage|p2a: Slowking|33/100 par
|-damage|p1a: Venusaur|81/100|[from] item: Life Orb
|move|p2a: Slowking|Sludge Bomb|p1a: Venusaur
|-resisted|p1a: Venusaur
|-damage|p1a: Venusaur|61/100
|
|-weather|SunnyDay|[upkeep]
|upkeep
|turn|21
|
|t:|1743831456
|move|p1a: Venusaur|Substitute|p1a: Venusaur
|-start|p1a: Venusaur|Substitute
|-damage|p1a: Venusaur|36/100
|move|p2a: Slowking|Sludge Bomb|p1a: Venusaur
|-resisted|p1a: Venusaur
|-activate|p1a: Venusaur|move: Substitute|[damage]
|
|-weather|SunnyDay|[upkeep]
|-end|p1a: Venusaur|move: Future Sight
|-end|p1a: Venusaur|Substitute
|upkeep
|turn|22
|
|t:|1743831463
|move|p1a: Venusaur|Substitute|p1a: Venusaur
|-start|p1a: Venusaur|Substitute
|-damage|p1a: Venusaur|11/100
|move|p2a: Slowking|Sludge Bomb|p1a: Venusaur
|-resisted|p1a: Venusaur
|-activate|p1a: Venusaur|move: Substitute|[damage]
|
|-weather|none
|upkeep
|turn|23
|
|t:|1743831468
|move|p1a: Venusaur|Giga Drain|p2a: Slowking
|-supereffective|p2a: Slowking
|-damage|p2a: Slowking|0 fnt
|-heal|p1a: Venusaur|33/100|[from] drain|[of] p2a: Slowking
|faint|p2a: Slowking
|-damage|p1a: Venusaur|23/100|[from] item: Life Orb
|
|upkeep
|
|t:|1743831471
|switch|p2a: Zamazenta|Zamazenta|100/100
|-ability|p2a: Zamazenta|Dauntless Shield|boost
|-boost|p2a: Zamazenta|def|1
|turn|24
|
|t:|1743831475
|move|p2a: Zamazenta|Crunch|p1a: Venusaur
|-end|p1a: Venusaur|Substitute
|move|p1a: Venusaur|Giga Drain|p2a: Zamazenta
|-damage|p2a: Zamazenta|20/100
|-heal|p1a: Venusaur|67/100|[from] drain|[of] p2a: Zamazenta
|-damage|p1a: Venusaur|57/100|[from] item: Life Orb
|
|upkeep
|turn|25
|
|t:|1743831484
|move|p2a: Zamazenta|Close Combat|p1a: Venusaur
|-damage|p1a: Venusaur|0 fnt
|-unboost|p2a: Zamazenta|def|1
|-unboost|p2a: Zamazenta|spd|1
|faint|p1a: Venusaur
|
|upkeep
|
|t:|1743831487
|switch|p1a: Walking Wake|Walking Wake|28/100
|-heal|p1a: Walking Wake|100/100|[from] move: Healing Wish
|turn|26
|
|t:|1743831495
|move|p2a: Zamazenta|Close Combat|p1a: Walking Wake
|-damage|p1a: Walking Wake|41/100
|-unboost|p2a: Zamazenta|def|1
|-unboost|p2a: Zamazenta|spd|1
|move|p1a: Walking Wake|Hydro Steam|p2a: Zamazenta
|-damage|p2a: Zamazenta|0 fnt
|faint|p2a: Zamazenta
|
|win|ch1ck3n nu99ets
|raw|ch1ck3n nu99ets's rating: 1539 &rarr; <strong>1554</strong><br />(+15 for winning)
|raw|krukz's rating: 1454 &rarr; <strong>1439</strong><br />(-15 for losing)
|l|☆ch1ck3n nu99ets
|player|p1|
|l|☆krukz
|player|p2|
