|j|☆hagagaagagaghahi
|j|☆staaarz
|t:|1743870091
|gametype|singles
|player|p1|hagagaagagaghahi|janitor|1518
|player|p2|staaarz|petrel|1477
|teamsize|p1|6
|teamsize|p2|6
|gen|9
|tier|[Gen 9] OU
|rated|
|rule|HP Percentage Mod: HP is shown in percentages
|rule|Endless Battle Clause: Forcing endless battles is banned
|rule|Species Clause: Limit one of each Pokémon
|rule|OHKO Clause: OHKO moves are banned
|rule|Evasion Items Clause: Evasion items are banned
|rule|Evasion Moves Clause: Evasion moves are banned
|rule|Sleep Moves Clause: Sleep-inducing moves are banned
|clearpoke
|poke|p1|Cinderace, M|
|poke|p1|Landorus-Therian, M|
|poke|p1|Hatterene, F|
|poke|p1|Darkrai|
|poke|p1|Kyurem|
|poke|p1|Iron Valiant|
|poke|p2|Blissey, F|
|poke|p2|Dondozo, F|
|poke|p2|Clodsire, F|
|poke|p2|Toxapex, M|
|poke|p2|Corviknight, M|
|poke|p2|Gliscor, F|
|teampreview
|
|t:|1743870132
|start
|switch|p1a: Kyurem|Kyurem|100/100
|switch|p2a: Gliscor|Gliscor, F|100/100
|-ability|p1a: Kyurem|Pressure
|turn|1
|inactive|Battle timer is ON: inactive players will automatically lose when time's up. (requested by hagagaagagaghahi)
|
|t:|1743870148
|move|p2a: Gliscor|Protect|p2a: Gliscor
|-singleturn|p2a: Gliscor|Protect
|move|p1a: Kyurem|Dragon Dance|p1a: Kyurem
|-boost|p1a: Kyurem|atk|1
|-boost|p1a: Kyurem|spe|1
|
|-status|p2a: Gliscor|tox|[from] item: Toxic Orb
|upkeep
|turn|2
|
|t:|1743870167
|switch|p2a: Dondozo|Dondozo, F|100/100
|move|p1a: Kyurem|Icicle Spear|p2a: Dondozo
|-resisted|p2a: Dondozo
|-crit|p2a: Dondozo
|-damage|p2a: Dondozo|96/100
|-resisted|p2a: Dondozo
|-damage|p2a: Dondozo|93/100
|-resisted|p2a: Dondozo
|-damage|p2a: Dondozo|91/100
|-resisted|p2a: Dondozo
|-damage|p2a: Dondozo|88/100
|-resisted|p2a: Dondozo
|-damage|p2a: Dondozo|85/100
|-hitcount|p2a: Dondozo|5
|
|upkeep
|turn|3
|
|t:|1743870182
|switch|p1a: Hatterene|Hatterene, F|100/100
|move|p2a: Dondozo|Curse|p2a: Dondozo
|-unboost|p2a: Dondozo|spe|1
|-boost|p2a: Dondozo|atk|1
|-boost|p2a: Dondozo|def|1
|
|upkeep
|turn|4
|
|t:|1743870193
|switch|p2a: Gliscor|Gliscor, F|100/100 tox
|move|p1a: Hatterene|Psychic Noise|p2a: Gliscor
|-damage|p2a: Gliscor|60/100 tox
|-start|p2a: Gliscor|move: Heal Block
|
|upkeep
|turn|5
|
|t:|1743870213
|move|p2a: Gliscor|Protect|p2a: Gliscor
|-singleturn|p2a: Gliscor|Protect
|move|p1a: Hatterene|Psychic Noise|p2a: Gliscor
|-activate|p2a: Gliscor|move: Protect
|
|-end|p2a: Gliscor|move: Heal Block
|upkeep
|turn|6
|
|t:|1743870219
|move|p2a: Gliscor|Knock Off|p1a: Hatterene
|-damage|p1a: Hatterene|82/100
|-damage|p2a: Gliscor|43/100 tox|[from] item: Rocky Helmet|[of] p1a: Hatterene
|-enditem|p1a: Hatterene|Rocky Helmet|[from] move: Knock Off|[of] p2a: Gliscor
|move|p1a: Hatterene|Psychic Noise|p2a: Gliscor
|-damage|p2a: Gliscor|0 fnt
|faint|p2a: Gliscor
|
|upkeep
|
|t:|1743870240
|switch|p2a: Clodsire|Clodsire, F|100/100
|turn|7
|
|t:|1743870267
|-terastallize|p2a: Clodsire|Steel
|move|p1a: Hatterene|Psychic Noise|p2a: Clodsire
|-resisted|p2a: Clodsire
|-damage|p2a: Clodsire|91/100
|-start|p2a: Clodsire|move: Heal Block
|move|p2a: Clodsire|Poison Jab|p1a: Hatterene
|-supereffective|p1a: Hatterene
|-damage|p1a: Hatterene|42/100
|-status|p1a: Hatterene|psn
|
|-damage|p1a: Hatterene|29/100 psn|[from] psn
|upkeep
|turn|8
|
|t:|1743870277
|switch|p1a: Landorus|Landorus-Therian, M|100/100
|-ability|p1a: Landorus|Intimidate|boost
|-unboost|p2a: Clodsire|atk|1
|move|p2a: Clodsire|Poison Jab|p1a: Landorus
|-resisted|p1a: Landorus
|-damage|p1a: Landorus|94/100
|-status|p1a: Landorus|psn
|-damage|p2a: Clodsire|74/100|[from] item: Rocky Helmet|[of] p1a: Landorus
|
|-damage|p1a: Landorus|81/100 psn|[from] psn
|-end|p2a: Clodsire|move: Heal Block
|upkeep
|turn|9
|inactive|hagagaagagaghahi has 120 seconds left.
|
|t:|1743870295
|switch|p2a: Dondozo|Dondozo, F|85/100
|move|p1a: Landorus|U-turn|p2a: Dondozo
|-damage|p2a: Dondozo|76/100
|inactive|hagagaagagaghahi has 120 seconds left.
|
|t:|1743870303
|switch|p1a: Darkrai|Darkrai|100/100|[from] U-turn
|
|upkeep
|turn|10
|inactive|hagagaagagaghahi has 120 seconds left.
|
|t:|1743870320
|switch|p1a: Kyurem|Kyurem|100/100
|-ability|p1a: Kyurem|Pressure
|switch|p2a: Blissey|Blissey, F|100/100
|
|upkeep
|turn|11
|inactive|hagagaagagaghahi has 120 seconds left.
|
|t:|1743870328
|switch|p2a: Clodsire|Clodsire, F, tera:Steel|74/100
|move|p1a: Kyurem|Substitute|p1a: Kyurem
|-start|p1a: Kyurem|Substitute
|-damage|p1a: Kyurem|76/100
|
|upkeep
|turn|12
|inactive|hagagaagagaghahi has 120 seconds left.
|
|t:|1743870342
|move|p1a: Kyurem|Dragon Dance|p1a: Kyurem
|-boost|p1a: Kyurem|atk|1
|-boost|p1a: Kyurem|spe|1
|move|p2a: Clodsire|Stealth Rock|p1a: Kyurem
|-sidestart|p1: hagagaagagaghahi|move: Stealth Rock
|
|upkeep
|turn|13
|inactive|hagagaagagaghahi has 120 seconds left.
|
|t:|1743870356
|switch|p2a: Dondozo|Dondozo, F|76/100
|move|p1a: Kyurem|Dragon Dance|p1a: Kyurem
|-boost|p1a: Kyurem|atk|1
|-boost|p1a: Kyurem|spe|1
|
|upkeep
|turn|14
|
|t:|1743870364
|-terastallize|p1a: Kyurem|Electric
|move|p1a: Kyurem|Tera Blast|p2a: Dondozo|[anim] Tera Blast Electric
|-supereffective|p2a: Dondozo
|-damage|p2a: Dondozo|41/100
|move|p2a: Dondozo|Curse|p2a: Dondozo
|-unboost|p2a: Dondozo|spe|1
|-boost|p2a: Dondozo|atk|1
|-boost|p2a: Dondozo|def|1
|
|upkeep
|turn|15
|
|t:|1743870373
|move|p1a: Kyurem|Tera Blast|p2a: Dondozo|[anim] Tera Blast Electric
|-supereffective|p2a: Dondozo
|-damage|p2a: Dondozo|17/100
|move|p2a: Dondozo|Rest|p2a: Dondozo
|-status|p2a: Dondozo|slp|[from] move: Rest
|-heal|p2a: Dondozo|100/100 slp|[silent]
|
|upkeep
|turn|16
|
|t:|1743870383
|move|p1a: Kyurem|Tera Blast|p2a: Dondozo|[anim] Tera Blast Electric
|-supereffective|p2a: Dondozo
|-damage|p2a: Dondozo|75/100 slp
|cant|p2a: Dondozo|slp
|move|p2a: Dondozo|Sleep Talk|p2a: Dondozo
|move|p2a: Dondozo|Curse|p2a: Dondozo|[from] move: Sleep Talk
|-unboost|p2a: Dondozo|spe|1
|-boost|p2a: Dondozo|atk|1
|-boost|p2a: Dondozo|def|1
|
|upkeep
|turn|17
|
|t:|1743870390
|move|p1a: Kyurem|Tera Blast|p2a: Dondozo|[anim] Tera Blast Electric
|-supereffective|p2a: Dondozo
|-damage|p2a: Dondozo|55/100 slp
|cant|p2a: Dondozo|slp
|move|p2a: Dondozo|Sleep Talk|p2a: Dondozo
|move|p2a: Dondozo|Curse|p2a: Dondozo|[from] move: Sleep Talk
|-unboost|p2a: Dondozo|spe|1
|-boost|p2a: Dondozo|atk|1
|-boost|p2a: Dondozo|def|1
|
|upkeep
|turn|18
|
|t:|1743870415
|move|p1a: Kyurem|Tera Blast|p2a: Dondozo|[anim] Tera Blast Electric
|-supereffective|p2a: Dondozo
|-damage|p2a: Dondozo|42/100 slp
|-curestatus|p2a: Dondozo|slp|[msg]
|move|p2a: Dondozo|Waterfall|p1a: Kyurem
|-end|p1a: Kyurem|Substitute
|
|upkeep
|turn|19
|
|t:|1743870431
|switch|p1a: Darkrai|Darkrai|100/100
|-damage|p1a: Darkrai|88/100|[from] Stealth Rock
|move|p2a: Dondozo|Waterfall|p1a: Darkrai
|-damage|p1a: Darkrai|3/100
|
|upkeep
|turn|20
|
|t:|1743870446
|switch|p2a: Blissey|Blissey, F|100/100
|move|p1a: Darkrai|Nasty Plot|p1a: Darkrai
|-boost|p1a: Darkrai|spa|2
|
|upkeep
|turn|21
|
|t:|1743870459
|move|p1a: Darkrai|Dark Pulse|p2a: Blissey
|-damage|p2a: Blissey|74/100
|move|p2a: Blissey|Seismic Toss|p1a: Darkrai
|-damage|p1a: Darkrai|0 fnt
|faint|p1a: Darkrai
|
|upkeep
|inactive|hagagaagagaghahi has 120 seconds left.
|
|t:|1743870487
|switch|p1a: Kyurem|Kyurem, tera:Electric|76/100
|-damage|p1a: Kyurem|63/100|[from] Stealth Rock
|-ability|p1a: Kyurem|Pressure
|turn|22
|
|t:|1743870497
|switch|p2a: Clodsire|Clodsire, F, tera:Steel|74/100
|move|p1a: Kyurem|Tera Blast|p2a: Clodsire|[anim] Tera Blast Electric
|-damage|p2a: Clodsire|32/100
|
|upkeep
|turn|23
|
|t:|1743870512
|switch|p2a: Corviknight|Corviknight, M|100/100
|-ability|p2a: Corviknight|Pressure
|move|p1a: Kyurem|Substitute|p1a: Kyurem
|-start|p1a: Kyurem|Substitute
|-damage|p1a: Kyurem|38/100
|
|upkeep
|turn|24
|inactive|hagagaagagaghahi has 120 seconds left.
|
|t:|1743870519
|move|p1a: Kyurem|Tera Blast|p2a: Corviknight|[anim] Tera Blast Electric
|-supereffective|p2a: Corviknight
|-damage|p2a: Corviknight|40/100
|move|p2a: Corviknight|Iron Defense|p2a: Corviknight
|-boost|p2a: Corviknight|def|2
|
|upkeep
|turn|25
|inactive|hagagaagagaghahi has 120 seconds left.
|
|t:|1743870536
|move|p1a: Kyurem|Tera Blast|p2a: Corviknight|[anim] Tera Blast Electric
|-supereffective|p2a: Corviknight
|-damage|p2a: Corviknight|10/100
|move|p2a: Corviknight|Roost|p2a: Corviknight
|-heal|p2a: Corviknight|60/100
|-singleturn|p2a: Corviknight|move: Roost
|
|upkeep
|turn|26
|inactive|hagagaagagaghahi has 120 seconds left.
|
|t:|1743870551
|move|p1a: Kyurem|Dragon Dance|p1a: Kyurem
|-boost|p1a: Kyurem|atk|1
|-boost|p1a: Kyurem|spe|1
|move|p2a: Corviknight|Iron Defense|p2a: Corviknight
|-boost|p2a: Corviknight|def|2
|
|upkeep
|turn|27
|inactive|hagagaagagaghahi has 120 seconds left.
|
|t:|1743870560
|move|p1a: Kyurem|Icicle Spear|p2a: Corviknight
|-damage|p2a: Corviknight|55/100
|-damage|p2a: Corviknight|51/100
|-damage|p2a: Corviknight|46/100
|-damage|p2a: Corviknight|41/100
|-crit|p2a: Corviknight
|-damage|p2a: Corviknight|20/100
|-hitcount|p2a: Corviknight|5
|move|p2a: Corviknight|Body Press|p1a: Kyurem
|-end|p1a: Kyurem|Substitute
|
|upkeep
|turn|28
|inactive|hagagaagagaghahi has 120 seconds left.
|
|t:|1743870572
|move|p1a: Kyurem|Tera Blast|p2a: Corviknight|[anim] Tera Blast Electric
|-supereffective|p2a: Corviknight
|-damage|p2a: Corviknight|0 fnt
|faint|p2a: Corviknight
|
|upkeep
|
|t:|1743870574
|switch|p2a: Dondozo|Dondozo, F|42/100
|turn|29
|
|t:|1743870583
|move|p1a: Kyurem|Tera Blast|p2a: Dondozo|[anim] Tera Blast Electric
|-supereffective|p2a: Dondozo
|-damage|p2a: Dondozo|2/100
|move|p2a: Dondozo|Rest|p2a: Dondozo
|-status|p2a: Dondozo|slp|[from] move: Rest
|-heal|p2a: Dondozo|100/100 slp|[silent]
|
|upkeep
|turn|30
|
|t:|1743870590
|move|p1a: Kyurem|Tera Blast|p2a: Dondozo|[anim] Tera Blast Electric
|-supereffective|p2a: Dondozo
|-damage|p2a: Dondozo|66/100 slp
|cant|p2a: Dondozo|slp
|move|p2a: Dondozo|Sleep Talk|p2a: Dondozo
|move|p2a: Dondozo|Waterfall|p1a: Kyurem|[from] move: Sleep Talk
|-damage|p1a: Kyurem|12/100
|
|upkeep
|turn|31
|
|t:|1743870598
|move|p1a: Kyurem|Tera Blast|p2a: Dondozo|[anim] Tera Blast Electric
|-supereffective|p2a: Dondozo
|-damage|p2a: Dondozo|29/100 slp
|cant|p2a: Dondozo|slp
|move|p2a: Dondozo|Sleep Talk|p2a: Dondozo
|move|p2a: Dondozo|Waterfall|p1a: Kyurem|[from] move: Sleep Talk
|-damage|p1a: Kyurem|0 fnt
|faint|p1a: Kyurem
|
|upkeep
|
|t:|1743870610
|switch|p1a: Iron Valiant|Iron Valiant|100/100
|-damage|p1a: Iron Valiant|94/100|[from] Stealth Rock
|-enditem|p1a: Iron Valiant|Booster Energy
|-activate|p1a: Iron Valiant|ability: Quark Drive|[fromitem]
|-start|p1a: Iron Valiant|quarkdrivespe
|turn|32
|
|t:|1743870616
|switch|p2a: Blissey|Blissey, F|74/100
|move|p1a: Iron Valiant|Moonblast|p2a: Blissey
|-damage|p2a: Blissey|61/100
|
|upkeep
|turn|33
|
|t:|1743870621
|move|p1a: Iron Valiant|Close Combat|p2a: Blissey
|-supereffective|p2a: Blissey
|-damage|p2a: Blissey|0 fnt
|-unboost|p1a: Iron Valiant|def|1
|-unboost|p1a: Iron Valiant|spd|1
|faint|p2a: Blissey
|
|upkeep
|
|t:|1743870632
|switch|p2a: Clodsire|Clodsire, F, tera:Steel|32/100
|turn|34
|
|t:|1743870638
|move|p1a: Iron Valiant|Close Combat|p2a: Clodsire
|-supereffective|p2a: Clodsire
|-damage|p2a: Clodsire|0 fnt
|-unboost|p1a: Iron Valiant|def|1
|-unboost|p1a: Iron Valiant|spd|1
|faint|p2a: Clodsire
|
|upkeep
|
|t:|1743870641
|switch|p2a: Dondozo|Dondozo, F|29/100 slp
|turn|35
|
|t:|1743870646
|move|p1a: Iron Valiant|Moonblast|p2a: Dondozo
|-damage|p2a: Dondozo|0 fnt
|faint|p2a: Dondozo
|
|upkeep
|-message|staaarz forfeited.
|
|win|hagagaagagaghahi
|raw|hagagaagagaghahi's rating: 1518 &rarr; <strong>1536</strong><br />(+18 for winning)
|raw|staaarz's rating: 1477 &rarr; <strong>1459</strong><br />(-18 for losing)
