|j|☆cufyfcyf
|j|☆ReadMajikoi
|t:|1743852424
|gametype|singles
|player|p1|cufyfcyf|101|1090
|player|p2|ReadMajikoi|170|1117
|teamsize|p1|6
|teamsize|p2|6
|gen|9
|tier|[Gen 9] OU
|rated|
|rule|HP Percentage Mod: HP is shown in percentages
|rule|Endless Battle Clause: Forcing endless battles is banned
|rule|Species Clause: Limit one of each Pokémon
|rule|OHKO Clause: OHKO moves are banned
|rule|Evasion Items Clause: Evasion items are banned
|rule|Evasion Moves Clause: Evasion moves are banned
|rule|Sleep Moves Clause: Sleep-inducing moves are banned
|clearpoke
|poke|p1|Dragapult, F|
|poke|p1|Gliscor, F|
|poke|p1|Corviknight, F|
|poke|p1|Blaziken, M|
|poke|p1|Mimikyu, M|
|poke|p1|Garganacl, F|
|poke|p2|Ninetales-Alola, F|
|poke|p2|Ditto|
|poke|p2|Zoroark-Hisui, M|
|poke|p2|Vaporeon, M|
|poke|p2|Blaziken, M|
|poke|p2|Scizor, M|
|teampreview
|inactive|Battle timer is ON: inactive players will automatically lose when time's up. (requested by ReadMajikoi)
|
|t:|1743852432
|start
|switch|p1a: Garganacl|Garganacl, F|100/100
|switch|p2a: Ninetales|Ninetales-Alola, F|100/100
|-weather|Snowscape|[from] ability: Snow Warning|[of] p2a: Ninetales
|turn|1
|
|t:|1743852442
|move|p2a: Ninetales|Aurora Veil|p2a: Ninetales
|-sidestart|p2: ReadMajikoi|move: Aurora Veil
|move|p1a: Garganacl|Salt Cure|p2a: Ninetales
|-supereffective|p2a: Ninetales
|-damage|p2a: Ninetales|87/100
|-start|p2a: Ninetales|Salt Cure
|
|-weather|Snowscape|[upkeep]
|-damage|p2a: Ninetales|75/100|[from] Salt Cure
|upkeep
|turn|2
|
|t:|1743852457
|switch|p2a: Vaporeon|Vaporeon, M|100/100
|move|p1a: Garganacl|Iron Defense|p1a: Garganacl
|-boost|p1a: Garganacl|def|2
|
|-weather|Snowscape|[upkeep]
|upkeep
|turn|3
|
|t:|1743852467
|move|p2a: Vaporeon|Whirlpool|p1a: Garganacl
|-supereffective|p1a: Garganacl
|-damage|p1a: Garganacl|77/100
|-activate|p1a: Garganacl|move: Whirlpool|[of] p2a: Vaporeon
|move|p1a: Garganacl|Salt Cure|p2a: Vaporeon
|-damage|p2a: Vaporeon|95/100
|-start|p2a: Vaporeon|Salt Cure
|
|-weather|Snowscape|[upkeep]
|-heal|p2a: Vaporeon|100/100|[from] item: Leftovers
|-damage|p2a: Vaporeon|75/100|[from] Salt Cure
|-damage|p1a: Garganacl|64/100|[from] move: Whirlpool|[partiallytrapped]
|upkeep
|turn|4
|
|t:|1743852480
|move|p2a: Vaporeon|Scald|p1a: Garganacl
|-supereffective|p1a: Garganacl
|-damage|p1a: Garganacl|11/100
|move|p1a: Garganacl|Recover|p1a: Garganacl
|-heal|p1a: Garganacl|61/100
|
|-weather|Snowscape|[upkeep]
|-heal|p2a: Vaporeon|82/100|[from] item: Leftovers
|-damage|p2a: Vaporeon|57/100|[from] Salt Cure
|-damage|p1a: Garganacl|49/100|[from] move: Whirlpool|[partiallytrapped]
|upkeep
|turn|5
|
|t:|1743852502
|move|p2a: Vaporeon|Scald|p1a: Garganacl
|-supereffective|p1a: Garganacl
|-damage|p1a: Garganacl|1/100
|move|p1a: Garganacl|Recover|p1a: Garganacl
|-heal|p1a: Garganacl|51/100
|
|-weather|none
|-heal|p2a: Vaporeon|63/100|[from] item: Leftovers
|-damage|p2a: Vaporeon|38/100|[from] Salt Cure
|-damage|p1a: Garganacl|39/100|[from] move: Whirlpool|[partiallytrapped]
|upkeep
|turn|6
|
|t:|1743852515
|move|p2a: Vaporeon|Scald|p1a: Garganacl
|-supereffective|p1a: Garganacl
|-damage|p1a: Garganacl|0 fnt
|faint|p1a: Garganacl
|
|-heal|p2a: Vaporeon|44/100|[from] item: Leftovers
|-damage|p2a: Vaporeon|19/100|[from] Salt Cure
|upkeep
|
|t:|1743852525
|switch|p1a: Blaziken|Blaziken, M, shiny|100/100
|turn|7
|
|t:|1743852541
|move|p1a: Blaziken|Swords Dance|p1a: Blaziken
|-boost|p1a: Blaziken|atk|2
|move|p2a: Vaporeon|Scald|p1a: Blaziken
|-supereffective|p1a: Blaziken
|-damage|p1a: Blaziken|8/100
|
|-heal|p2a: Vaporeon|25/100|[from] item: Leftovers
|-damage|p2a: Vaporeon|0 fnt|[from] Salt Cure
|faint|p2a: Vaporeon
|-ability|p1a: Blaziken|Speed Boost|boost
|-boost|p1a: Blaziken|spe|1
|upkeep
|
|t:|1743852552
|switch|p2a: Scizor|Scizor, M|100/100
|turn|8
|
|t:|1743852564
|move|p2a: Scizor|Bullet Punch|p1a: Blaziken
|-resisted|p1a: Blaziken
|-damage|p1a: Blaziken|0 fnt
|faint|p1a: Blaziken
|-damage|p2a: Scizor|91/100|[from] item: Life Orb
|
|-sideend|p2: ReadMajikoi|move: Aurora Veil
|upkeep
|
|t:|1743852576
|switch|p1a: Corviknight|Corviknight, F|100/100
|turn|9
|
|t:|1743852588
|switch|p2a: Ninetales|Ninetales-Alola, F|75/100
|-weather|Snowscape|[from] ability: Snow Warning|[of] p2a: Ninetales
|move|p1a: Corviknight|Bulk Up|p1a: Corviknight
|-boost|p1a: Corviknight|atk|1
|-boost|p1a: Corviknight|def|1
|
|-weather|Snowscape|[upkeep]
|upkeep
|turn|10
|
|t:|1743852600
|move|p2a: Ninetales|Aurora Veil|p2a: Ninetales
|-sidestart|p2: ReadMajikoi|move: Aurora Veil
|move|p1a: Corviknight|Iron Defense|p1a: Corviknight
|-boost|p1a: Corviknight|def|2
|
|-weather|Snowscape|[upkeep]
|upkeep
|turn|11
|
|t:|1743852614
|move|p2a: Ninetales|Blizzard|p1a: Corviknight
|-damage|p1a: Corviknight|67/100
|move|p1a: Corviknight|Body Press|p2a: Ninetales
|-damage|p2a: Ninetales|49/100
|
|-weather|Snowscape|[upkeep]
|-heal|p1a: Corviknight|73/100|[from] item: Leftovers
|upkeep
|turn|12
|
|t:|1743852625
|move|p2a: Ninetales|Blizzard|p1a: Corviknight
|-crit|p1a: Corviknight
|-damage|p1a: Corviknight|24/100
|move|p1a: Corviknight|Body Press|p2a: Ninetales
|-damage|p2a: Ninetales|20/100
|
|-weather|Snowscape|[upkeep]
|-heal|p1a: Corviknight|30/100|[from] item: Leftovers
|upkeep
|turn|13
|inactive|cufyfcyf has 120 seconds left.
|inactive|cufyfcyf has 90 seconds left.
|inactive|cufyfcyf has 60 seconds left.
|inactive|cufyfcyf has 30 seconds left.
|inactive|cufyfcyf has 20 seconds left.
|inactive|cufyfcyf has 15 seconds left.
|inactive|cufyfcyf has 10 seconds left.
|inactive|cufyfcyf has 5 seconds left.
|-message|cufyfcyf lost due to inactivity.
|
|win|ReadMajikoi
|raw|cufyfcyf's rating: 1090 &rarr; <strong>1068</strong><br />(-22 for losing)
|raw|ReadMajikoi's rating: 1117 &rarr; <strong>1140</strong><br />(+23 for winning)
|l|☆ReadMajikoi
|player|p2|
|l|☆cufyfcyf
|player|p1|
