|j|☆clink20
|j|☆actualonion
|t:|1743863481
|gametype|singles
|player|p1|clink20|blue|1578
|player|p2|actualonion|hexmaniac-gen6|1671
|teamsize|p1|6
|teamsize|p2|6
|gen|9
|tier|[Gen 9] OU
|rated|
|rule|HP Percentage Mod: HP is shown in percentages
|rule|Endless Battle Clause: Forcing endless battles is banned
|rule|Species Clause: Limit one of each Pokémon
|rule|OHKO Clause: OHKO moves are banned
|rule|Evasion Items Clause: Evasion items are banned
|rule|Evasion Moves Clause: Evasion moves are banned
|rule|Sleep Moves Clause: Sleep-inducing moves are banned
|clearpoke
|poke|p1|Dragonite, M|
|poke|p1|Darkrai|
|poke|p1|Great Tusk|
|poke|p1|Goodra-Hisui, F|
|poke|p1|Skeledirge, F|
|poke|p1|Meowscarada, M|
|poke|p2|Glimmora, F|
|poke|p2|Ting-Lu|
|poke|p2|Iron Crown|
|poke|p2|Sinistcha|
|poke|p2|Dragonite, F|
|poke|p2|Iron Valiant|
|teampreview
|inactive|Battle timer is ON: inactive players will automatically lose when time's up. (requested by clink20)
|inactiveoff|Battle timer is now OFF.
|inactive|Battle timer is ON: inactive players will automatically lose when time's up. (requested by clink20)
|
|t:|1743863551
|start
|switch|p1a: Goodra|Goodra-Hisui, F|100/100
|switch|p2a: Glimmor|Glimmora, F|100/100
|turn|1
|
|t:|1743863557
|move|p2a: Glimmor|Stealth Rock|p1a: Goodra
|-sidestart|p1: clink20|move: Stealth Rock
|move|p1a: Goodra|Flash Cannon|p2a: Glimmor
|-supereffective|p2a: Glimmor
|-damage|p2a: Glimmor|13/100
|
|upkeep
|turn|2
|
|t:|1743863574
|switch|p2a: Ting-L|Ting-Lu|100/100
|-ability|p2a: Ting-L|Vessel of Ruin
|move|p1a: Goodra|Flash Cannon|p2a: Ting-L
|-damage|p2a: Ting-L|79/100
|
|upkeep
|turn|3
|
|t:|1743863583
|switch|p1a: Great Tusk|Great Tusk|100/100
|move|p2a: Ting-L|Spikes|p1a: Great Tusk
|-sidestart|p1: clink20|Spikes
|
|upkeep
|turn|4
|
|t:|1743863587
|switch|p2a: Sinistch|Sinistcha|100/100
|move|p1a: Great Tusk|Ice Spinner|p2a: Sinistch
|-supereffective|p2a: Sinistch
|-damage|p2a: Sinistch|58/100
|
|upkeep
|turn|5
|
|t:|1743863599
|move|p1a: Great Tusk|Ice Spinner|p2a: Sinistch
|-supereffective|p2a: Sinistch
|-damage|p2a: Sinistch|9/100
|move|p2a: Sinistch|Strength Sap|p1a: Great Tusk
|-unboost|p1a: Great Tusk|atk|1
|-heal|p2a: Sinistch|100/100
|
|upkeep
|turn|6
|
|t:|1743863604
|-end|p1a: Great Tusk|Protosynthesis|[silent]
|switch|p1a: Darkrai|Darkrai|100/100
|-damage|p1a: Darkrai|88/100|[from] Stealth Rock
|-damage|p1a: Darkrai|76/100|[from] Spikes
|move|p2a: Sinistch|Stun Spore|p1a: Darkrai
|-status|p1a: Darkrai|par
|
|upkeep
|turn|7
|
|t:|1743863610
|switch|p2a: Ting-L|Ting-Lu|79/100
|-ability|p2a: Ting-L|Vessel of Ruin
|move|p1a: Darkrai|Dark Pulse|p2a: Ting-L
|-resisted|p2a: Ting-L
|-damage|p2a: Ting-L|66/100
|
|upkeep
|turn|8
|
|t:|1743863616
|switch|p1a: Great Tusk|Great Tusk|100/100
|move|p2a: Ting-L|Spikes|p1a: Great Tusk
|-sidestart|p1: clink20|Spikes
|
|upkeep
|turn|9
|
|t:|1743863621
|switch|p2a: Sinistch|Sinistcha|100/100
|move|p1a: Great Tusk|Ice Spinner|p2a: Sinistch
|-supereffective|p2a: Sinistch
|-damage|p2a: Sinistch|53/100
|
|upkeep
|turn|10
|
|t:|1743863634
|-end|p1a: Great Tusk|Protosynthesis|[silent]
|switch|p1a: Darkrai|Darkrai|76/100 par
|-damage|p1a: Darkrai|63/100 par|[from] Stealth Rock
|-damage|p1a: Darkrai|47/100 par|[from] Spikes
|move|p2a: Sinistch|Strength Sap|p1a: Darkrai
|-unboost|p1a: Darkrai|atk|1
|-heal|p2a: Sinistch|100/100
|
|upkeep
|turn|11
|
|t:|1743863658
|switch|p2a: Ting-L|Ting-Lu|66/100
|-ability|p2a: Ting-L|Vessel of Ruin
|move|p1a: Darkrai|Trick|p2a: Ting-L
|-activate|p1a: Darkrai|move: Trick|[of] p2a: Ting-L
|-item|p2a: Ting-L|Choice Scarf|[from] move: Trick
|-item|p1a: Darkrai|Rocky Helmet|[from] move: Trick
|
|upkeep
|turn|12
|
|t:|1743863662
|move|p2a: Ting-L|Spikes|p1a: Darkrai
|-sidestart|p1: clink20|Spikes
|cant|p1a: Darkrai|par
|
|upkeep
|turn|13
|
|t:|1743863666
|switch|p2a: Iron Crow|Iron Crown|100/100
|move|p1a: Darkrai|Ice Beam|p2a: Iron Crow
|-resisted|p2a: Iron Crow
|-damage|p2a: Iron Crow|90/100
|
|upkeep
|turn|14
|
|t:|1743863669
|move|p2a: Iron Crow|Tachyon Cutter|p1a: Darkrai
|-damage|p1a: Darkrai|12/100 par
|-damage|p1a: Darkrai|0 fnt
|faint|p1a: Darkrai
|-hitcount|p1: Darkrai|2
|
|upkeep
|
|t:|1743863677
|switch|p1a: Goodra|Goodra-Hisui, F|100/100
|-damage|p1a: Goodra|94/100|[from] Stealth Rock
|-damage|p1a: Goodra|69/100|[from] Spikes
|turn|15
|
|t:|1743863685
|-end|p2a: Iron Crow|Quark Drive|[silent]
|switch|p2a: Glimmor|Glimmora, F|13/100
|move|p1a: Goodra|Flamethrower|p2a: Glimmor
|-resisted|p2a: Glimmor
|-damage|p2a: Glimmor|0 fnt
|faint|p2a: Glimmor
|
|upkeep
|
|t:|1743863689
|switch|p2a: Ting-L|Ting-Lu|66/100
|-ability|p2a: Ting-L|Vessel of Ruin
|turn|16
|
|t:|1743863696
|switch|p1a: Great Tusk|Great Tusk|100/100
|move|p2a: Ting-L|Earthquake|p1a: Great Tusk
|-damage|p1a: Great Tusk|74/100
|
|upkeep
|turn|17
|
|t:|1743863700
|switch|p2a: Sinistch|Sinistcha|100/100
|move|p1a: Great Tusk|Ice Spinner|p2a: Sinistch
|-supereffective|p2a: Sinistch
|-damage|p2a: Sinistch|58/100
|
|upkeep
|turn|18
|
|t:|1743863705
|move|p1a: Great Tusk|Ice Spinner|p2a: Sinistch
|-supereffective|p2a: Sinistch
|-damage|p2a: Sinistch|11/100
|move|p2a: Sinistch|Strength Sap|p1a: Great Tusk
|-unboost|p1a: Great Tusk|atk|1
|-heal|p2a: Sinistch|100/100
|
|upkeep
|turn|19
|
|t:|1743863713
|-end|p1a: Great Tusk|Protosynthesis|[silent]
|switch|p1a: Goodra|Goodra-Hisui, F|69/100
|-damage|p1a: Goodra|63/100|[from] Stealth Rock
|-damage|p1a: Goodra|38/100|[from] Spikes
|move|p2a: Sinistch|Strength Sap|p1a: Goodra
|-unboost|p1a: Goodra|atk|1
|
|upkeep
|turn|20
|
|t:|1743863720
|switch|p2a: Iron Crow|Iron Crown|90/100
|move|p1a: Goodra|Flamethrower|p2a: Iron Crow
|-supereffective|p2a: Iron Crow
|-damage|p2a: Iron Crow|59/100
|
|upkeep
|turn|21
|
|t:|1743863724
|move|p2a: Iron Crow|Focus Blast|p1a: Goodra
|-supereffective|p1a: Goodra
|-damage|p1a: Goodra|8/100
|move|p1a: Goodra|Flamethrower|p2a: Iron Crow
|-supereffective|p2a: Iron Crow
|-damage|p2a: Iron Crow|26/100
|
|upkeep
|turn|22
|
|t:|1743863732
|move|p2a: Iron Crow|Psyshock|p1a: Goodra
|-resisted|p1a: Goodra
|-crit|p1a: Goodra
|-damage|p1a: Goodra|0 fnt
|faint|p1a: Goodra
|
|upkeep
|
|t:|1743863738
|switch|p1a: Great Tusk|Great Tusk|74/100
|turn|23
|
|t:|1743863742
|-end|p2a: Iron Crow|Quark Drive|[silent]
|switch|p2a: Sinistch|Sinistcha|100/100
|move|p1a: Great Tusk|Rapid Spin|p2a: Sinistch
|-immune|p2a: Sinistch
|
|upkeep
|turn|24
|
|t:|1743863755
|-end|p1a: Great Tusk|Protosynthesis|[silent]
|switch|p1a: Meowscarada|Meowscarada, M|100/100
|-damage|p1a: Meowscarada|88/100|[from] Stealth Rock
|-damage|p1a: Meowscarada|63/100|[from] Spikes
|move|p2a: Sinistch|Strength Sap|p1a: Meowscarada
|-unboost|p1a: Meowscarada|atk|1
|
|upkeep
|turn|25
|
|t:|1743863760
|move|p1a: Meowscarada|Triple Axel|p2a: Sinistch
|-start|p1a: Meowscarada|typechange|Ice|[from] ability: Protean
|-supereffective|p2a: Sinistch
|-damage|p2a: Sinistch|88/100
|-supereffective|p2a: Sinistch
|-damage|p2a: Sinistch|62/100
|-supereffective|p2a: Sinistch
|-damage|p2a: Sinistch|18/100
|-hitcount|p2a: Sinistch|3
|move|p2a: Sinistch|Strength Sap|p1a: Meowscarada
|-unboost|p1a: Meowscarada|atk|1
|-heal|p2a: Sinistch|79/100
|
|upkeep
|turn|26
|
|t:|1743863763
|move|p1a: Meowscarada|Triple Axel|p2a: Sinistch
|-supereffective|p2a: Sinistch
|-damage|p2a: Sinistch|68/100
|-supereffective|p2a: Sinistch
|-damage|p2a: Sinistch|47/100
|-hitcount|p2a: Sinistch|2
|move|p2a: Sinistch|Stun Spore|p1a: Meowscarada|[miss]
|-miss|p2a: Sinistch|p1a: Meowscarada
|
|upkeep
|turn|27
|
|t:|1743863767
|move|p1a: Meowscarada|Triple Axel|p2a: Sinistch
|-supereffective|p2a: Sinistch
|-damage|p2a: Sinistch|36/100
|-supereffective|p2a: Sinistch
|-damage|p2a: Sinistch|16/100
|-supereffective|p2a: Sinistch
|-damage|p2a: Sinistch|0 fnt
|faint|p2a: Sinistch
|-hitcount|p2: Sinistch|3
|
|upkeep
|
|t:|1743863771
|switch|p2a: Iron Valian|Iron Valiant|100/100
|-enditem|p2a: Iron Valian|Booster Energy
|-activate|p2a: Iron Valian|ability: Quark Drive|[fromitem]
|-start|p2a: Iron Valian|quarkdrivespe
|turn|28
|
|t:|1743863791
|move|p2a: Iron Valian|Swords Dance|p2a: Iron Valian
|-boost|p2a: Iron Valian|atk|2
|move|p1a: Meowscarada|Triple Axel|p2a: Iron Valian
|-damage|p2a: Iron Valian|91/100
|-damage|p2a: Iron Valian|72/100
|-damage|p2a: Iron Valian|47/100
|-hitcount|p2a: Iron Valian|3
|
|upkeep
|turn|29
|
|t:|1743863804
|move|p2a: Iron Valian|Knock Off|p1a: Meowscarada
|-damage|p1a: Meowscarada|0 fnt
|-enditem|p1a: Meowscarada|Choice Band|[from] move: Knock Off|[of] p2a: Iron Valian
|faint|p1a: Meowscarada
|
|upkeep
|
|t:|1743863820
|switch|p1a: Skeledirge|Skeledirge, F|100/100
|-damage|p1a: Skeledirge|75/100|[from] Stealth Rock
|-damage|p1a: Skeledirge|50/100|[from] Spikes
|turn|30
|
|t:|1743863834
|-terastallize|p1a: Skeledirge|Fairy
|move|p2a: Iron Valian|Knock Off|p1a: Skeledirge
|-resisted|p1a: Skeledirge
|-damage|p1a: Skeledirge|40/100
|-enditem|p1a: Skeledirge|Leftovers|[from] move: Knock Off|[of] p2a: Iron Valian
|move|p1a: Skeledirge|Slack Off|p1a: Skeledirge
|-heal|p1a: Skeledirge|90/100
|
|upkeep
|turn|31
|
|t:|1743863839
|move|p2a: Iron Valian|Encore|p1a: Skeledirge
|-start|p1a: Skeledirge|Encore
|move|p1a: Skeledirge|Slack Off|p1a: Skeledirge
|-heal|p1a: Skeledirge|100/100
|
|upkeep
|turn|32
|
|t:|1743863843
|switch|p1a: Great Tusk|Great Tusk|74/100
|move|p2a: Iron Valian|Spirit Break|p1a: Great Tusk
|-supereffective|p1a: Great Tusk
|-damage|p1a: Great Tusk|0 fnt
|faint|p1a: Great Tusk
|-end|p1a: Great Tusk|Protosynthesis|[silent]
|
|upkeep
|
|t:|1743863846
|switch|p1a: Skeledirge|Skeledirge, F, tera:Fairy|100/100
|-damage|p1a: Skeledirge|88/100|[from] Stealth Rock
|-damage|p1a: Skeledirge|63/100|[from] Spikes
|turn|33
|
|t:|1743863851
|move|p2a: Iron Valian|Spirit Break|p1a: Skeledirge
|-damage|p1a: Skeledirge|36/100
|-unboost|p1a: Skeledirge|spa|1
|move|p1a: Skeledirge|Torch Song|p2a: Iron Valian
|-damage|p2a: Iron Valian|6/100
|-boost|p1a: Skeledirge|spa|1
|
|upkeep
|turn|34
|
|t:|1743863862
|move|p2a: Iron Valian|Spirit Break|p1a: Skeledirge
|-damage|p1a: Skeledirge|12/100
|-unboost|p1a: Skeledirge|spa|1
|move|p1a: Skeledirge|Alluring Voice|p2a: Iron Valian
|-supereffective|p2a: Iron Valian
|-damage|p2a: Iron Valian|0 fnt
|faint|p2a: Iron Valian
|-end|p2a: Iron Valian|Quark Drive|[silent]
|
|upkeep
|
|t:|1743863869
|switch|p2a: Dragonit|Dragonite, F|100/100
|turn|35
|
|t:|1743863872
|move|p2a: Dragonit|Extreme Speed|p1a: Skeledirge
|-damage|p1a: Skeledirge|0 fnt
|faint|p1a: Skeledirge
|
|upkeep
|
|t:|1743863875
|switch|p1a: Dragonite|Dragonite, M|100/100
|turn|36
|
|t:|1743863880
|-terastallize|p2a: Dragonit|Normal
|move|p2a: Dragonit|Extreme Speed|p1a: Dragonite
|-damage|p1a: Dragonite|69/100
|move|p1a: Dragonite|Dragon Dance|p1a: Dragonite
|-boost|p1a: Dragonite|atk|1
|-boost|p1a: Dragonite|spe|1
|
|upkeep
|turn|37
|c|☆actualonion|ggs
|
|t:|1743863887
|move|p1a: Dragonite|Extreme Speed|p2a: Dragonit
|-damage|p2a: Dragonit|79/100
|move|p2a: Dragonit|Extreme Speed|p1a: Dragonite
|-damage|p1a: Dragonite|10/100
|
|upkeep
|turn|38
|
|t:|1743863893
|move|p1a: Dragonite|Extreme Speed|p2a: Dragonit
|-damage|p2a: Dragonit|40/100
|move|p2a: Dragonit|Extreme Speed|p1a: Dragonite
|-damage|p1a: Dragonite|0 fnt
|faint|p1a: Dragonite
|
|win|actualonion
|raw|clink20's rating: 1578 &rarr; <strong>1563</strong><br />(-15 for losing)
|raw|actualonion's rating: 1671 &rarr; <strong>1686</strong><br />(+15 for winning)
|l|☆actualonion
|player|p2|
