|j|☆votebiden2024
|j|☆OSAKA 2026
|t:|1743834679
|gametype|singles
|player|p1|votebiden2024|169|1658
|player|p2|OSAKA 2026|backpackerf|1677
|teamsize|p1|6
|teamsize|p2|6
|gen|9
|tier|[Gen 9] OU
|rated|
|rule|HP Percentage Mod: HP is shown in percentages
|rule|Endless Battle Clause: Forcing endless battles is banned
|rule|Species Clause: Limit one of each Pokémon
|rule|OHKO Clause: OHKO moves are banned
|rule|Evasion Items Clause: Evasion items are banned
|rule|Evasion Moves Clause: Evasion moves are banned
|rule|Sleep Moves Clause: Sleep-inducing moves are banned
|clearpoke
|poke|p1|Alomomola, M|
|poke|p1|Hawlucha, F|
|poke|p1|Zamazenta-*|
|poke|p1|Ting-Lu|
|poke|p1|Hoopa-Unbound|
|poke|p1|Darkrai|
|poke|p2|Kyurem|
|poke|p2|Ogerpon-Wellspring, F|
|poke|p2|Scizor, F|
|poke|p2|Moltres|
|poke|p2|Great Tusk|
|poke|p2|Muk-Alola, M|
|teampreview
|
|t:|1743834713
|start
|switch|p1a: Hoopa|Hoopa-Unbound|100/100
|switch|p2a: Hebi|Scizor, F|100/100
|turn|1
|
|t:|1743834720
|switch|p1a: Hawlucha|Hawlucha, F|100/100
|-ability|p1a: Hawlucha|Mold Breaker
|move|p2a: Hebi|U-turn|p1a: Hawlucha
|-resisted|p1a: Hawlucha
|-damage|p1a: Hawlucha|87/100
|
|t:|1743834725
|switch|p2a: Taka|Moltres|100/100|[from] U-turn
|
|-heal|p1a: Hawlucha|93/100|[from] item: Leftovers
|upkeep
|turn|2
|
|t:|1743834733
|switch|p1a: Darkrai|Darkrai|100/100
|move|p2a: Taka|U-turn|p1a: Darkrai
|-supereffective|p1a: Darkrai
|-damage|p1a: Darkrai|63/100
|
|t:|1743834737
|switch|p2a: Three-Way Deadlock|Muk-Alola, M|100/100|[from] U-turn
|
|upkeep
|turn|3
|
|t:|1743834742
|move|p1a: Darkrai|Will-O-Wisp|p2a: Three-Way Deadlock
|-status|p2a: Three-Way Deadlock|brn
|move|p2a: Three-Way Deadlock|Poison Fang|p1a: Darkrai
|-damage|p1a: Darkrai|50/100
|
|-damage|p2a: Three-Way Deadlock|94/100 brn|[from] brn
|upkeep
|turn|4
|j| MarioPartyGamer
|
|t:|1743834758
|switch|p1a: Alomomola|Alomomola, M|100/100
|move|p2a: Three-Way Deadlock|Poison Fang|p1a: Alomomola
|-damage|p1a: Alomomola|93/100
|
|-heal|p2a: Three-Way Deadlock|100/100 brn|[from] item: Leftovers
|-damage|p2a: Three-Way Deadlock|94/100 brn|[from] brn
|upkeep
|turn|5
|c|☆OSAKA 2026|XD
|
|t:|1743834764
|switch|p1a: Ting-Lu|Ting-Lu|100/100
|-ability|p1a: Ting-Lu|Vessel of Ruin
|move|p2a: Three-Way Deadlock|Poison Fang|p1a: Ting-Lu
|-resisted|p1a: Ting-Lu
|-damage|p1a: Ting-Lu|98/100
|
|-heal|p2a: Three-Way Deadlock|100/100 brn|[from] item: Leftovers
|-damage|p2a: Three-Way Deadlock|94/100 brn|[from] brn
|upkeep
|turn|6
|c|☆OSAKA 2026|xDD
|
|t:|1743834775
|move|p2a: Three-Way Deadlock|Poison Fang|p1a: Ting-Lu
|-resisted|p1a: Ting-Lu
|-damage|p1a: Ting-Lu|96/100
|-status|p1a: Ting-Lu|tox
|move|p1a: Ting-Lu|Earthquake|p2a: Three-Way Deadlock
|-supereffective|p2a: Three-Way Deadlock
|-damage|p2a: Three-Way Deadlock|0 fnt
|faint|p2a: Three-Way Deadlock
|
|-damage|p1a: Ting-Lu|89/100 tox|[from] psn
|upkeep
|
|t:|1743834780
|switch|p2a: Akatsuki|Ogerpon-Wellspring, F|100/100
|turn|7
|
|t:|1743834787
|switch|p1a: Zamazenta|Zamazenta|100/100
|-ability|p1a: Zamazenta|Dauntless Shield|boost
|-boost|p1a: Zamazenta|def|1
|move|p2a: Akatsuki|Ivy Cudgel|p1a: Zamazenta|[anim] Ivy Cudgel Water
|-damage|p1a: Zamazenta|69/100
|
|upkeep
|turn|8
|
|t:|1743834796
|switch|p1a: Ting-Lu|Ting-Lu|89/100 tox
|-ability|p1a: Ting-Lu|Vessel of Ruin
|switch|p2a: Greatest Summon|Great Tusk|100/100
|
|-damage|p1a: Ting-Lu|83/100 tox|[from] psn
|upkeep
|turn|9
|
|t:|1743834801
|move|p2a: Greatest Summon|Stealth Rock|p1a: Ting-Lu
|-sidestart|p1: votebiden2024|move: Stealth Rock
|move|p1a: Ting-Lu|Earthquake|p2a: Greatest Summon
|-damage|p2a: Greatest Summon|62/100
|
|-heal|p2a: Greatest Summon|68/100|[from] item: Leftovers
|-damage|p1a: Ting-Lu|71/100 tox|[from] psn
|upkeep
|turn|10
|
|t:|1743834805
|-end|p2a: Greatest Summon|Protosynthesis|[silent]
|switch|p2a: Taka|Moltres|100/100
|switch|p1a: Hawlucha|Hawlucha, F|93/100
|-damage|p1a: Hawlucha|81/100|[from] Stealth Rock
|-ability|p1a: Hawlucha|Mold Breaker
|
|-heal|p1a: Hawlucha|87/100|[from] item: Leftovers
|upkeep
|turn|11
|
|t:|1743834808
|move|p1a: Hawlucha|U-turn|p2a: Taka
|-resisted|p2a: Taka
|-damage|p2a: Taka|98/100
|
|t:|1743834820
|switch|p1a: Zamazenta|Zamazenta|69/100|[from] U-turn
|-damage|p1a: Zamazenta|63/100|[from] Stealth Rock
|move|p2a: Taka|Flamethrower|p1a: Zamazenta
|-damage|p1a: Zamazenta|25/100
|
|upkeep
|turn|12
|j| Avedaslave
|
|t:|1743834832
|switch|p1a: Hoopa|Hoopa-Unbound|100/100
|-damage|p1a: Hoopa|88/100|[from] Stealth Rock
|switch|p2a: Hebi|Scizor, F|100/100
|
|upkeep
|turn|13
|
|t:|1743834839
|move|p1a: Hoopa|Destiny Bond|p1a: Hoopa
|-singlemove|p1a: Hoopa|Destiny Bond
|move|p2a: Hebi|U-turn|p1a: Hoopa
|-supereffective|p1a: Hoopa
|-damage|p1a: Hoopa|0 fnt
|faint|p1a: Hoopa
|-activate|p1a: Hoopa|move: Destiny Bond
|faint|p2a: Hebi
|
|upkeep
|
|t:|1743834860
|switch|p1a: Darkrai|Darkrai|50/100
|switch|p2a: Taka|Moltres|98/100
|-damage|p1a: Darkrai|38/100|[from] Stealth Rock
|turn|14
|
|t:|1743834866
|-terastallize|p1a: Darkrai|Dark
|move|p1a: Darkrai|Dark Pulse|p2a: Taka
|-damage|p2a: Taka|7/100
|move|p2a: Taka|U-turn|p1a: Darkrai
|-supereffective|p1a: Darkrai
|-damage|p1a: Darkrai|0 fnt
|faint|p1a: Darkrai
|
|t:|1743834880
|switch|p2a: Greatest Summon|Great Tusk|68/100|[from] U-turn
|
|-heal|p2a: Greatest Summon|74/100|[from] item: Leftovers
|upkeep
|
|t:|1743834894
|switch|p1a: Zamazenta|Zamazenta|25/100
|-damage|p1a: Zamazenta|19/100|[from] Stealth Rock
|turn|15
|
|t:|1743834899
|move|p1a: Zamazenta|Ice Fang|p2a: Greatest Summon
|-supereffective|p2a: Greatest Summon
|-damage|p2a: Greatest Summon|37/100
|move|p2a: Greatest Summon|Headlong Rush|p1a: Zamazenta
|-damage|p1a: Zamazenta|0 fnt
|-unboost|p2a: Greatest Summon|def|1
|-unboost|p2a: Greatest Summon|spd|1
|faint|p1a: Zamazenta
|
|-heal|p2a: Greatest Summon|43/100|[from] item: Leftovers
|upkeep
|-message|votebiden2024 forfeited.
|
|win|OSAKA 2026
|raw|votebiden2024's rating: 1658 &rarr; <strong>1639</strong><br />(-19 for losing)
|raw|OSAKA 2026's rating: 1677 &rarr; <strong>1696</strong><br />(+19 for winning)
|l|☆votebiden2024
|player|p1|
|l| MarioPartyGamer
|l|☆OSAKA 2026
|player|p2|
|l| Avedaslave
