|j|☆jiotave
|j|☆BLACKPOWER2457
|t:|1743873032
|gametype|singles
|player|p1|jiotave|hilbert|1568
|player|p2|BLACKPOWER2457|doctor|1524
|teamsize|p1|6
|teamsize|p2|6
|gen|9
|tier|[Gen 9] OU
|rated|
|rule|HP Percentage Mod: HP is shown in percentages
|rule|Endless Battle Clause: Forcing endless battles is banned
|rule|Species Clause: Limit one of each Pokémon
|rule|OHKO Clause: OHKO moves are banned
|rule|Evasion Items Clause: Evasion items are banned
|rule|Evasion Moves Clause: Evasion moves are banned
|rule|Sleep Moves Clause: Sleep-inducing moves are banned
|clearpoke
|poke|p1|Torkoal, M|
|poke|p1|Hatterene, F|
|poke|p1|Walking Wake|
|poke|p1|Iron Moth|
|poke|p1|Venusaur, M|
|poke|p1|Great Tusk|
|poke|p2|Iron Valiant|
|poke|p2|Rotom-Wash|
|poke|p2|Latios, M|
|poke|p2|Ting-Lu|
|poke|p2|Hydreigon, F|
|poke|p2|Gholdengo|
|teampreview
|inactive|Battle timer is ON: inactive players will automatically lose when time's up. (requested by jiotave)
|
|t:|1743873061
|start
|switch|p1a: Torkoal|Torkoal, M|100/100
|switch|p2a: Hydreigon|Hydreigon, F|100/100
|-weather|SunnyDay|[from] ability: Drought|[of] p1a: Torkoal
|turn|1
|
|t:|1743873081
|move|p2a: Hydreigon|Dark Pulse|p1a: Torkoal
|-damage|p1a: Torkoal|16/100
|move|p1a: Torkoal|Body Press|p2a: Hydreigon
|-supereffective|p2a: Hydreigon
|-damage|p2a: Hydreigon|29/100
|
|-weather|SunnyDay|[upkeep]
|upkeep
|turn|2
|
|t:|1743873090
|switch|p1a: Hatterene|Hatterene, F|100/100
|move|p2a: Hydreigon|Dark Pulse|p1a: Hatterene
|-damage|p1a: Hatterene|42/100
|-enditem|p1a: Hatterene|Eject Button
|
|t:|1743873104
|switch|p1a: Venusaur|Venusaur, M|100/100
|
|-weather|SunnyDay|[upkeep]
|upkeep
|turn|3
|
|t:|1743873122
|switch|p2a: Latios|Latios, M|100/100
|move|p1a: Venusaur|Solar Beam||[still]
|-prepare|p1a: Venusaur|Solar Beam
|-anim|p1a: Venusaur|Solar Beam|p2a: Latios
|-resisted|p2a: Latios
|-damage|p2a: Latios|63/100
|-damage|p1a: Venusaur|91/100|[from] item: Life Orb
|
|-weather|SunnyDay|[upkeep]
|upkeep
|turn|4
|inactive|jiotave has 120 seconds left.
|
|t:|1743873160
|-terastallize|p1a: Venusaur|Ice
|move|p2a: Latios|Luster Purge|p1a: Venusaur
|-crit|p1a: Venusaur
|-damage|p1a: Venusaur|0 fnt
|faint|p1a: Venusaur
|
|-weather|SunnyDay|[upkeep]
|upkeep
|
|t:|1743873171
|switch|p1a: Dreamfyre|Walking Wake|100/100
|-activate|p1a: Dreamfyre|ability: Protosynthesis
|-start|p1a: Dreamfyre|protosynthesisspe
|turn|5
|j| gimmicks strategy
|inactive|BLACKPOWER2457 has 120 seconds left.
|
|t:|1743873213
|switch|p2a: Hydreigon|Hydreigon, F|29/100
|move|p1a: Dreamfyre|Hydro Steam|p2a: Hydreigon
|-resisted|p2a: Hydreigon
|-damage|p2a: Hydreigon|0 fnt
|faint|p2a: Hydreigon
|
|-weather|SunnyDay|[upkeep]
|upkeep
|inactive|BLACKPOWER2457 has 90 seconds left.
|
|t:|1743873255
|switch|p2a: Latios|Latios, M|63/100
|turn|6
|
|t:|1743873262
|move|p2a: Latios|Draco Meteor|p1a: Dreamfyre
|-supereffective|p1a: Dreamfyre
|-damage|p1a: Dreamfyre|0 fnt
|-unboost|p2a: Latios|spa|2
|faint|p1a: Dreamfyre
|-end|p1a: Dreamfyre|Protosynthesis|[silent]
|
|-weather|SunnyDay|[upkeep]
|upkeep
|inactive|jiotave has 120 seconds left.
|
|t:|1743873273
|switch|p1a: Great Tusk|Great Tusk|100/100
|-activate|p1a: Great Tusk|ability: Protosynthesis
|-start|p1a: Great Tusk|protosynthesisspe
|turn|7
|inactive|jiotave has 120 seconds left.
|inactive|BLACKPOWER2457 has 90 seconds left.
|
|t:|1743873280
|switch|p2a: Rotom|Rotom-Wash|100/100
|move|p1a: Great Tusk|Bulk Up|p1a: Great Tusk
|-boost|p1a: Great Tusk|atk|1
|-boost|p1a: Great Tusk|def|1
|
|-weather|SunnyDay|[upkeep]
|upkeep
|turn|8
|inactive|BLACKPOWER2457 has 90 seconds left.
|
|t:|1743873295
|move|p1a: Great Tusk|Rapid Spin|p2a: Rotom
|-damage|p2a: Rotom|84/100
|-boost|p1a: Great Tusk|spe|1
|move|p2a: Rotom|Will-O-Wisp|p1a: Great Tusk
|-status|p1a: Great Tusk|brn
|
|-weather|none
|-end|p1a: Great Tusk|Protosynthesis
|-heal|p2a: Rotom|90/100|[from] item: Leftovers
|-damage|p1a: Great Tusk|94/100 brn|[from] brn
|upkeep
|turn|9
|inactive|jiotave has 120 seconds left.
|-message|jiotave forfeited.
|
|win|BLACKPOWER2457
|raw|jiotave's rating: 1568 &rarr; <strong>1545</strong><br />(-23 for losing)
|raw|BLACKPOWER2457's rating: 1524 &rarr; <strong>1547</strong><br />(+23 for winning)
|l|☆jiotave
|player|p1|
|l|☆BLACKPOWER2457
|player|p2|
|l| gimmicks strategy
