|j|☆Ali110
|j|☆orizzcorio
|t:|1743856001
|gametype|singles
|player|p1|Ali110|wulfric|1575
|player|p2|orizzcorio|cynthia-masters|1629
|teamsize|p1|6
|teamsize|p2|6
|gen|9
|tier|[Gen 9] OU
|rated|
|rule|HP Percentage Mod: HP is shown in percentages
|rule|Endless Battle Clause: Forcing endless battles is banned
|rule|Species Clause: Limit one of each Pokémon
|rule|OHKO Clause: OHKO moves are banned
|rule|Evasion Items Clause: Evasion items are banned
|rule|Evasion Moves Clause: Evasion moves are banned
|rule|Sleep Moves Clause: Sleep-inducing moves are banned
|clearpoke
|poke|p1|Dragonite, M|
|poke|p1|Ting-Lu|
|poke|p1|Iron Moth|
|poke|p1|Iron Valiant|
|poke|p1|Kyurem|
|poke|p1|Gholdengo|
|poke|p2|Dragapult, M|
|poke|p2|Necrozma|
|poke|p2|Tyranitar, F|
|poke|p2|Kingambit, M|
|poke|p2|Raging Bolt|
|poke|p2|Latias, F|
|teampreview
|inactive|Battle timer is ON: inactive players will automatically lose when time's up. (requested by orizzcorio)
|inactive|Ali110 also wants the timer to be on.
|
|t:|1743856019
|start
|switch|p1a: Ting-Lu|Ting-Lu|100/100
|switch|p2a: Dragapult|Dragapult, M|100/100
|-ability|p1a: Ting-Lu|Vessel of Ruin
|turn|1
|
|t:|1743856026
|move|p2a: Dragapult|Reflect|p2a: Dragapult
|-sidestart|p2: orizzcorio|Reflect
|move|p1a: Ting-Lu|Stealth Rock|p2a: Dragapult
|-sidestart|p2: orizzcorio|move: Stealth Rock
|
|upkeep
|turn|2
|
|t:|1743856029
|move|p2a: Dragapult|Curse|p1a: Ting-Lu
|-start|p1a: Ting-Lu|Curse|[of] p2a: Dragapult
|-damage|p2a: Dragapult|50/100
|move|p1a: Ting-Lu|Taunt|p2a: Dragapult
|-start|p2a: Dragapult|move: Taunt
|
|-damage|p1a: Ting-Lu|76/100|[from] Curse
|upkeep
|turn|3
|
|t:|1743856038
|switch|p2a: Latias|Latias, F|100/100
|-damage|p2a: Latias|88/100|[from] Stealth Rock
|move|p1a: Ting-Lu|Ruination|p2a: Latias
|-damage|p2a: Latias|44/100
|
|-damage|p1a: Ting-Lu|51/100|[from] Curse
|upkeep
|turn|4
|
|t:|1743856047
|switch|p1a: Iron Moth|Iron Moth|100/100
|-enditem|p1a: Iron Moth|Booster Energy
|-activate|p1a: Iron Moth|ability: Quark Drive|[fromitem]
|-start|p1a: Iron Moth|quarkdrivespe
|move|p2a: Latias|Draining Kiss|p1a: Iron Moth
|-resisted|p1a: Iron Moth
|-damage|p1a: Iron Moth|98/100
|-heal|p2a: Latias|46/100|[from] drain|[of] p1a: Iron Moth
|
|upkeep
|turn|5
|
|t:|1743856054
|move|p1a: Iron Moth|Substitute|p1a: Iron Moth
|-start|p1a: Iron Moth|Substitute
|-damage|p1a: Iron Moth|73/100
|move|p2a: Latias|Calm Mind|p2a: Latias
|-boost|p2a: Latias|spa|1
|-boost|p2a: Latias|spd|1
|
|upkeep
|turn|6
|
|t:|1743856059
|move|p1a: Iron Moth|Dazzling Gleam|p2a: Latias
|-supereffective|p2a: Latias
|-damage|p2a: Latias|18/100
|-enditem|p2a: Latias|Weakness Policy
|-boost|p2a: Latias|atk|2|[from] item: Weakness Policy
|-boost|p2a: Latias|spa|2|[from] item: Weakness Policy
|move|p2a: Latias|Agility|p2a: Latias
|-boost|p2a: Latias|spe|2
|
|upkeep
|turn|7
|
|t:|1743856068
|move|p2a: Latias|Stored Power|p1a: Iron Moth
|-supereffective|p1a: Iron Moth
|-end|p1a: Iron Moth|Substitute
|move|p1a: Iron Moth|Dazzling Gleam|p2a: Latias
|-supereffective|p2a: Latias
|-damage|p2a: Latias|0 fnt
|faint|p2a: Latias
|
|upkeep
|
|t:|1743856074
|switch|p2a: Dragapult|Dragapult, M|50/100
|-damage|p2a: Dragapult|38/100|[from] Stealth Rock
|turn|8
|
|t:|1743856080
|move|p1a: Iron Moth|Dazzling Gleam|p2a: Dragapult
|-supereffective|p2a: Dragapult
|-damage|p2a: Dragapult|0 fnt
|faint|p2a: Dragapult
|
|-sideend|p2: orizzcorio|Reflect
|upkeep
|
|t:|1743856090
|switch|p2a: Necrozma|Necrozma|100/100
|-damage|p2a: Necrozma|88/100|[from] Stealth Rock
|turn|9
|
|t:|1743856099
|move|p1a: Iron Moth|Sludge Wave|p2a: Necrozma
|-damage|p2a: Necrozma|39/100
|move|p2a: Necrozma|Meteor Beam||[still]
|-prepare|p2a: Necrozma|Meteor Beam
|-boost|p2a: Necrozma|spa|1
|-enditem|p2a: Necrozma|Power Herb
|-anim|p2a: Necrozma|Meteor Beam|p1a: Iron Moth
|-supereffective|p1a: Iron Moth
|-damage|p1a: Iron Moth|0 fnt
|faint|p1a: Iron Moth
|-end|p1a: Iron Moth|Quark Drive|[silent]
|
|upkeep
|
|t:|1743856118
|switch|p1a: Kyurem|Kyurem|100/100
|-ability|p1a: Kyurem|Pressure
|turn|10
|
|t:|1743856128
|move|p1a: Kyurem|Scale Shot|p2a: Necrozma
|-damage|p2a: Necrozma|27/100
|-crit|p2a: Necrozma
|-damage|p2a: Necrozma|9/100
|-damage|p2a: Necrozma|0 fnt
|faint|p2a: Necrozma
|-hitcount|p2: Necrozma|3
|-unboost|p1a: Kyurem|def|1
|-boost|p1a: Kyurem|spe|1
|
|upkeep
|
|t:|1743856132
|switch|p2a: Tyranitar|Tyranitar, F|100/100
|-damage|p2a: Tyranitar|88/100|[from] Stealth Rock
|-weather|Sandstorm|[from] ability: Sand Stream|[of] p2a: Tyranitar
|turn|11
|
|t:|1743856145
|switch|p1a: Ting-Lu|Ting-Lu|51/100
|-ability|p1a: Ting-Lu|Vessel of Ruin
|move|p2a: Tyranitar|Low Kick|p1a: Ting-Lu
|-supereffective|p1a: Ting-Lu
|-damage|p1a: Ting-Lu|0 fnt
|-damage|p2a: Tyranitar|72/100|[from] item: Rocky Helmet|[of] p1a: Ting-Lu
|faint|p1a: Ting-Lu
|
|-weather|Sandstorm|[upkeep]
|-heal|p2a: Tyranitar|78/100|[from] item: Leftovers
|upkeep
|
|t:|1743856157
|switch|p1a: Iron Valiant|Iron Valiant|100/100
|-enditem|p1a: Iron Valiant|Booster Energy
|-activate|p1a: Iron Valiant|ability: Quark Drive|[fromitem]
|-start|p1a: Iron Valiant|quarkdrivespe
|turn|12
|
|t:|1743856172
|-terastallize|p2a: Tyranitar|Flying
|move|p1a: Iron Valiant|Encore|p2a: Tyranitar
|-start|p2a: Tyranitar|Encore
|move|p2a: Tyranitar|Low Kick|p1a: Iron Valiant
|-resisted|p1a: Iron Valiant
|-damage|p1a: Iron Valiant|85/100
|
|-weather|Sandstorm|[upkeep]
|-damage|p1a: Iron Valiant|79/100|[from] Sandstorm
|-damage|p2a: Tyranitar|72/100|[from] Sandstorm
|-heal|p2a: Tyranitar|78/100|[from] item: Leftovers
|upkeep
|turn|13
|
|t:|1743856181
|switch|p2a: Raging Bolt|Raging Bolt|100/100
|-damage|p2a: Raging Bolt|88/100|[from] Stealth Rock
|move|p1a: Iron Valiant|Moonblast|p2a: Raging Bolt
|-supereffective|p2a: Raging Bolt
|-damage|p2a: Raging Bolt|17/100
|
|-weather|Sandstorm|[upkeep]
|-damage|p1a: Iron Valiant|73/100|[from] Sandstorm
|-damage|p2a: Raging Bolt|11/100|[from] Sandstorm
|-heal|p2a: Raging Bolt|17/100|[from] item: Leftovers
|upkeep
|turn|14
|
|t:|1743856200
|move|p1a: Iron Valiant|Encore||[still]
|-fail|p1a: Iron Valiant
|move|p2a: Raging Bolt|Thunderbolt|p1a: Iron Valiant
|-damage|p1a: Iron Valiant|0 fnt
|faint|p1a: Iron Valiant
|-end|p1a: Iron Valiant|Quark Drive|[silent]
|
|-weather|Sandstorm|[upkeep]
|-damage|p2a: Raging Bolt|11/100|[from] Sandstorm
|-heal|p2a: Raging Bolt|17/100|[from] item: Leftovers
|upkeep
|
|t:|1743856207
|switch|p1a: Kyurem|Kyurem|100/100
|-ability|p1a: Kyurem|Pressure
|turn|15
|
|t:|1743856214
|move|p2a: Raging Bolt|Thunderclap|p1a: Kyurem
|-resisted|p1a: Kyurem
|-damage|p1a: Kyurem|83/100
|move|p1a: Kyurem|Icicle Spear|p2a: Raging Bolt
|-supereffective|p2a: Raging Bolt
|-damage|p2a: Raging Bolt|0 fnt
|faint|p2a: Raging Bolt
|-end|p2a: Raging Bolt|Protosynthesis|[silent]
|-hitcount|p2: Raging Bolt|1
|
|-weather|none
|upkeep
|
|t:|1743856217
|switch|p2a: Kingambit|Kingambit, M|100/100
|-damage|p2a: Kingambit|94/100|[from] Stealth Rock
|-activate|p2a: Kingambit|ability: Supreme Overlord
|-start|p2a: Kingambit|fallen4|[silent]
|turn|16
|
|t:|1743856230
|-terastallize|p1a: Kyurem|Fire
|move|p1a: Kyurem|Tera Blast|p2a: Kingambit|[anim] Tera Blast Fire
|-supereffective|p2a: Kingambit
|-damage|p2a: Kingambit|22/100
|move|p2a: Kingambit|Low Kick|p1a: Kyurem
|-damage|p1a: Kyurem|23/100
|
|-heal|p2a: Kingambit|28/100|[from] item: Leftovers
|upkeep
|turn|17
|
|t:|1743856242
|move|p2a: Kingambit|Sucker Punch|p1a: Kyurem
|-damage|p1a: Kyurem|0 fnt
|faint|p1a: Kyurem
|
|-heal|p2a: Kingambit|34/100|[from] item: Leftovers
|upkeep
|
|t:|1743856248
|switch|p1a: Dragonite|Dragonite, M|100/100
|turn|18
|j| arnavgupta
|
|t:|1743856254
|-end|p2a: Kingambit|fallen4|[silent]
|switch|p2a: Tyranitar|Tyranitar, F, tera:Flying|78/100
|-damage|p2a: Tyranitar|53/100|[from] Stealth Rock
|-weather|Sandstorm|[from] ability: Sand Stream|[of] p2a: Tyranitar
|move|p1a: Dragonite|Earthquake|p2a: Tyranitar
|-immune|p2a: Tyranitar
|
|-weather|Sandstorm|[upkeep]
|-damage|p1a: Dragonite|94/100|[from] Sandstorm
|-damage|p2a: Tyranitar|47/100|[from] Sandstorm
|-heal|p2a: Tyranitar|53/100|[from] item: Leftovers
|upkeep
|turn|19
|
|t:|1743856272
|switch|p1a: Gholdengo|Gholdengo|100/100
|move|p2a: Tyranitar|Dragon Dance|p2a: Tyranitar
|-boost|p2a: Tyranitar|atk|1
|-boost|p2a: Tyranitar|spe|1
|
|-weather|Sandstorm|[upkeep]
|-damage|p2a: Tyranitar|47/100|[from] Sandstorm
|-heal|p2a: Tyranitar|53/100|[from] item: Leftovers
|upkeep
|turn|20
|
|t:|1743856277
|move|p1a: Gholdengo|Make It Rain|p2a: Tyranitar
|-damage|p2a: Tyranitar|0 fnt
|-unboost|p1a: Gholdengo|spa|1
|faint|p2a: Tyranitar
|
|-weather|Sandstorm|[upkeep]
|upkeep
|
|t:|1743856281
|switch|p2a: Kingambit|Kingambit, M|34/100
|-damage|p2a: Kingambit|28/100|[from] Stealth Rock
|-activate|p2a: Kingambit|ability: Supreme Overlord
|-start|p2a: Kingambit|fallen5|[silent]
|turn|21
|
|t:|1743856295
|switch|p1a: Dragonite|Dragonite, M|94/100
|move|p2a: Kingambit|Swords Dance|p2a: Kingambit
|-boost|p2a: Kingambit|atk|2
|
|-weather|Sandstorm|[upkeep]
|-damage|p1a: Dragonite|88/100|[from] Sandstorm
|-heal|p2a: Kingambit|34/100|[from] item: Leftovers
|upkeep
|turn|22
|
|t:|1743856307
|move|p2a: Kingambit|Sucker Punch|p1a: Dragonite
|-damage|p1a: Dragonite|0 fnt
|faint|p1a: Dragonite
|
|-weather|none
|-heal|p2a: Kingambit|40/100|[from] item: Leftovers
|upkeep
|
|t:|1743856309
|switch|p1a: Gholdengo|Gholdengo|100/100
|turn|23
|
|t:|1743856320
|move|p2a: Kingambit|Sucker Punch||[still]
|-fail|p2a: Kingambit
|move|p1a: Gholdengo|Trick|p2a: Kingambit
|-activate|p1a: Gholdengo|move: Trick|[of] p2a: Kingambit
|-item|p2a: Kingambit|Choice Scarf|[from] move: Trick
|-item|p1a: Gholdengo|Leftovers|[from] move: Trick
|
|upkeep
|turn|24
|
|t:|1743856327
|move|p2a: Kingambit|Iron Head|p1a: Gholdengo
|-resisted|p1a: Gholdengo
|-crit|p1a: Gholdengo
|-damage|p1a: Gholdengo|0 fnt
|faint|p1a: Gholdengo
|
|win|orizzcorio
|raw|Ali110's rating: 1575 &rarr; <strong>1558</strong><br />(-17 for losing)
|raw|orizzcorio's rating: 1629 &rarr; <strong>1646</strong><br />(+17 for winning)
|l|☆Ali110
|player|p1|
|l| arnavgupta
