|j|☆equinox000
|j|☆lolcano46
|t:|1743881205
|gametype|singles
|player|p1|equinox000|170|1554
|player|p2|lolcano46|fisherman-gen4|1524
|teamsize|p1|6
|teamsize|p2|6
|gen|9
|tier|[Gen 9] OU
|rated|
|rule|HP Percentage Mod: HP is shown in percentages
|rule|Endless Battle Clause: Forcing endless battles is banned
|rule|Species Clause: Limit one of each Pokémon
|rule|OHKO Clause: OHKO moves are banned
|rule|Evasion Items Clause: Evasion items are banned
|rule|Evasion Moves Clause: Evasion moves are banned
|rule|Sleep Moves Clause: Sleep-inducing moves are banned
|clearpoke
|poke|p1|Garganacl, M|
|poke|p1|Weezing-Galar, F|
|poke|p1|Corviknight, M|
|poke|p1|Dragapult, M|
|poke|p1|Slowking-Galar, F|
|poke|p1|Samurott-Hisui, F|
|poke|p2|Azelf|
|poke|p2|Ogerpon-Wellspring, F|
|poke|p2|Scizor, M|
|poke|p2|Gengar, M|
|poke|p2|Raging Bolt|
|poke|p2|Cinderace, F|
|teampreview
|inactive|Battle timer is ON: inactive players will automatically lose when time's up. (requested by lolcano46)
|
|t:|1743881213
|start
|switch|p1a: Samurott|Samurott-Hisui, F|100/100
|switch|p2a: Azelf|Azelf|100/100
|turn|1
|
|t:|1743881224
|-terastallize|p2a: Azelf|Fairy
|move|p1a: Samurott|Ceaseless Edge|p2a: Azelf
|-resisted|p2a: Azelf
|-damage|p2a: Azelf|64/100
|-sidestart|p2: lolcano46|Spikes
|move|p2a: Azelf|Dazzling Gleam|p1a: Samurott
|-supereffective|p1a: Samurott
|-damage|p1a: Samurott|0 fnt
|faint|p1a: Samurott
|
|upkeep
|
|t:|1743881230
|switch|p1a: Slowking|Slowking-Galar, F|100/100
|turn|2
|
|t:|1743881237
|switch|p2a: Cinderace|Cinderace, F|100/100
|move|p1a: Slowking|Flamethrower|p2a: Cinderace
|-resisted|p2a: Cinderace
|-damage|p2a: Cinderace|84/100
|
|upkeep
|turn|3
|
|t:|1743881243
|switch|p1a: Weezing|Weezing-Galar, F|100/100
|-ability|p1a: Weezing|Neutralizing Gas
|move|p2a: Cinderace|Pyro Ball|p1a: Weezing
|-damage|p1a: Weezing|65/100
|
|upkeep
|turn|4
|
|t:|1743881250
|move|p2a: Cinderace|Pyro Ball|p1a: Weezing
|-damage|p1a: Weezing|26/100
|move|p1a: Weezing|Pain Split|p2a: Cinderace
|-sethp|p2a: Cinderace|56/100|[from] move: Pain Split|[silent]
|-sethp|p1a: Weezing|51/100|[from] move: Pain Split
|
|upkeep
|turn|5
|
|t:|1743881259
|-end|p1a: Weezing|ability: Neutralizing Gas
|switch|p1a: Dragapult|Dragapult, M|100/100
|move|p2a: Cinderace|Pyro Ball|p1a: Dragapult
|-resisted|p1a: Dragapult
|-damage|p1a: Dragapult|61/100
|
|upkeep
|turn|6
|
|t:|1743881264
|move|p2a: Cinderace|Sucker Punch|p1a: Dragapult
|-start|p2a: Cinderace|typechange|Dark|[from] ability: Libero
|-supereffective|p1a: Dragapult
|-damage|p1a: Dragapult|0 fnt
|faint|p1a: Dragapult
|
|upkeep
|
|t:|1743881267
|switch|p1a: Garganacl|Garganacl, M|100/100
|turn|7
|
|t:|1743881272
|-terastallize|p1a: Garganacl|Fairy
|move|p2a: Cinderace|Court Change|p2a: Cinderace
|-swapsideconditions
|-activate|p2a: Cinderace|move: Court Change
|move|p1a: Garganacl|Salt Cure|p2a: Cinderace
|-damage|p2a: Cinderace|38/100
|-start|p2a: Cinderace|Salt Cure
|
|-damage|p2a: Cinderace|26/100|[from] Salt Cure
|upkeep
|turn|8
|
|t:|1743881280
|move|p2a: Cinderace|Pyro Ball|p1a: Garganacl
|-damage|p1a: Garganacl|75/100
|move|p1a: Garganacl|Stealth Rock|p2a: Cinderace
|-sidestart|p2: lolcano46|move: Stealth Rock
|
|-heal|p1a: Garganacl|82/100|[from] item: Leftovers
|-damage|p2a: Cinderace|13/100|[from] Salt Cure
|upkeep
|turn|9
|
|t:|1743881287
|move|p1a: Garganacl|Protect|p1a: Garganacl
|-singleturn|p1a: Garganacl|Protect
|move|p2a: Cinderace|Pyro Ball|p1a: Garganacl
|-activate|p1a: Garganacl|move: Protect
|
|-heal|p1a: Garganacl|88/100|[from] item: Leftovers
|-damage|p2a: Cinderace|1/100|[from] Salt Cure
|upkeep
|turn|10
|
|t:|1743881290
|move|p2a: Cinderace|Pyro Ball|p1a: Garganacl
|-damage|p1a: Garganacl|62/100
|move|p1a: Garganacl|Recover|p1a: Garganacl
|-heal|p1a: Garganacl|100/100
|
|-damage|p2a: Cinderace|0 fnt|[from] Salt Cure
|faint|p2a: Cinderace
|upkeep
|
|t:|1743881294
|switch|p2a: Gengar|Gengar, M|100/100
|-damage|p2a: Gengar|88/100|[from] Stealth Rock
|turn|11
|
|t:|1743881299
|switch|p1a: Slowking|Slowking-Galar, F|100/100
|-damage|p1a: Slowking|88/100|[from] Spikes
|move|p2a: Gengar|Trick|p1a: Slowking
|-activate|p2a: Gengar|move: Trick|[of] p1a: Slowking
|-item|p1a: Slowking|Choice Scarf|[from] move: Trick
|-item|p2a: Gengar|Assault Vest|[from] move: Trick
|
|upkeep
|turn|12
|
|t:|1743881306
|move|p2a: Gengar|Shadow Ball|p1a: Slowking
|-supereffective|p1a: Slowking
|-damage|p1a: Slowking|34/100
|move|p1a: Slowking|Psychic Noise|p2a: Gengar
|-supereffective|p2a: Gengar
|-damage|p2a: Gengar|20/100
|-start|p2a: Gengar|move: Heal Block
|
|upkeep
|turn|13
|j| MakeAFist
|inactive|equinox000 has 120 seconds left.
|
|t:|1743881337
|switch|p1a: Weezing|Weezing-Galar, F|51/100
|-ability|p1a: Weezing|Neutralizing Gas
|move|p2a: Gengar|Shadow Ball|p1a: Weezing
|-damage|p1a: Weezing|0 fnt
|faint|p1a: Weezing
|-end|p1a: Weezing|ability: Neutralizing Gas
|
|-end|p2a: Gengar|move: Heal Block
|upkeep
|inactive|equinox000 has 120 seconds left.
|
|t:|1743881348
|switch|p1a: Slowking|Slowking-Galar, F|67/100
|-damage|p1a: Slowking|55/100|[from] Spikes
|turn|14
|inactive|equinox000 has 120 seconds left.
|
|t:|1743881354
|move|p2a: Gengar|Shadow Ball|p1a: Slowking
|-supereffective|p1a: Slowking
|-damage|p1a: Slowking|4/100
|move|p1a: Slowking|Flamethrower|p2a: Gengar
|-damage|p2a: Gengar|0 fnt
|faint|p2a: Gengar
|
|upkeep
|
|t:|1743881361
|switch|p2a: Raging Bolt|Raging Bolt|100/100
|-damage|p2a: Raging Bolt|88/100|[from] Stealth Rock
|-enditem|p2a: Raging Bolt|Booster Energy
|-activate|p2a: Raging Bolt|ability: Protosynthesis|[fromitem]
|-start|p2a: Raging Bolt|protosynthesisspa
|turn|15
|
|t:|1743881367
|switch|p1a: Garganacl|Garganacl, M, tera:Fairy|100/100
|-damage|p1a: Garganacl|88/100|[from] Spikes
|move|p2a: Raging Bolt|Calm Mind|p2a: Raging Bolt
|-boost|p2a: Raging Bolt|spa|1
|-boost|p2a: Raging Bolt|spd|1
|
|-heal|p1a: Garganacl|94/100|[from] item: Leftovers
|upkeep
|turn|16
|
|t:|1743881375
|move|p2a: Raging Bolt|Thunderbolt|p1a: Garganacl
|-damage|p1a: Garganacl|21/100
|move|p1a: Garganacl|Salt Cure|p2a: Raging Bolt
|-damage|p2a: Raging Bolt|75/100
|-start|p2a: Raging Bolt|Salt Cure
|
|-heal|p1a: Garganacl|27/100|[from] item: Leftovers
|-damage|p2a: Raging Bolt|62/100|[from] Salt Cure
|upkeep
|turn|17
|
|t:|1743881382
|move|p1a: Garganacl|Protect|p1a: Garganacl
|-singleturn|p1a: Garganacl|Protect
|move|p2a: Raging Bolt|Thunderbolt|p1a: Garganacl
|-activate|p1a: Garganacl|move: Protect
|
|-heal|p1a: Garganacl|34/100|[from] item: Leftovers
|-damage|p2a: Raging Bolt|50/100|[from] Salt Cure
|upkeep
|turn|18
|
|t:|1743881389
|switch|p1a: Slowking|Slowking-Galar, F|37/100
|-damage|p1a: Slowking|25/100|[from] Spikes
|move|p2a: Raging Bolt|Thunderbolt|p1a: Slowking
|-damage|p1a: Slowking|0 fnt
|faint|p1a: Slowking
|
|-damage|p2a: Raging Bolt|37/100|[from] Salt Cure
|upkeep
|
|t:|1743881392
|switch|p1a: Garganacl|Garganacl, M, tera:Fairy|34/100
|-damage|p1a: Garganacl|21/100|[from] Spikes
|turn|19
|
|t:|1743881400
|move|p1a: Garganacl|Protect|p1a: Garganacl
|-singleturn|p1a: Garganacl|Protect
|move|p2a: Raging Bolt|Calm Mind|p2a: Raging Bolt
|-boost|p2a: Raging Bolt|spa|1
|-boost|p2a: Raging Bolt|spd|1
|
|-heal|p1a: Garganacl|27/100|[from] item: Leftovers
|-damage|p2a: Raging Bolt|25/100|[from] Salt Cure
|upkeep
|turn|20
|
|t:|1743881413
|move|p1a: Garganacl|Protect||[still]
|-fail|p1a: Garganacl
|move|p2a: Raging Bolt|Thunderbolt|p1a: Garganacl
|-damage|p1a: Garganacl|0 fnt
|faint|p1a: Garganacl
|
|-damage|p2a: Raging Bolt|12/100|[from] Salt Cure
|upkeep
|-message|equinox000 forfeited.
|
|win|lolcano46
|raw|equinox000's rating: 1554 &rarr; <strong>1534</strong><br />(-20 for losing)
|raw|lolcano46's rating: 1549 &rarr; <strong>1569</strong><br />(+20 for winning)
|l|☆equinox000
|player|p1|
|l| MakeAFist
|l|☆lolcano46
|player|p2|
