|j|☆54 Insane Rats
|j|☆MiaTaylor612
|t:|1743795823
|gametype|singles
|player|p1|54 Insane Rats|supernerd|1760
|player|p2|MiaTaylor612|idol|1680
|teamsize|p1|6
|teamsize|p2|6
|gen|9
|tier|[Gen 9] OU
|rated|
|rule|HP Percentage Mod: HP is shown in percentages
|rule|Endless Battle Clause: Forcing endless battles is banned
|rule|Species Clause: Limit one of each Pokémon
|rule|OHKO Clause: OHKO moves are banned
|rule|Evasion Items Clause: Evasion items are banned
|rule|Evasion Moves Clause: Evasion moves are banned
|rule|Sleep Moves Clause: Sleep-inducing moves are banned
|clearpoke
|poke|p1|Hoopa-Unbound|
|poke|p1|Zamazenta-*|
|poke|p1|Ogerpon-Wellspring, F|
|poke|p1|Kyurem|
|poke|p1|Corviknight, M|
|poke|p1|Weezing-Galar, F|
|poke|p2|Garchomp, F|
|poke|p2|Slowking-Galar, F|
|poke|p2|Gholdengo|
|poke|p2|Moltres|
|poke|p2|Iron Valiant|
|poke|p2|Kingambit, M|
|teampreview
|inactive|Battle timer is ON: inactive players will automatically lose when time's up. (requested by MiaTaylor612)
|inactive|54 Insane Rats also wants the timer to be on.
|
|t:|1743795831
|start
|switch|p1a: Ogerpon|Ogerpon-Wellspring, F|100/100
|switch|p2a: Gholdengo|Gholdengo|100/100
|turn|1
|
|t:|1743795837
|move|p1a: Ogerpon|U-turn|p2a: Gholdengo
|-resisted|p2a: Gholdengo
|-damage|p2a: Gholdengo|96/100
|
|t:|1743795842
|switch|p1a: Hoopa|Hoopa-Unbound|100/100|[from] U-turn
|move|p2a: Gholdengo|Thunder Wave|p1a: Hoopa|[miss]
|-miss|p2a: Gholdengo|p1a: Hoopa
|
|upkeep
|turn|2
|
|t:|1743795849
|switch|p2a: Garchomp|Garchomp, F|100/100
|move|p1a: Hoopa|Knock Off|p2a: Garchomp
|-damage|p2a: Garchomp|68/100
|-damage|p1a: Hoopa|88/100|[from] ability: Rough Skin|[of] p2a: Garchomp
|-damage|p1a: Hoopa|72/100|[from] item: Rocky Helmet|[of] p2a: Garchomp
|-enditem|p2a: Garchomp|Rocky Helmet|[from] move: Knock Off|[of] p1a: Hoopa
|
|upkeep
|turn|3
|
|t:|1743795855
|switch|p1a: Corviknight|Corviknight, M|100/100
|-ability|p1a: Corviknight|Pressure
|move|p2a: Garchomp|Stealth Rock|p1a: Corviknight
|-sidestart|p1: 54 Insane Rats|move: Stealth Rock
|
|upkeep
|turn|4
|
|t:|1743795858
|move|p2a: Garchomp|Spikes|p1a: Corviknight
|-sidestart|p1: 54 Insane Rats|Spikes
|move|p1a: Corviknight|U-turn|p2a: Garchomp
|-damage|p2a: Garchomp|58/100
|-damage|p1a: Corviknight|88/100|[from] ability: Rough Skin|[of] p2a: Garchomp
|
|t:|1743795862
|switch|p1a: Ogerpon|Ogerpon-Wellspring, F|100/100|[from] U-turn
|-damage|p1a: Ogerpon|88/100|[from] Stealth Rock
|-damage|p1a: Ogerpon|76/100|[from] Spikes
|
|upkeep
|turn|5
|
|t:|1743795866
|move|p1a: Ogerpon|Encore|p2a: Garchomp
|-start|p2a: Garchomp|Encore
|move|p2a: Garchomp|Spikes|p1a: Ogerpon
|-sidestart|p1: 54 Insane Rats|Spikes
|
|upkeep
|turn|6
|
|t:|1743795871
|switch|p2a: Gholdengo|Gholdengo|96/100
|move|p1a: Ogerpon|Ivy Cudgel|p2a: Gholdengo|[anim] Ivy Cudgel Water
|-damage|p2a: Gholdengo|53/100
|
|upkeep
|turn|7
|
|t:|1743795877
|move|p1a: Ogerpon|Ivy Cudgel|p2a: Gholdengo|[anim] Ivy Cudgel Water
|-damage|p2a: Gholdengo|14/100
|move|p2a: Gholdengo|Thunder Wave|p1a: Ogerpon
|-status|p1a: Ogerpon|par
|
|upkeep
|turn|8
|
|t:|1743795887
|switch|p2a: Garchomp|Garchomp, F|58/100
|cant|p1a: Ogerpon|par
|
|upkeep
|turn|9
|
|t:|1743795890
|move|p1a: Ogerpon|Encore||[still]
|-fail|p1a: Ogerpon
|move|p2a: Garchomp|Dragon Tail|p1a: Ogerpon
|-damage|p1a: Ogerpon|41/100 par
|drag|p1a: Kyurem|Kyurem|100/100
|-damage|p1a: Kyurem|75/100|[from] Stealth Rock
|-damage|p1a: Kyurem|59/100|[from] Spikes
|-ability|p1a: Kyurem|Pressure
|
|-heal|p1a: Kyurem|65/100|[from] item: Leftovers
|upkeep
|turn|10
|
|t:|1743795897
|switch|p2a: Slowking|Slowking-Galar, F|100/100
|move|p1a: Kyurem|Substitute|p1a: Kyurem
|-start|p1a: Kyurem|Substitute
|-damage|p1a: Kyurem|40/100
|
|-heal|p1a: Kyurem|46/100|[from] item: Leftovers
|upkeep
|turn|11
|
|t:|1743795902
|move|p1a: Kyurem|Dragon Dance|p1a: Kyurem
|-boost|p1a: Kyurem|atk|1
|-boost|p1a: Kyurem|spe|1
|-prepare|p2a: Slowking|Chilly Reception|[premajor]
|move|p2a: Slowking|Chilly Reception|p2a: Slowking
|-weather|Snowscape
|
|t:|1743795904
|switch|p2a: Moltres|Moltres|100/100|[from] Chilly Reception
|
|-weather|Snowscape|[upkeep]
|-heal|p1a: Kyurem|52/100|[from] item: Leftovers
|upkeep
|turn|12
|
|t:|1743795906
|move|p1a: Kyurem|Icicle Spear|p2a: Moltres
|-damage|p2a: Moltres|83/100
|-damage|p2a: Moltres|65/100
|-damage|p2a: Moltres|46/100
|-hitcount|p2a: Moltres|3
|move|p2a: Moltres|Roar|p1a: Kyurem
|drag|p1a: Ogerpon|Ogerpon-Wellspring, F|41/100 par
|-damage|p1a: Ogerpon|29/100 par|[from] Stealth Rock
|-damage|p1a: Ogerpon|12/100 par|[from] Spikes
|
|-weather|Snowscape|[upkeep]
|upkeep
|turn|13
|
|t:|1743795912
|move|p2a: Moltres|U-turn|p1a: Ogerpon
|-supereffective|p1a: Ogerpon
|-damage|p1a: Ogerpon|0 fnt
|faint|p1a: Ogerpon
|
|t:|1743795917
|switch|p2a: Iron Valiant|Iron Valiant|100/100|[from] U-turn
|
|-weather|Snowscape|[upkeep]
|upkeep
|
|t:|1743795919
|switch|p1a: Weezing|Weezing-Galar, F|100/100
|-ability|p1a: Weezing|Neutralizing Gas
|-damage|p1a: Weezing|88/100|[from] Stealth Rock
|-damage|p1a: Weezing|72/100|[from] Spikes
|turn|14
|
|t:|1743795922
|move|p2a: Iron Valiant|Knock Off|p1a: Weezing
|-resisted|p1a: Weezing
|-damage|p1a: Weezing|61/100
|-enditem|p1a: Weezing|Leftovers|[from] move: Knock Off|[of] p2a: Iron Valiant
|move|p1a: Weezing|Defog|p2a: Iron Valiant
|-unboost|p2a: Iron Valiant|evasion|1
|-sideend|p1: 54 Insane Rats|Spikes|[from] move: Defog|[of] p1a: Weezing
|-sideend|p1: 54 Insane Rats|Stealth Rock|[from] move: Defog|[of] p1a: Weezing
|
|-weather|Snowscape|[upkeep]
|upkeep
|turn|15
|
|t:|1743795925
|move|p2a: Iron Valiant|Encore|p1a: Weezing
|-start|p1a: Weezing|Encore
|move|p1a: Weezing|Defog|p2a: Iron Valiant
|-unboost|p2a: Iron Valiant|evasion|1
|
|-weather|none
|upkeep
|turn|16
|
|t:|1743795929
|-end|p1a: Weezing|ability: Neutralizing Gas
|switch|p1a: Corviknight|Corviknight, M|88/100
|-ability|p1a: Corviknight|Pressure
|move|p2a: Iron Valiant|Knock Off|p1a: Corviknight
|-damage|p1a: Corviknight|67/100
|-damage|p2a: Iron Valiant|84/100|[from] item: Rocky Helmet|[of] p1a: Corviknight
|-enditem|p1a: Corviknight|Rocky Helmet|[from] move: Knock Off|[of] p2a: Iron Valiant
|
|upkeep
|turn|17
|
|t:|1743795933
|-end|p2a: Iron Valiant|Quark Drive|[silent]
|switch|p2a: Moltres|Moltres|46/100
|move|p1a: Corviknight|U-turn|p2a: Moltres
|-resisted|p2a: Moltres
|-damage|p2a: Moltres|43/100
|
|t:|1743795939
|switch|p1a: Hoopa|Hoopa-Unbound|72/100|[from] U-turn
|
|upkeep
|turn|18
|
|t:|1743795947
|move|p2a: Moltres|U-turn|p1a: Hoopa
|-supereffective|p1a: Hoopa
|-damage|p1a: Hoopa|5/100
|
|t:|1743795960
|switch|p2a: Slowking|Slowking-Galar, F|100/100|[from] U-turn
|move|p1a: Hoopa|Knock Off|p2a: Slowking
|-supereffective|p2a: Slowking
|-damage|p2a: Slowking|1/100
|-enditem|p2a: Slowking|Heavy-Duty Boots|[from] move: Knock Off|[of] p1a: Hoopa
|
|upkeep
|turn|19
|
|t:|1743795966
|move|p1a: Hoopa|Psychic Noise|p2a: Slowking
|-damage|p2a: Slowking|0 fnt
|faint|p2a: Slowking
|
|upkeep
|
|t:|1743795976
|switch|p2a: Iron Valiant|Iron Valiant|84/100
|turn|20
|
|t:|1743795980
|move|p2a: Iron Valiant|Moonblast|p1a: Hoopa
|-supereffective|p1a: Hoopa
|-damage|p1a: Hoopa|0 fnt
|faint|p1a: Hoopa
|
|upkeep
|
|t:|1743795983
|switch|p1a: Corviknight|Corviknight, M|67/100
|-ability|p1a: Corviknight|Pressure
|turn|21
|
|t:|1743795987
|-end|p2a: Iron Valiant|Quark Drive|[silent]
|switch|p2a: Moltres|Moltres|43/100
|move|p1a: Corviknight|U-turn|p2a: Moltres
|-resisted|p2a: Moltres
|-damage|p2a: Moltres|39/100
|
|t:|1743795990
|switch|p1a: Kyurem|Kyurem|52/100|[from] U-turn
|-ability|p1a: Kyurem|Pressure
|
|-heal|p1a: Kyurem|59/100|[from] item: Leftovers
|upkeep
|turn|22
|
|t:|1743795992
|move|p1a: Kyurem|Icicle Spear|p2a: Moltres
|-damage|p2a: Moltres|26/100
|-damage|p2a: Moltres|14/100
|-hitcount|p2a: Moltres|2
|move|p2a: Moltres|Roost|p2a: Moltres
|-heal|p2a: Moltres|64/100
|-singleturn|p2a: Moltres|move: Roost
|
|-heal|p1a: Kyurem|65/100|[from] item: Leftovers
|upkeep
|turn|23
|
|t:|1743795998
|move|p1a: Kyurem|Protect|p1a: Kyurem
|-singleturn|p1a: Kyurem|Protect
|move|p2a: Moltres|Roar|p1a: Kyurem
|drag|p1a: Zamazenta|Zamazenta|100/100
|-ability|p1a: Zamazenta|Dauntless Shield|boost
|-boost|p1a: Zamazenta|def|1
|
|upkeep
|turn|24
|
|t:|1743796003
|switch|p2a: Garchomp|Garchomp, F|58/100
|move|p1a: Zamazenta|Substitute|p1a: Zamazenta
|-start|p1a: Zamazenta|Substitute
|-damage|p1a: Zamazenta|75/100
|
|-heal|p1a: Zamazenta|82/100|[from] item: Leftovers
|upkeep
|turn|25
|
|t:|1743796007
|move|p1a: Zamazenta|Iron Defense|p1a: Zamazenta
|-boost|p1a: Zamazenta|def|2
|move|p2a: Garchomp|Stealth Rock|p1a: Zamazenta
|-sidestart|p1: 54 Insane Rats|move: Stealth Rock
|
|-heal|p1a: Zamazenta|88/100|[from] item: Leftovers
|upkeep
|turn|26
|
|t:|1743796009
|move|p1a: Zamazenta|Iron Defense|p1a: Zamazenta
|-boost|p1a: Zamazenta|def|2
|move|p2a: Garchomp|Spikes|p1a: Zamazenta
|-sidestart|p1: 54 Insane Rats|Spikes
|
|-heal|p1a: Zamazenta|94/100|[from] item: Leftovers
|upkeep
|turn|27
|
|t:|1743796014
|switch|p2a: Moltres|Moltres|64/100
|move|p1a: Zamazenta|Body Press|p2a: Moltres
|-resisted|p2a: Moltres
|-damage|p2a: Moltres|6/100
|
|-heal|p1a: Zamazenta|99/100|[from] item: Leftovers
|upkeep
|turn|28
|
|t:|1743796021
|-terastallize|p1a: Zamazenta|Fire
|move|p1a: Zamazenta|Crunch|p2a: Moltres
|-damage|p2a: Moltres|0 fnt
|faint|p2a: Moltres
|
|-heal|p1a: Zamazenta|100/100|[from] item: Leftovers
|upkeep
|
|t:|1743796024
|switch|p2a: Iron Valiant|Iron Valiant|84/100
|turn|29
|
|t:|1743796028
|move|p1a: Zamazenta|Body Press|p2a: Iron Valiant
|-resisted|p2a: Iron Valiant
|-damage|p2a: Iron Valiant|11/100
|move|p2a: Iron Valiant|Encore|p1a: Zamazenta
|-start|p1a: Zamazenta|Encore
|
|upkeep
|turn|30
|
|t:|1743796031
|-end|p2a: Iron Valiant|Quark Drive|[silent]
|switch|p2a: Gholdengo|Gholdengo|14/100
|move|p1a: Zamazenta|Body Press|p2a: Gholdengo
|-immune|p2a: Gholdengo
|
|upkeep
|turn|31
|
|t:|1743796032
|move|p1a: Zamazenta|Body Press|p2a: Gholdengo
|-immune|p2a: Gholdengo
|move|p2a: Gholdengo|Recover|p2a: Gholdengo
|-heal|p2a: Gholdengo|64/100
|
|upkeep
|turn|32
|
|t:|1743796035
|move|p1a: Zamazenta|Body Press|p2a: Gholdengo
|-immune|p2a: Gholdengo
|move|p2a: Gholdengo|Hex|p1a: Zamazenta
|-activate|p1a: Zamazenta|move: Substitute|[damage]
|
|-end|p1a: Zamazenta|Encore
|upkeep
|turn|33
|
|t:|1743796037
|move|p1a: Zamazenta|Crunch|p2a: Gholdengo
|-supereffective|p2a: Gholdengo
|-damage|p2a: Gholdengo|35/100
|move|p2a: Gholdengo|Recover|p2a: Gholdengo
|-heal|p2a: Gholdengo|85/100
|
|upkeep
|turn|34
|
|t:|1743796041
|move|p1a: Zamazenta|Crunch|p2a: Gholdengo
|-supereffective|p2a: Gholdengo
|-damage|p2a: Gholdengo|53/100
|move|p2a: Gholdengo|Hex|p1a: Zamazenta
|-end|p1a: Zamazenta|Substitute
|
|upkeep
|turn|35
|
|t:|1743796044
|move|p1a: Zamazenta|Substitute|p1a: Zamazenta
|-start|p1a: Zamazenta|Substitute
|-damage|p1a: Zamazenta|75/100
|move|p2a: Gholdengo|Recover|p2a: Gholdengo
|-heal|p2a: Gholdengo|100/100
|
|-heal|p1a: Zamazenta|82/100|[from] item: Leftovers
|upkeep
|turn|36
|
|t:|1743796046
|move|p1a: Zamazenta|Crunch|p2a: Gholdengo
|-supereffective|p2a: Gholdengo
|-damage|p2a: Gholdengo|71/100
|move|p2a: Gholdengo|Hex|p1a: Zamazenta
|-activate|p1a: Zamazenta|move: Substitute|[damage]
|
|-heal|p1a: Zamazenta|88/100|[from] item: Leftovers
|upkeep
|turn|37
|
|t:|1743796050
|move|p1a: Zamazenta|Crunch|p2a: Gholdengo
|-supereffective|p2a: Gholdengo
|-damage|p2a: Gholdengo|39/100
|move|p2a: Gholdengo|Recover|p2a: Gholdengo
|-heal|p2a: Gholdengo|89/100
|
|-heal|p1a: Zamazenta|94/100|[from] item: Leftovers
|upkeep
|turn|38
|
|t:|1743796053
|move|p1a: Zamazenta|Crunch|p2a: Gholdengo
|-supereffective|p2a: Gholdengo
|-damage|p2a: Gholdengo|59/100
|move|p2a: Gholdengo|Hex|p1a: Zamazenta
|-end|p1a: Zamazenta|Substitute
|
|-heal|p1a: Zamazenta|99/100|[from] item: Leftovers
|upkeep
|turn|39
|
|t:|1743796061
|move|p1a: Zamazenta|Substitute|p1a: Zamazenta
|-start|p1a: Zamazenta|Substitute
|-damage|p1a: Zamazenta|75/100
|move|p2a: Gholdengo|Recover|p2a: Gholdengo
|-heal|p2a: Gholdengo|100/100
|
|-heal|p1a: Zamazenta|81/100|[from] item: Leftovers
|upkeep
|turn|40
|
|t:|1743796063
|move|p1a: Zamazenta|Crunch|p2a: Gholdengo
|-supereffective|p2a: Gholdengo
|-damage|p2a: Gholdengo|72/100
|move|p2a: Gholdengo|Hex|p1a: Zamazenta
|-activate|p1a: Zamazenta|move: Substitute|[damage]
|
|-heal|p1a: Zamazenta|88/100|[from] item: Leftovers
|upkeep
|turn|41
|
|t:|1743796066
|move|p1a: Zamazenta|Crunch|p2a: Gholdengo
|-supereffective|p2a: Gholdengo
|-damage|p2a: Gholdengo|42/100
|move|p2a: Gholdengo|Hex|p1a: Zamazenta
|-end|p1a: Zamazenta|Substitute
|
|-heal|p1a: Zamazenta|94/100|[from] item: Leftovers
|upkeep
|turn|42
|
|t:|1743796069
|move|p1a: Zamazenta|Substitute|p1a: Zamazenta
|-start|p1a: Zamazenta|Substitute
|-damage|p1a: Zamazenta|69/100
|move|p2a: Gholdengo|Recover|p2a: Gholdengo
|-heal|p2a: Gholdengo|92/100
|
|-heal|p1a: Zamazenta|75/100|[from] item: Leftovers
|upkeep
|turn|43
|-message|MiaTaylor612 forfeited.
|
|win|54 Insane Rats
|raw|54 Insane Rats's rating: 1760 &rarr; <strong>1775</strong><br />(+15 for winning)
|raw|MiaTaylor612's rating: 1680 &rarr; <strong>1665</strong><br />(-15 for losing)
|l|☆MiaTaylor612
|player|p2|
