|j|☆Sumpax
|j|☆Samarand
|t:|1743778234
|gametype|singles
|player|p1|Sumpax|265|1370
|player|p2|Samarand|darach-caitlin|1363
|teamsize|p1|6
|teamsize|p2|6
|gen|9
|tier|[Gen 9] OU
|rated|
|rule|HP Percentage Mod: HP is shown in percentages
|rule|Endless Battle Clause: Forcing endless battles is banned
|rule|Species Clause: Limit one of each Pokémon
|rule|OHKO Clause: OHKO moves are banned
|rule|Evasion Items Clause: Evasion items are banned
|rule|Evasion Moves Clause: Evasion moves are banned
|rule|Sleep Moves Clause: Sleep-inducing moves are banned
|clearpoke
|poke|p1|Araquanid, M|
|poke|p1|Iron Treads|
|poke|p1|Cinderace, F|
|poke|p1|Kingambit, F|
|poke|p1|Pecharunt|
|poke|p1|Dragonite, F|
|poke|p2|Raging Bolt|
|poke|p2|Garchomp, F|
|poke|p2|Ninetales, M|
|poke|p2|Delphox, F|
|poke|p2|Scizor, F|
|poke|p2|Wo-Chien|
|teampreview
|inactive|Battle timer is ON: inactive players will automatically lose when time's up. (requested by Sumpax)
|
|t:|1743778248
|start
|switch|p1a: Araquanid|Araquanid, M, shiny|100/100
|switch|p2a: Joker|Garchomp, F|100/100
|turn|1
|
|t:|1743778254
|move|p2a: Joker|Swords Dance|p2a: Joker
|-boost|p2a: Joker|atk|2
|move|p1a: Araquanid|Sticky Web|p2a: Joker
|-sidestart|p2: Samarand|move: Sticky Web
|
|upkeep
|turn|2
|
|t:|1743778258
|move|p2a: Joker|Rock Slide|p1a: Araquanid
|-supereffective|p1a: Araquanid
|-damage|p1a: Araquanid|8/100
|cant|p1a: Araquanid|flinch
|
|upkeep
|turn|3
|c|☆Samarand|dang
|
|t:|1743778283
|switch|p2a: Clubs|Wo-Chien|100/100
|-activate|p2a: Clubs|move: Sticky Web
|-unboost|p2a: Clubs|spe|1
|-ability|p2a: Clubs|Tablets of Ruin
|switch|p1a: Dragonite|Dragonite, F|100/100
|
|upkeep
|turn|4
|
|t:|1743778303
|switch|p1a: Araquanid|Araquanid, M, shiny|8/100
|move|p2a: Clubs|Leech Seed|p1a: Araquanid
|-start|p1a: Araquanid|move: Leech Seed
|
|-damage|p1a: Araquanid|0 fnt|[from] Leech Seed|[of] p2a: Clubs
|faint|p1a: Araquanid
|upkeep
|
|t:|1743778311
|switch|p1a: Cinderace|Cinderace, F|100/100
|turn|5
|
|t:|1743778330
|switch|p2a: Great Neck|Raging Bolt|100/100
|-activate|p2a: Great Neck|move: Sticky Web
|-unboost|p2a: Great Neck|spe|1
|move|p1a: Cinderace|Swords Dance|p1a: Cinderace
|-boost|p1a: Cinderace|atk|2
|
|upkeep
|turn|6
|
|t:|1743778346
|move|p1a: Cinderace|Pyro Ball|p2a: Great Neck
|-resisted|p2a: Great Neck
|-damage|p2a: Great Neck|56/100
|move|p2a: Great Neck|Thunderbolt|p1a: Cinderace
|-damage|p1a: Cinderace|25/100
|
|upkeep
|turn|7
|
|t:|1743778358
|move|p2a: Great Neck|Thunderclap|p1a: Cinderace
|-crit|p1a: Cinderace
|-damage|p1a: Cinderace|0 fnt
|faint|p1a: Cinderace
|
|upkeep
|
|t:|1743778362
|switch|p1a: Iron Treads|Iron Treads|100/100
|-enditem|p1a: Iron Treads|Booster Energy
|-activate|p1a: Iron Treads|ability: Quark Drive|[fromitem]
|-start|p1a: Iron Treads|quarkdriveatk
|turn|8
|
|t:|1743778367
|-end|p2a: Great Neck|Protosynthesis|[silent]
|switch|p2a: Clubs|Wo-Chien|100/100
|-activate|p2a: Clubs|move: Sticky Web
|-unboost|p2a: Clubs|spe|1
|-ability|p2a: Clubs|Tablets of Ruin
|move|p1a: Iron Treads|Earthquake|p2a: Clubs
|-resisted|p2a: Clubs
|-damage|p2a: Clubs|82/100
|
|-heal|p2a: Clubs|88/100|[from] item: Leftovers
|upkeep
|turn|9
|
|t:|1743778384
|move|p1a: Iron Treads|Iron Head|p2a: Clubs
|-crit|p2a: Clubs
|-damage|p2a: Clubs|43/100
|move|p2a: Clubs|Leech Seed|p1a: Iron Treads
|-start|p1a: Iron Treads|move: Leech Seed
|
|-heal|p2a: Clubs|49/100|[from] item: Leftovers
|-damage|p1a: Iron Treads|88/100|[from] Leech Seed|[of] p2a: Clubs
|-heal|p2a: Clubs|60/100|[silent]
|upkeep
|turn|10
|
|t:|1743778392
|switch|p2a: Spades|Scizor, F|100/100
|-activate|p2a: Spades|move: Sticky Web
|-unboost|p2a: Spades|spe|1
|move|p1a: Iron Treads|Rapid Spin|p2a: Spades
|-resisted|p2a: Spades
|-damage|p2a: Spades|90/100
|-boost|p1a: Iron Treads|spe|1
|-end|p1a: Iron Treads|Leech Seed|[from] move: Rapid Spin|[of] p1a: Iron Treads
|
|-heal|p2a: Spades|96/100|[from] item: Leftovers
|upkeep
|turn|11
|
|t:|1743778404
|move|p1a: Iron Treads|Earthquake|p2a: Spades
|-damage|p2a: Spades|28/100
|move|p2a: Spades|Defog|p1a: Iron Treads
|-unboost|p1a: Iron Treads|evasion|1
|-sideend|p2: Samarand|Sticky Web|[from] move: Defog|[of] p2a: Spades
|
|-heal|p2a: Spades|34/100|[from] item: Leftovers
|upkeep
|turn|12
|
|t:|1743778414
|switch|p2a: Clubs|Wo-Chien|60/100
|-ability|p2a: Clubs|Tablets of Ruin
|move|p1a: Iron Treads|Earthquake|p2a: Clubs
|-resisted|p2a: Clubs
|-damage|p2a: Clubs|40/100
|
|-heal|p2a: Clubs|46/100|[from] item: Leftovers
|upkeep
|turn|13
|
|t:|1743778422
|move|p1a: Iron Treads|Iron Head|p2a: Clubs
|-damage|p2a: Clubs|17/100
|cant|p2a: Clubs|flinch
|
|-heal|p2a: Clubs|23/100|[from] item: Leftovers
|upkeep
|turn|14
|
|t:|1743778438
|switch|p2a: Diamonds|Ninetales, M|100/100
|-weather|SunnyDay|[from] ability: Drought|[of] p2a: Diamonds
|move|p1a: Iron Treads|Iron Head|p2a: Diamonds
|-resisted|p2a: Diamonds
|-damage|p2a: Diamonds|68/100
|
|-weather|SunnyDay|[upkeep]
|upkeep
|turn|15
|
|t:|1743778445
|-terastallize|p2a: Diamonds|Flying
|move|p1a: Iron Treads|Earthquake|p2a: Diamonds
|-immune|p2a: Diamonds
|move|p2a: Diamonds|Overheat|p1a: Iron Treads
|-supereffective|p1a: Iron Treads
|-damage|p1a: Iron Treads|0 fnt
|-unboost|p2a: Diamonds|spa|2
|faint|p1a: Iron Treads
|-end|p1a: Iron Treads|Quark Drive|[silent]
|
|-weather|SunnyDay|[upkeep]
|upkeep
|inactive|Sumpax has 120 seconds left.
|
|t:|1743778478
|switch|p1a: Dragonite|Dragonite, F|100/100
|turn|16
|
|t:|1743778485
|move|p2a: Diamonds|Will-O-Wisp|p1a: Dragonite
|-status|p1a: Dragonite|brn
|-enditem|p1a: Dragonite|Lum Berry|[eat]
|-curestatus|p1a: Dragonite|brn|[msg]
|move|p1a: Dragonite|Dragon Dance|p1a: Dragonite
|-boost|p1a: Dragonite|atk|1
|-boost|p1a: Dragonite|spe|1
|
|-weather|SunnyDay|[upkeep]
|upkeep
|turn|17
|
|t:|1743778493
|move|p1a: Dragonite|Ice Spinner|p2a: Diamonds
|-supereffective|p2a: Diamonds
|-damage|p2a: Diamonds|0 fnt
|faint|p2a: Diamonds
|
|-weather|SunnyDay|[upkeep]
|upkeep
|
|t:|1743778519
|switch|p2a: Hearts|Delphox, F|100/100
|turn|18
|
|t:|1743778529
|move|p1a: Dragonite|Earthquake|p2a: Hearts
|-supereffective|p2a: Hearts
|-damage|p2a: Hearts|0 fnt
|faint|p2a: Hearts
|
|-weather|SunnyDay|[upkeep]
|upkeep
|
|t:|1743778538
|switch|p2a: Great Neck|Raging Bolt|56/100
|-activate|p2a: Great Neck|ability: Protosynthesis
|-start|p2a: Great Neck|protosynthesisspa
|turn|19
|inactive|Sumpax has 120 seconds left.
|
|t:|1743778580
|-terastallize|p1a: Dragonite|Ground
|move|p2a: Great Neck|Thunderclap|p1a: Dragonite
|-immune|p1a: Dragonite
|move|p1a: Dragonite|Earthquake|p2a: Great Neck
|-supereffective|p2a: Great Neck
|-damage|p2a: Great Neck|0 fnt
|faint|p2a: Great Neck
|-end|p2a: Great Neck|Protosynthesis|[silent]
|
|-weather|SunnyDay|[upkeep]
|upkeep
|
|t:|1743778597
|switch|p2a: Clubs|Wo-Chien|23/100
|-ability|p2a: Clubs|Tablets of Ruin
|turn|20
|
|t:|1743778601
|move|p1a: Dragonite|Ice Spinner|p2a: Clubs
|-supereffective|p2a: Clubs
|-damage|p2a: Clubs|0 fnt
|faint|p2a: Clubs
|
|-weather|SunnyDay|[upkeep]
|upkeep
|
|t:|1743778611
|switch|p2a: Joker|Garchomp, F|100/100
|turn|21
|
|t:|1743778615
|move|p1a: Dragonite|Ice Spinner|p2a: Joker
|-supereffective|p2a: Joker
|-damage|p2a: Joker|0 fnt
|-damage|p1a: Dragonite|88/100|[from] ability: Rough Skin|[of] p2a: Joker
|faint|p2a: Joker
|
|-weather|none
|upkeep
|
|t:|1743778617
|switch|p2a: Spades|Scizor, F|34/100
|turn|22
|
|t:|1743778625
|move|p2a: Spades|Bullet Punch|p1a: Dragonite
|-damage|p1a: Dragonite|51/100
|move|p1a: Dragonite|Earthquake|p2a: Spades
|-damage|p2a: Spades|0 fnt
|faint|p2a: Spades
|
|win|Sumpax
|raw|Sumpax's rating: 1370 &rarr; <strong>1390</strong><br />(+20 for winning)
|raw|Samarand's rating: 1363 &rarr; <strong>1343</strong><br />(-20 for losing)
|l|☆Samarand
|player|p2|
|c|☆Sumpax|gg
