|j|☆Lorehunter1017
|j|☆Bighuff127
|t:|1743835821
|gametype|singles
|player|p1|Lorehunter1017|lance|1241
|player|p2|Bighuff127|2|1261
|teamsize|p1|6
|teamsize|p2|6
|gen|9
|tier|[Gen 9] OU
|rated|
|rule|HP Percentage Mod: HP is shown in percentages
|rule|Endless Battle Clause: Forcing endless battles is banned
|rule|Species Clause: Limit one of each Pokémon
|rule|OHKO Clause: OHKO moves are banned
|rule|Evasion Items Clause: Evasion items are banned
|rule|Evasion Moves Clause: Evasion moves are banned
|rule|Sleep Moves Clause: Sleep-inducing moves are banned
|clearpoke
|poke|p1|Dragonite, M|
|poke|p1|Klefki, F|
|poke|p1|Serperior, F|
|poke|p1|Gliscor, M|
|poke|p1|Darkrai|
|poke|p1|Talonflame, M|
|poke|p2|Hydreigon, M|
|poke|p2|Gholdengo|
|poke|p2|Dragapult, M|
|poke|p2|Ribombee, F|
|poke|p2|Great Tusk|
|poke|p2|Heatran, M|
|teampreview
|inactive|Battle timer is ON: inactive players will automatically lose when time's up. (requested by Lorehunter1017)
|
|t:|1743835827
|start
|switch|p1a: Gliscor|Gliscor, M|100/100
|switch|p2a: Hydreigon|Hydreigon, M|100/100
|turn|1
|
|t:|1743835831
|move|p2a: Hydreigon|Substitute|p2a: Hydreigon
|-start|p2a: Hydreigon|Substitute
|-damage|p2a: Hydreigon|76/100
|move|p1a: Gliscor|Toxic||[still]
|-fail|p1a: Gliscor
|
|-heal|p2a: Hydreigon|82/100|[from] item: Leftovers
|-status|p1a: Gliscor|tox|[from] item: Toxic Orb
|upkeep
|turn|2
|
|t:|1743835835
|move|p2a: Hydreigon|Nasty Plot|p2a: Hydreigon
|-boost|p2a: Hydreigon|spa|2
|move|p1a: Gliscor|Stealth Rock|p2a: Hydreigon
|-sidestart|p2: Bighuff127|move: Stealth Rock
|
|-heal|p2a: Hydreigon|88/100|[from] item: Leftovers
|upkeep
|turn|3
|
|t:|1743835841
|move|p2a: Hydreigon|Nasty Plot|p2a: Hydreigon
|-boost|p2a: Hydreigon|spa|2
|move|p1a: Gliscor|Knock Off|p2a: Hydreigon
|-resisted|p2a: Hydreigon
|-activate|p2a: Hydreigon|move: Substitute|[damage]
|
|-heal|p2a: Hydreigon|94/100|[from] item: Leftovers
|upkeep
|turn|4
|
|t:|1743835847
|move|p2a: Hydreigon|Nasty Plot|p2a: Hydreigon
|-boost|p2a: Hydreigon|spa|2
|move|p1a: Gliscor|Knock Off|p2a: Hydreigon
|-resisted|p2a: Hydreigon
|-activate|p2a: Hydreigon|move: Substitute|[damage]
|
|-heal|p2a: Hydreigon|99/100|[from] item: Leftovers
|upkeep
|turn|5
|
|t:|1743835851
|move|p2a: Hydreigon|Flash Cannon|p1a: Gliscor
|-damage|p1a: Gliscor|0 fnt
|faint|p1a: Gliscor
|
|-heal|p2a: Hydreigon|100/100|[from] item: Leftovers
|upkeep
|
|t:|1743835858
|switch|p1a: Darkrai|Darkrai|100/100
|turn|6
|
|t:|1743835864
|move|p1a: Darkrai|Haze|p1a: Darkrai
|-clearallboost
|move|p2a: Hydreigon|Flash Cannon|p1a: Darkrai
|-damage|p1a: Darkrai|64/100
|
|upkeep
|turn|7
|
|t:|1743835869
|move|p1a: Darkrai|Sludge Bomb|p2a: Hydreigon
|-end|p2a: Hydreigon|Substitute
|-damage|p1a: Darkrai|54/100|[from] item: Life Orb
|move|p2a: Hydreigon|Flash Cannon|p1a: Darkrai
|-damage|p1a: Darkrai|18/100
|
|upkeep
|turn|8
|
|t:|1743835874
|-terastallize|p2a: Hydreigon|Steel
|move|p1a: Darkrai|Sludge Bomb|p2a: Hydreigon
|-immune|p2a: Hydreigon
|move|p2a: Hydreigon|Substitute|p2a: Hydreigon
|-start|p2a: Hydreigon|Substitute
|-damage|p2a: Hydreigon|76/100
|
|-heal|p2a: Hydreigon|82/100|[from] item: Leftovers
|upkeep
|turn|9
|
|t:|1743835880
|move|p1a: Darkrai|Dark Pulse|p2a: Hydreigon
|-end|p2a: Hydreigon|Substitute
|-damage|p1a: Darkrai|8/100|[from] item: Life Orb
|move|p2a: Hydreigon|Flash Cannon|p1a: Darkrai
|-damage|p1a: Darkrai|0 fnt
|faint|p1a: Darkrai
|
|-heal|p2a: Hydreigon|88/100|[from] item: Leftovers
|upkeep
|
|t:|1743835887
|switch|p1a: Talonflame|Talonflame, M|100/100
|turn|10
|
|t:|1743835891
|switch|p2a: Heatran|Heatran, M|100/100
|-damage|p2a: Heatran|88/100|[from] Stealth Rock
|move|p1a: Talonflame|Flare Blitz|p2a: Heatran
|-start|p2a: Heatran|ability: Flash Fire
|
|-heal|p2a: Heatran|94/100|[from] item: Leftovers
|upkeep
|turn|11
|
|t:|1743835895
|move|p1a: Talonflame|Brave Bird|p2a: Heatran
|-resisted|p2a: Heatran
|-damage|p2a: Heatran|76/100
|-damage|p1a: Talonflame|93/100|[from] Recoil
|move|p2a: Heatran|Magma Storm|p1a: Talonflame|[miss]
|-miss|p2a: Heatran|p1a: Talonflame
|
|-heal|p2a: Heatran|82/100|[from] item: Leftovers
|upkeep
|turn|12
|
|t:|1743835901
|switch|p1a: Klefki|Klefki, F|100/100
|move|p2a: Heatran|Magma Storm|p1a: Klefki|[miss]
|-miss|p2a: Heatran|p1a: Klefki
|
|-heal|p2a: Heatran|89/100|[from] item: Leftovers
|upkeep
|turn|13
|
|t:|1743835905
|move|p1a: Klefki|Light Screen|p1a: Klefki
|-sidestart|p1: Lorehunter1017|move: Light Screen
|move|p2a: Heatran|Magma Storm|p1a: Klefki
|-supereffective|p1a: Klefki
|-damage|p1a: Klefki|27/100
|-activate|p1a: Klefki|move: Magma Storm|[of] p2a: Heatran
|
|-heal|p2a: Heatran|95/100|[from] item: Leftovers
|-heal|p1a: Klefki|33/100|[from] item: Leftovers
|-damage|p1a: Klefki|21/100|[from] move: Magma Storm|[partiallytrapped]
|upkeep
|turn|14
|
|t:|1743835910
|move|p2a: Heatran|Stealth Rock|p1a: Klefki
|-sidestart|p1: Lorehunter1017|move: Stealth Rock
|move|p1a: Klefki|Foul Play|p2a: Heatran
|-damage|p2a: Heatran|81/100
|
|-heal|p2a: Heatran|87/100|[from] item: Leftovers
|-heal|p1a: Klefki|27/100|[from] item: Leftovers
|-damage|p1a: Klefki|14/100|[from] move: Magma Storm|[partiallytrapped]
|upkeep
|turn|15
|
|t:|1743835917
|move|p2a: Heatran|Protect|p2a: Heatran
|-singleturn|p2a: Heatran|Protect
|move|p1a: Klefki|Foul Play|p2a: Heatran
|-activate|p2a: Heatran|move: Protect
|
|-heal|p2a: Heatran|94/100|[from] item: Leftovers
|-heal|p1a: Klefki|20/100|[from] item: Leftovers
|-damage|p1a: Klefki|8/100|[from] move: Magma Storm|[partiallytrapped]
|upkeep
|turn|16
|-message|Lorehunter1017 forfeited.
|
|win|Bighuff127
|raw|Lorehunter1017's rating: 1241 &rarr; <strong>1217</strong><br />(-24 for losing)
|raw|Bighuff127's rating: 1261 &rarr; <strong>1285</strong><br />(+24 for winning)
|l|☆Lorehunter1017
|player|p1|
|l|☆Bighuff127
|player|p2|
