|j|☆dia45
|j|☆mamabama
|t:|1743923736
|gametype|singles
|player|p1|dia45|rancher|1474
|player|p2|mamabama|brycenman|1565
|teamsize|p1|6
|teamsize|p2|6
|gen|9
|tier|[Gen 9] OU
|rated|
|rule|HP Percentage Mod: HP is shown in percentages
|rule|Endless Battle Clause: Forcing endless battles is banned
|rule|Species Clause: Limit one of each Pokémon
|rule|OHKO Clause: OHKO moves are banned
|rule|Evasion Items Clause: Evasion items are banned
|rule|Evasion Moves Clause: Evasion moves are banned
|rule|Sleep Moves Clause: Sleep-inducing moves are banned
|clearpoke
|poke|p1|Lokix, M|
|poke|p1|Slowking-Galar, M|
|poke|p1|Moltres|
|poke|p1|Okidogi, M|
|poke|p1|Enamorus, F|
|poke|p1|Iron Treads|
|poke|p2|Conkeldurr, F|
|poke|p2|Gholdengo|
|poke|p2|Greninja-*, M|
|poke|p2|Ninetales-Alola, M|
|poke|p2|Garchomp, F|
|poke|p2|Glimmora, F|
|teampreview
|inactive|Battle timer is ON: inactive players will automatically lose when time's up. (requested by dia45)
|inactive|dia45 has 120 seconds left.
|
|t:|1743923791
|start
|switch|p1a: Okidogi|Okidogi, M|100/100
|switch|p2a: Conkeldurr|Conkeldurr, F|100/100
|turn|1
|
|t:|1743923795
|switch|p2a: Garchomp|Garchomp, F|100/100
|move|p1a: Okidogi|Gunk Shot|p2a: Garchomp
|-resisted|p2a: Garchomp
|-damage|p2a: Garchomp|80/100
|-status|p2a: Garchomp|psn
|
|-damage|p2a: Garchomp|67/100 psn|[from] psn
|upkeep
|turn|2
|
|t:|1743923808
|switch|p1a: Moltres|Moltres|100/100
|move|p2a: Garchomp|Stealth Rock|p1a: Moltres
|-sidestart|p1: dia45|move: Stealth Rock
|
|-damage|p2a: Garchomp|55/100 psn|[from] psn
|upkeep
|turn|3
|
|t:|1743923822
|move|p2a: Garchomp|Spikes|p1a: Moltres
|-sidestart|p1: dia45|Spikes
|move|p1a: Moltres|Flamethrower|p2a: Garchomp
|-resisted|p2a: Garchomp
|-damage|p2a: Garchomp|38/100 psn
|
|-damage|p2a: Garchomp|26/100 psn|[from] psn
|upkeep
|turn|4
|
|t:|1743923831
|move|p2a: Garchomp|Earthquake|p1a: Moltres
|-immune|p1a: Moltres
|move|p1a: Moltres|Flamethrower|p2a: Garchomp
|-resisted|p2a: Garchomp
|-damage|p2a: Garchomp|9/100 psn
|
|-damage|p2a: Garchomp|0 fnt|[from] psn
|faint|p2a: Garchomp
|upkeep
|
|t:|1743923833
|switch|p2a: Conkeldurr|Conkeldurr, F|100/100
|turn|5
|
|t:|1743923838
|move|p1a: Moltres|U-turn|p2a: Conkeldurr
|-resisted|p2a: Conkeldurr
|-damage|p2a: Conkeldurr|93/100
|
|t:|1743923842
|switch|p1a: Okidogi|Okidogi, M|100/100|[from] U-turn
|-damage|p1a: Okidogi|94/100|[from] Stealth Rock
|-damage|p1a: Okidogi|82/100|[from] Spikes
|move|p2a: Conkeldurr|Rock Slide|p1a: Okidogi
|-resisted|p1a: Okidogi
|-damage|p1a: Okidogi|62/100
|
|upkeep
|turn|6
|-message|mamabama forfeited.
|
|win|dia45
|raw|dia45's rating: 1474 &rarr; <strong>1499</strong><br />(+25 for winning)
|raw|mamabama's rating: 1565 &rarr; <strong>1540</strong><br />(-25 for losing)
|l|☆mamabama
|player|p2|
|l|☆dia45
|player|p1|
