|j|☆so aperto botoes
|j|☆Dhlet
|t:|1743793998
|gametype|singles
|player|p1|so aperto botoes|swimmerf|1086
|player|p2|Dhlet|psychic-gen4|1077
|teamsize|p1|6
|teamsize|p2|6
|gen|9
|tier|[Gen 9] OU
|rated|
|rule|HP Percentage Mod: HP is shown in percentages
|rule|Endless Battle Clause: Forcing endless battles is banned
|rule|Species Clause: Limit one of each Pokémon
|rule|OHKO Clause: OHKO moves are banned
|rule|Evasion Items Clause: Evasion items are banned
|rule|Evasion Moves Clause: Evasion moves are banned
|rule|Sleep Moves Clause: Sleep-inducing moves are banned
|clearpoke
|poke|p1|Weezing, F|
|poke|p1|Landorus-Therian, M|
|poke|p1|Amoonguss, M|
|poke|p1|Hitmonlee, M|
|poke|p1|Dragonite, F|
|poke|p1|Ogerpon-Wellspring, F|
|poke|p2|Torkoal, F|
|poke|p2|Charizard, F|
|poke|p2|Walking Wake|
|poke|p2|Great Tusk|
|poke|p2|Venusaur, F|
|poke|p2|Slither Wing|
|teampreview
|inactive|Battle timer is ON: inactive players will automatically lose when time's up. (requested by so aperto botoes)
|
|t:|1743794033
|start
|switch|p1a: rodolfo|Landorus-Therian, M, shiny|100/100
|switch|p2a: Torkoal|Torkoal, F|100/100
|-ability|p1a: rodolfo|Intimidate|boost
|-unboost|p2a: Torkoal|atk|1
|-weather|SunnyDay|[from] ability: Drought|[of] p2a: Torkoal
|turn|1
|
|t:|1743794051
|switch|p2a: Venusaur|Venusaur, F|100/100
|move|p1a: rodolfo|Taunt|p2a: Venusaur
|-start|p2a: Venusaur|move: Taunt
|
|-weather|SunnyDay|[upkeep]
|upkeep
|turn|2
|
|t:|1743794062
|switch|p1a: rogeria&companhia|Weezing, F, shiny|100/100
|move|p2a: Venusaur|Giga Drain|p1a: rogeria&companhia
|-resisted|p1a: rogeria&companhia
|-damage|p1a: rogeria&companhia|74/100
|-damage|p2a: Venusaur|91/100|[from] item: Life Orb
|
|-weather|SunnyDay|[upkeep]
|-heal|p1a: rogeria&companhia|80/100|[from] item: Black Sludge
|upkeep
|turn|3
|
|t:|1743794082
|move|p1a: rogeria&companhia|Protect|p1a: rogeria&companhia
|-singleturn|p1a: rogeria&companhia|Protect
|move|p2a: Venusaur|Earth Power|p1a: rogeria&companhia
|-activate|p1a: rogeria&companhia|move: Protect
|
|-weather|SunnyDay|[upkeep]
|-heal|p1a: rogeria&companhia|86/100|[from] item: Black Sludge
|-end|p2a: Venusaur|move: Taunt
|upkeep
|turn|4
|
|t:|1743794100
|switch|p2a: Walking Wake|Walking Wake|100/100
|-activate|p2a: Walking Wake|ability: Protosynthesis
|-start|p2a: Walking Wake|protosynthesisspe
|switch|p1a: angelotti|Dragonite, F|100/100
|
|-weather|SunnyDay|[upkeep]
|upkeep
|turn|5
|
|t:|1743794110
|switch|p1a: rogeria&companhia|Weezing, F, shiny|86/100
|move|p2a: Walking Wake|Dragon Pulse|p1a: rogeria&companhia
|-damage|p1a: rogeria&companhia|6/100
|
|-weather|SunnyDay|[upkeep]
|-heal|p1a: rogeria&companhia|12/100|[from] item: Black Sludge
|upkeep
|turn|6
|
|t:|1743794116
|move|p1a: rogeria&companhia|Protect|p1a: rogeria&companhia
|-singleturn|p1a: rogeria&companhia|Protect
|move|p2a: Walking Wake|Dragon Pulse|p1a: rogeria&companhia
|-activate|p1a: rogeria&companhia|move: Protect
|
|-weather|SunnyDay|[upkeep]
|-heal|p1a: rogeria&companhia|18/100|[from] item: Black Sludge
|upkeep
|turn|7
|
|t:|1743794127
|move|p2a: Walking Wake|Dragon Pulse|p1a: rogeria&companhia
|-damage|p1a: rogeria&companhia|0 fnt
|faint|p1a: rogeria&companhia
|
|-weather|SunnyDay|[upkeep]
|upkeep
|
|t:|1743794142
|switch|p1a: pedro|Amoonguss, M|100/100
|turn|8
|
|t:|1743794155
|-end|p2a: Walking Wake|Protosynthesis|[silent]
|switch|p2a: Charizard|Charizard, F|100/100
|move|p1a: pedro|Sludge Bomb|p2a: Charizard
|-damage|p2a: Charizard|68/100
|-status|p2a: Charizard|psn
|
|-weather|none
|-damage|p2a: Charizard|56/100 psn|[from] psn
|upkeep
|turn|9
|
|t:|1743794165
|switch|p1a: rodolfo|Landorus-Therian, M, shiny|100/100
|-ability|p1a: rodolfo|Intimidate|boost
|-unboost|p2a: Charizard|atk|1
|move|p2a: Charizard|Flamethrower|p1a: rodolfo
|-damage|p1a: rodolfo|48/100
|-status|p1a: rodolfo|brn
|
|-damage|p2a: Charizard|43/100 psn|[from] psn
|-damage|p1a: rodolfo|42/100 brn|[from] brn
|upkeep
|turn|10
|
|t:|1743794176
|move|p1a: rodolfo|Stealth Rock|p2a: Charizard
|-sidestart|p2: Dhlet|move: Stealth Rock
|move|p2a: Charizard|Flamethrower|p1a: rodolfo
|-damage|p1a: rodolfo|0 fnt
|faint|p1a: rodolfo
|
|-damage|p2a: Charizard|31/100 psn|[from] psn
|upkeep
|
|t:|1743794193
|switch|p1a: perneta|Hitmonlee, M, shiny|100/100
|turn|11
|
|t:|1743794208
|move|p2a: Charizard|Overheat|p1a: perneta
|-damage|p1a: perneta|29/100
|-unboost|p2a: Charizard|spa|2
|move|p1a: perneta|Rapid Spin|p2a: Charizard
|-enditem|p1a: perneta|Normal Gem|[from] gem
|-damage|p2a: Charizard|2/100 psn
|-boost|p1a: perneta|spe|1
|
|-damage|p2a: Charizard|0 fnt|[from] psn
|faint|p2a: Charizard
|upkeep
|
|t:|1743794214
|switch|p2a: Torkoal|Torkoal, F|100/100
|-damage|p2a: Torkoal|76/100|[from] Stealth Rock
|-weather|SunnyDay|[from] ability: Drought|[of] p2a: Torkoal
|turn|12
|
|t:|1743794228
|move|p1a: perneta|Bulk Up|p1a: perneta
|-boost|p1a: perneta|atk|1
|-boost|p1a: perneta|def|1
|move|p2a: Torkoal|Rapid Spin|p1a: perneta
|-damage|p1a: perneta|13/100
|-boost|p2a: Torkoal|spe|1
|-sideend|p2: Dhlet|Stealth Rock|[from] move: Rapid Spin|[of] p2a: Torkoal
|
|-weather|SunnyDay|[upkeep]
|upkeep
|turn|13
|
|t:|1743794251
|move|p1a: perneta|High Jump Kick|p2a: Torkoal
|-damage|p2a: Torkoal|0 fnt
|faint|p2a: Torkoal
|
|-weather|SunnyDay|[upkeep]
|upkeep
|
|t:|1743794254
|switch|p2a: Slither Wing|Slither Wing|100/100
|-activate|p2a: Slither Wing|ability: Protosynthesis
|-start|p2a: Slither Wing|protosynthesisatk
|turn|14
|
|t:|1743794262
|move|p2a: Slither Wing|First Impression|p1a: perneta
|-resisted|p1a: perneta
|-damage|p1a: perneta|0 fnt
|faint|p1a: perneta
|
|-weather|SunnyDay|[upkeep]
|upkeep
|
|t:|1743794271
|switch|p1a: pedro|Amoonguss, M|100/100
|turn|15
|
|t:|1743794277
|-end|p2a: Slither Wing|Protosynthesis|[silent]
|switch|p2a: Walking Wake|Walking Wake|100/100
|-activate|p2a: Walking Wake|ability: Protosynthesis
|-start|p2a: Walking Wake|protosynthesisspe
|move|p1a: pedro|Sludge Bomb|p2a: Walking Wake
|-damage|p2a: Walking Wake|55/100
|
|-weather|SunnyDay|[upkeep]
|upkeep
|turn|16
|
|t:|1743794286
|move|p2a: Walking Wake|Flamethrower|p1a: pedro
|-supereffective|p1a: pedro
|-damage|p1a: pedro|0 fnt
|faint|p1a: pedro
|
|-weather|SunnyDay|[upkeep]
|upkeep
|
|t:|1743794290
|switch|p1a: ronaldo|Ogerpon-Wellspring, F|100/100
|turn|17
|
|t:|1743794294
|-end|p2a: Walking Wake|Protosynthesis|[silent]
|switch|p2a: Venusaur|Venusaur, F|91/100
|move|p1a: ronaldo|Swords Dance|p1a: ronaldo
|-boost|p1a: ronaldo|atk|2
|
|-weather|SunnyDay|[upkeep]
|upkeep
|turn|18
|
|t:|1743794311
|-terastallize|p1a: ronaldo|Water
|detailschange|p1a: ronaldo|Ogerpon-Wellspring-Tera, F, tera:Water
|-ability|p1a: ronaldo|Embody Aspect (Wellspring)|boost
|-boost|p1a: ronaldo|spd|1
|move|p1a: ronaldo|Ivy Cudgel|p2a: Venusaur|[anim] Ivy Cudgel Water
|-resisted|p2a: Venusaur
|-damage|p2a: Venusaur|36/100
|move|p2a: Venusaur|Giga Drain|p1a: ronaldo
|-supereffective|p1a: ronaldo
|-damage|p1a: ronaldo|36/100
|-heal|p2a: Venusaur|69/100|[from] drain|[of] p1a: ronaldo
|-damage|p2a: Venusaur|59/100|[from] item: Life Orb
|
|-weather|SunnyDay|[upkeep]
|upkeep
|turn|19
|
|t:|1743794327
|move|p1a: ronaldo|Ivy Cudgel|p2a: Venusaur|[anim] Ivy Cudgel Water
|-resisted|p2a: Venusaur
|-damage|p2a: Venusaur|8/100
|move|p2a: Venusaur|Giga Drain|p1a: ronaldo
|-supereffective|p1a: ronaldo
|-damage|p1a: ronaldo|0 fnt
|-heal|p2a: Venusaur|26/100|[from] drain|[of] p1a: ronaldo
|faint|p1a: ronaldo
|-damage|p2a: Venusaur|16/100|[from] item: Life Orb
|
|-weather|none
|upkeep
|
|t:|1743794333
|switch|p1a: angelotti|Dragonite, F|100/100
|turn|20
|
|t:|1743794346
|move|p1a: angelotti|Dragon Dance|p1a: angelotti
|-boost|p1a: angelotti|atk|1
|-boost|p1a: angelotti|spe|1
|move|p2a: Venusaur|Giga Drain|p1a: angelotti
|-resisted|p1a: angelotti
|-damage|p1a: angelotti|92/100
|-heal|p2a: Venusaur|21/100|[from] drain|[of] p1a: angelotti
|-damage|p2a: Venusaur|11/100|[from] item: Life Orb
|
|upkeep
|turn|21
|
|t:|1743794359
|move|p1a: angelotti|Dragon Dance|p1a: angelotti
|-boost|p1a: angelotti|atk|1
|-boost|p1a: angelotti|spe|1
|move|p2a: Venusaur|Weather Ball|p1a: angelotti
|-damage|p1a: angelotti|74/100
|-damage|p2a: Venusaur|1/100|[from] item: Life Orb
|
|upkeep
|turn|22
|
|t:|1743794364
|move|p1a: angelotti|Dragon Dance|p1a: angelotti
|-boost|p1a: angelotti|atk|1
|-boost|p1a: angelotti|spe|1
|move|p2a: Venusaur|Giga Drain|p1a: angelotti
|-resisted|p1a: angelotti
|-damage|p1a: angelotti|56/100
|-heal|p2a: Venusaur|10/100|[from] drain|[of] p1a: angelotti
|-damage|p2a: Venusaur|0 fnt|[from] item: Life Orb
|faint|p2a: Venusaur
|
|upkeep
|
|t:|1743794367
|switch|p2a: Slither Wing|Slither Wing|100/100
|turn|23
|
|t:|1743794378
|-terastallize|p2a: Slither Wing|Bug
|move|p2a: Slither Wing|First Impression|p1a: angelotti
|-resisted|p1a: angelotti
|-damage|p1a: angelotti|0 fnt
|faint|p1a: angelotti
|
|win|Dhlet
|raw|so aperto botoes's rating: 1086 &rarr; <strong>1063</strong><br />(-23 for losing)
|raw|Dhlet's rating: 1077 &rarr; <strong>1106</strong><br />(+29 for winning)
|c|☆Dhlet|gg
|l|☆so aperto botoes
|player|p1|
