|j|☆nosenomeables
|j|☆ChiefTriceracop
|t:|1743879473
|gametype|singles
|player|p1|nosenomeables|170|1118
|player|p2|ChiefTriceracop|266|1152
|teamsize|p1|6
|teamsize|p2|6
|gen|9
|tier|[Gen 9] OU
|rated|
|rule|HP Percentage Mod: HP is shown in percentages
|rule|Endless Battle Clause: Forcing endless battles is banned
|rule|Species Clause: Limit one of each Pokémon
|rule|OHKO Clause: OHKO moves are banned
|rule|Evasion Items Clause: Evasion items are banned
|rule|Evasion Moves Clause: Evasion moves are banned
|rule|Sleep Moves Clause: Sleep-inducing moves are banned
|clearpoke
|poke|p1|Deoxys-Speed|
|poke|p1|Cinderace, F|
|poke|p1|Kommo-o, M|
|poke|p1|Grimmsnarl, M|
|poke|p1|Typhlosion-Hisui, F|
|poke|p1|Cacturne, F|
|poke|p2|Blissey, F|
|poke|p2|Amoonguss, M|
|poke|p2|Bronzong|
|poke|p2|Gliscor, M|
|poke|p2|Dondozo, F|
|poke|p2|Alomomola, M|
|teampreview
|inactive|Battle timer is ON: inactive players will automatically lose when time's up. (requested by ChiefTriceracop)
|
|t:|1743879485
|start
|switch|p1a: Kommo-o|Kommo-o, M|100/100
|switch|p2a: Bronzong|Bronzong|100/100
|turn|1
|
|t:|1743879490
|move|p1a: Kommo-o|Substitute|p1a: Kommo-o
|-start|p1a: Kommo-o|Substitute
|-damage|p1a: Kommo-o|76/100
|move|p2a: Bronzong|Psychic Noise|p1a: Kommo-o
|-supereffective|p1a: Kommo-o
|-damage|p1a: Kommo-o|34/100
|-start|p1a: Kommo-o|move: Heal Block
|
|upkeep
|turn|2
|
|t:|1743879500
|move|p1a: Kommo-o|Stealth Rock|p2a: Bronzong
|-sidestart|p2: ChiefTriceracop|move: Stealth Rock
|move|p2a: Bronzong|Psychic Noise|p1a: Kommo-o
|-supereffective|p1a: Kommo-o
|-damage|p1a: Kommo-o|0 fnt
|faint|p1a: Kommo-o
|
|upkeep
|
|t:|1743879504
|switch|p1a: Typhlosion|Typhlosion-Hisui, F|100/100
|-item|p2a: Bronzong|Leftovers|[from] ability: Frisk|[of] p1a: Typhlosion
|turn|3
|
|t:|1743879514
|switch|p1a: Cacturne|Cacturne, F|100/100
|switch|p2a: Blissey|Blissey, F|100/100
|
|upkeep
|turn|4
|
|t:|1743879522
|switch|p2a: Amoonguss|Amoonguss, M|100/100
|move|p1a: Cacturne|Swords Dance|p1a: Cacturne
|-boost|p1a: Cacturne|atk|2
|
|upkeep
|turn|5
|
|t:|1743879535
|move|p1a: Cacturne|Protect|p1a: Cacturne
|-singleturn|p1a: Cacturne|Protect
|move|p2a: Amoonguss|Clear Smog|p1a: Cacturne
|-activate|p1a: Cacturne|move: Protect
|
|upkeep
|turn|6
|
|t:|1743879553
|move|p1a: Cacturne|Sucker Punch|p2a: Amoonguss
|-damage|p2a: Amoonguss|44/100
|move|p2a: Amoonguss|Clear Smog|p1a: Cacturne
|-supereffective|p1a: Cacturne
|-damage|p1a: Cacturne|54/100
|-clearboost|p1a: Cacturne
|
|upkeep
|turn|7
|
|t:|1743879561
|move|p1a: Cacturne|Encore|p2a: Amoonguss
|-start|p2a: Amoonguss|Encore
|move|p2a: Amoonguss|Clear Smog|p1a: Cacturne
|-supereffective|p1a: Cacturne
|-damage|p1a: Cacturne|11/100
|-clearboost|p1a: Cacturne
|
|upkeep
|turn|8
|
|t:|1743879575
|switch|p2a: Gliscor|Gliscor, M|100/100
|-damage|p2a: Gliscor|88/100|[from] Stealth Rock
|move|p1a: Cacturne|Sucker Punch||[still]
|-fail|p1a: Cacturne
|
|-status|p2a: Gliscor|tox|[from] item: Toxic Orb
|upkeep
|turn|9
|
|t:|1743879582
|switch|p2a: Amoonguss|Amoonguss, M|77/100
|move|p1a: Cacturne|Encore||[still]
|-fail|p1a: Cacturne
|
|upkeep
|turn|10
|
|t:|1743879590
|move|p1a: Cacturne|Protect|p1a: Cacturne
|-singleturn|p1a: Cacturne|Protect
|move|p2a: Amoonguss|Clear Smog|p1a: Cacturne
|-activate|p1a: Cacturne|move: Protect
|
|upkeep
|turn|11
|
|t:|1743879594
|move|p1a: Cacturne|Encore|p2a: Amoonguss
|-start|p2a: Amoonguss|Encore
|move|p2a: Amoonguss|Clear Smog|p1a: Cacturne
|-supereffective|p1a: Cacturne
|-damage|p1a: Cacturne|0 fnt
|-clearboost|p1a: Cacturne
|faint|p1a: Cacturne
|
|upkeep
|
|t:|1743879596
|switch|p1a: Grimmsnarl|Grimmsnarl, M|100/100
|turn|12
|
|t:|1743879603
|-terastallize|p1a: Grimmsnarl|Steel
|move|p1a: Grimmsnarl|Bulk Up|p1a: Grimmsnarl
|-boost|p1a: Grimmsnarl|atk|1
|-boost|p1a: Grimmsnarl|def|1
|move|p2a: Amoonguss|Clear Smog|p1a: Grimmsnarl
|-immune|p1a: Grimmsnarl
|
|upkeep
|turn|13
|
|t:|1743879606
|switch|p2a: Dondozo|Dondozo, F|100/100
|move|p1a: Grimmsnarl|Substitute|p1a: Grimmsnarl
|-start|p1a: Grimmsnarl|Substitute
|-damage|p1a: Grimmsnarl|76/100
|
|-heal|p1a: Grimmsnarl|82/100|[from] item: Leftovers
|upkeep
|turn|14
|
|t:|1743879617
|move|p1a: Grimmsnarl|Play Rough|p2a: Dondozo
|-damage|p2a: Dondozo|77/100
|move|p2a: Dondozo|Curse|p2a: Dondozo
|-unboost|p2a: Dondozo|spe|1
|-boost|p2a: Dondozo|atk|1
|-boost|p2a: Dondozo|def|1
|
|-heal|p1a: Grimmsnarl|88/100|[from] item: Leftovers
|upkeep
|turn|15
|
|t:|1743879624
|switch|p1a: Deoxys|Deoxys-Speed|100/100
|-ability|p1a: Deoxys|Pressure
|move|p2a: Dondozo|Curse|p2a: Dondozo
|-unboost|p2a: Dondozo|spe|1
|-boost|p2a: Dondozo|atk|1
|-boost|p2a: Dondozo|def|1
|
|upkeep
|turn|16
|
|t:|1743879634
|switch|p2a: Bronzong|Bronzong|100/100
|-damage|p2a: Bronzong|94/100|[from] Stealth Rock
|move|p1a: Deoxys|Counter||[still]
|-fail|p1a: Deoxys
|
|-heal|p2a: Bronzong|100/100|[from] item: Leftovers
|upkeep
|turn|17
|
|t:|1743879644
|move|p1a: Deoxys|Knock Off|p2a: Bronzong
|-supereffective|p2a: Bronzong
|-damage|p2a: Bronzong|61/100
|-enditem|p2a: Bronzong|Leftovers|[from] move: Knock Off|[of] p1a: Deoxys
|move|p2a: Bronzong|Stealth Rock|p1a: Deoxys
|-sidestart|p1: nosenomeables|move: Stealth Rock
|
|upkeep
|turn|18
|
|t:|1743879654
|move|p1a: Deoxys|Knock Off|p2a: Bronzong
|-supereffective|p2a: Bronzong
|-damage|p2a: Bronzong|35/100
|move|p2a: Bronzong|Psychic Noise|p1a: Deoxys
|-resisted|p1a: Deoxys
|-damage|p1a: Deoxys|83/100
|-start|p1a: Deoxys|move: Heal Block
|
|upkeep
|turn|19
|
|t:|1743879664
|switch|p2a: Alomomola|Alomomola, M|100/100
|move|p1a: Deoxys|Knock Off|p2a: Alomomola
|-damage|p2a: Alomomola|88/100
|-enditem|p2a: Alomomola|Heavy-Duty Boots|[from] move: Knock Off|[of] p1a: Deoxys
|
|-end|p1a: Deoxys|move: Heal Block
|upkeep
|turn|20
|
|t:|1743879685
|move|p1a: Deoxys|Taunt|p2a: Alomomola
|-start|p2a: Alomomola|move: Taunt
|cant|p2a: Alomomola|move: Taunt|Wish
|
|upkeep
|turn|21
|
|t:|1743879691
|move|p1a: Deoxys|Knock Off|p2a: Alomomola
|-damage|p2a: Alomomola|80/100
|move|p2a: Alomomola|Scald|p1a: Deoxys
|-damage|p1a: Deoxys|61/100
|-status|p1a: Deoxys|brn
|
|-damage|p1a: Deoxys|54/100 brn|[from] brn
|upkeep
|turn|22
|
|t:|1743879702
|move|p1a: Deoxys|Psychic|p2a: Alomomola
|-damage|p2a: Alomomola|45/100
|move|p2a: Alomomola|Scald|p1a: Deoxys
|-damage|p1a: Deoxys|32/100 brn
|
|-damage|p1a: Deoxys|25/100 brn|[from] brn
|-end|p2a: Alomomola|move: Taunt
|upkeep
|turn|23
|
|t:|1743879712
|switch|p2a: Blissey|Blissey, F|100/100
|move|p1a: Deoxys|Psychic|p2a: Blissey
|-damage|p2a: Blissey|89/100
|
|-damage|p1a: Deoxys|19/100 brn|[from] brn
|upkeep
|turn|24
|
|t:|1743879720
|switch|p2a: Gliscor|Gliscor, M|88/100 tox
|-damage|p2a: Gliscor|75/100 tox|[from] Stealth Rock
|move|p1a: Deoxys|Knock Off|p2a: Gliscor
|-damage|p2a: Gliscor|68/100 tox
|-enditem|p2a: Gliscor|Toxic Orb|[from] move: Knock Off|[of] p1a: Deoxys
|
|-heal|p2a: Gliscor|80/100 tox|[from] ability: Poison Heal
|-damage|p1a: Deoxys|13/100 brn|[from] brn
|upkeep
|turn|25
|-message|nosenomeables forfeited.
|
|win|ChiefTriceracop
|raw|nosenomeables's rating: 1118 &rarr; <strong>1095</strong><br />(-23 for losing)
|raw|ChiefTriceracop's rating: 1152 &rarr; <strong>1175</strong><br />(+23 for winning)
|l|☆nosenomeables
|player|p1|
|l|☆ChiefTriceracop
|player|p2|
