|j|☆Skibidi Toothpaste
|j|☆Chuld
|t:|1743921066
|gametype|singles
|player|p1|Skibidi Toothpaste|volkner|1281
|player|p2|Chuld|266|1209
|teamsize|p1|6
|teamsize|p2|6
|gen|9
|tier|[Gen 9] OU
|rated|
|rule|HP Percentage Mod: HP is shown in percentages
|rule|Endless Battle Clause: Forcing endless battles is banned
|rule|Species Clause: Limit one of each Pokémon
|rule|OHKO Clause: OHKO moves are banned
|rule|Evasion Items Clause: Evasion items are banned
|rule|Evasion Moves Clause: Evasion moves are banned
|rule|Sleep Moves Clause: Sleep-inducing moves are banned
|clearpoke
|poke|p1|Rillaboom, M|
|poke|p1|Raging Bolt|
|poke|p1|Iron Treads|
|poke|p1|Volcanion|
|poke|p1|Feraligatr, M|
|poke|p1|Hoopa-Unbound|
|poke|p2|Dragonite, F|
|poke|p2|Clodsire, M|
|poke|p2|Conkeldurr, F|
|poke|p2|Darkrai|
|poke|p2|Polteageist|
|poke|p2|Corviknight, F|
|teampreview
|inactive|Battle timer is ON: inactive players will automatically lose when time's up. (requested by Skibidi Toothpaste)
|
|t:|1743921088
|start
|switch|p1a: The Domain|Rillaboom, M|100/100
|switch|p2a: Darkrai|Darkrai|100/100
|-fieldstart|move: Grassy Terrain|[from] ability: Grassy Surge|[of] p1a: The Domain
|turn|1
|
|t:|1743921093
|move|p2a: Darkrai|Trick|p1a: The Domain
|-activate|p2a: Darkrai|move: Trick|[of] p1a: The Domain
|-item|p1a: The Domain|Choice Scarf|[from] move: Trick
|-item|p2a: Darkrai|Terrain Extender|[from] move: Trick
|move|p1a: The Domain|Swords Dance|p1a: The Domain
|-boost|p1a: The Domain|atk|2
|
|upkeep
|turn|2
|
|t:|1743921103
|switch|p1a: The Apex|Feraligatr, M|100/100
|move|p2a: Darkrai|Ice Beam|p1a: The Apex
|-resisted|p1a: The Apex
|-damage|p1a: The Apex|77/100
|
|-heal|p1a: The Apex|83/100|[from] Grassy Terrain
|upkeep
|turn|3
|
|t:|1743921110
|-terastallize|p1a: The Apex|Dark
|move|p2a: Darkrai|Trick|p1a: The Apex
|-activate|p2a: Darkrai|move: Trick|[of] p1a: The Apex
|-item|p1a: The Apex|Terrain Extender|[from] move: Trick
|-item|p2a: Darkrai|Life Orb|[from] move: Trick
|move|p1a: The Apex|Dragon Dance|p1a: The Apex
|-boost|p1a: The Apex|atk|1
|-boost|p1a: The Apex|spe|1
|
|-heal|p1a: The Apex|89/100|[from] Grassy Terrain
|upkeep
|turn|4
|
|t:|1743921119
|switch|p2a: Corviknight|Corviknight, F, shiny|100/100
|move|p1a: The Apex|Dragon Dance|p1a: The Apex
|-boost|p1a: The Apex|atk|1
|-boost|p1a: The Apex|spe|1
|
|-heal|p1a: The Apex|95/100|[from] Grassy Terrain
|upkeep
|turn|5
|
|t:|1743921122
|move|p1a: The Apex|Liquidation|p2a: Corviknight
|-damage|p2a: Corviknight|45/100
|-damage|p1a: The Apex|79/100|[from] item: Rocky Helmet|[of] p2a: Corviknight
|move|p2a: Corviknight|Iron Defense|p2a: Corviknight
|-boost|p2a: Corviknight|def|2
|
|-heal|p1a: The Apex|85/100|[from] Grassy Terrain
|upkeep
|turn|6
|
|t:|1743921125
|move|p1a: The Apex|Dragon Dance|p1a: The Apex
|-boost|p1a: The Apex|atk|1
|-boost|p1a: The Apex|spe|1
|move|p2a: Corviknight|Roost|p2a: Corviknight
|-heal|p2a: Corviknight|95/100
|-singleturn|p2a: Corviknight|move: Roost
|
|-heal|p1a: The Apex|91/100|[from] Grassy Terrain
|-heal|p2a: Corviknight|100/100|[from] Grassy Terrain
|upkeep
|turn|7
|
|t:|1743921129
|move|p1a: The Apex|Crunch|p2a: Corviknight
|-damage|p2a: Corviknight|67/100
|-damage|p1a: The Apex|74/100|[from] item: Rocky Helmet|[of] p2a: Corviknight
|move|p2a: Corviknight|Iron Defense|p2a: Corviknight
|-boost|p2a: Corviknight|def|2
|
|-heal|p1a: The Apex|81/100|[from] Grassy Terrain
|upkeep
|turn|8
|
|t:|1743921132
|move|p1a: The Apex|Crunch|p2a: Corviknight
|-damage|p2a: Corviknight|45/100
|-damage|p1a: The Apex|64/100|[from] item: Rocky Helmet|[of] p2a: Corviknight
|move|p2a: Corviknight|Body Press|p1a: The Apex
|-supereffective|p1a: The Apex
|-crit|p1a: The Apex
|-damage|p1a: The Apex|0 fnt
|faint|p1a: The Apex
|
|-fieldend|move: Grassy Terrain
|upkeep
|
|t:|1743921135
|switch|p1a: The Monolith|Raging Bolt|100/100
|turn|9
|
|t:|1743921139
|switch|p2a: Clodsire|Clodsire, M|100/100
|move|p1a: The Monolith|Discharge|p2a: Clodsire
|-immune|p2a: Clodsire
|
|upkeep
|turn|10
|
|t:|1743921141
|-end|p1a: The Monolith|Protosynthesis|[silent]
|switch|p1a: The Domain|Rillaboom, M|100/100
|-fieldstart|move: Grassy Terrain|[from] ability: Grassy Surge|[of] p1a: The Domain
|move|p2a: Clodsire|Toxic|p1a: The Domain
|-status|p1a: The Domain|tox
|
|-damage|p1a: The Domain|94/100 tox|[from] psn
|upkeep
|turn|11
|
|t:|1743921147
|switch|p1a: The Remover|Iron Treads|100/100
|-enditem|p1a: The Remover|Booster Energy
|-activate|p1a: The Remover|ability: Quark Drive|[fromitem]
|-start|p1a: The Remover|quarkdrivespe
|move|p2a: Clodsire|Curse|p2a: Clodsire
|-unboost|p2a: Clodsire|spe|1
|-boost|p2a: Clodsire|atk|1
|-boost|p2a: Clodsire|def|1
|
|upkeep
|turn|12
|
|t:|1743921152
|switch|p2a: Corviknight|Corviknight, F, shiny|45/100
|move|p1a: The Remover|High Horsepower|p2a: Corviknight
|-immune|p2a: Corviknight
|
|upkeep
|turn|13
|
|t:|1743921154
|move|p1a: The Remover|Supercell Slam|p2a: Corviknight
|-supereffective|p2a: Corviknight
|-damage|p2a: Corviknight|8/100
|-damage|p1a: The Remover|84/100|[from] item: Rocky Helmet|[of] p2a: Corviknight
|move|p2a: Corviknight|Roost|p2a: Corviknight
|-heal|p2a: Corviknight|58/100
|-singleturn|p2a: Corviknight|move: Roost
|
|-heal|p1a: The Remover|90/100|[from] Grassy Terrain
|-heal|p2a: Corviknight|65/100|[from] Grassy Terrain
|upkeep
|turn|14
|
|t:|1743921159
|-end|p1a: The Remover|Quark Drive|[silent]
|switch|p1a: The Monolith|Raging Bolt|100/100
|-enditem|p1a: The Monolith|Grassy Seed
|-boost|p1a: The Monolith|def|1|[from] item: Grassy Seed
|move|p2a: Corviknight|Roost|p2a: Corviknight
|-heal|p2a: Corviknight|100/100
|-singleturn|p2a: Corviknight|move: Roost
|
|-fieldend|move: Grassy Terrain
|upkeep
|turn|15
|
|t:|1743921163
|switch|p2a: Darkrai|Darkrai|100/100
|move|p1a: The Monolith|Calm Mind|p1a: The Monolith
|-boost|p1a: The Monolith|spa|1
|-boost|p1a: The Monolith|spd|1
|
|upkeep
|turn|16
|
|t:|1743921169
|move|p2a: Darkrai|Ice Beam|p1a: The Monolith
|-supereffective|p1a: The Monolith
|-crit|p1a: The Monolith
|-damage|p1a: The Monolith|0 fnt
|faint|p1a: The Monolith
|-end|p1a: The Monolith|Protosynthesis|[silent]
|-damage|p2a: Darkrai|91/100|[from] item: Life Orb
|
|upkeep
|c|☆Skibidi Toothpaste|Yeah gg
|c|☆Skibidi Toothpaste|The fuck
|
|t:|1743921182
|switch|p1a: The Heretic|Hoopa-Unbound|100/100
|turn|17
|
|t:|1743921189
|move|p2a: Darkrai|Trick|p1a: The Heretic
|-activate|p2a: Darkrai|move: Trick|[of] p1a: The Heretic
|-item|p1a: The Heretic|Life Orb|[from] move: Trick
|-item|p2a: Darkrai|Grassy Seed|[from] move: Trick
|move|p1a: The Heretic|Drain Punch|p2a: Darkrai
|-supereffective|p2a: Darkrai
|-damage|p2a: Darkrai|0 fnt
|faint|p2a: Darkrai
|-damage|p1a: The Heretic|91/100|[from] item: Life Orb
|
|upkeep
|
|t:|1743921198
|switch|p2a: Corviknight|Corviknight, F, shiny|100/100
|turn|18
|
|t:|1743921203
|move|p1a: The Heretic|Psychic Noise|p2a: Corviknight
|-resisted|p2a: Corviknight
|-damage|p2a: Corviknight|79/100
|-start|p2a: Corviknight|move: Heal Block
|-damage|p1a: The Heretic|81/100|[from] item: Life Orb
|move|p2a: Corviknight|Body Press|p1a: The Heretic
|-damage|p1a: The Heretic|52/100
|
|upkeep
|turn|19
|
|t:|1743921206
|move|p1a: The Heretic|Thunderbolt|p2a: Corviknight
|-supereffective|p2a: Corviknight
|-damage|p2a: Corviknight|6/100
|-status|p2a: Corviknight|par
|-damage|p1a: The Heretic|43/100|[from] item: Life Orb
|cant|p2a: Corviknight|par
|
|-end|p2a: Corviknight|move: Heal Block
|upkeep
|turn|20
|
|t:|1743921211
|move|p1a: The Heretic|Knock Off|p2a: Corviknight
|-damage|p2a: Corviknight|0 fnt
|-damage|p1a: The Heretic|26/100|[from] item: Rocky Helmet|[of] p2a: Corviknight
|-enditem|p2a: Corviknight|Rocky Helmet|[from] move: Knock Off|[of] p1a: The Heretic
|faint|p2a: Corviknight
|-damage|p1a: The Heretic|16/100|[from] item: Life Orb
|
|upkeep
|
|t:|1743921213
|switch|p2a: Conkeldurr|Conkeldurr, F, shiny|100/100
|turn|21
|
|t:|1743921217
|switch|p1a: The Domain|Rillaboom, M|94/100 tox
|-fieldstart|move: Grassy Terrain|[from] ability: Grassy Surge|[of] p1a: The Domain
|move|p2a: Conkeldurr|Mach Punch|p1a: The Domain
|-damage|p1a: The Domain|65/100 tox
|
|-heal|p1a: The Domain|71/100 tox|[from] Grassy Terrain
|-damage|p1a: The Domain|65/100 tox|[from] psn
|upkeep
|turn|22
|
|t:|1743921221
|move|p1a: The Domain|Swords Dance|p1a: The Domain
|-boost|p1a: The Domain|atk|2
|move|p2a: Conkeldurr|Ice Punch|p1a: The Domain
|-supereffective|p1a: The Domain
|-damage|p1a: The Domain|0 fnt
|faint|p1a: The Domain
|
|upkeep
|
|t:|1743921227
|switch|p1a: The Artillery|Volcanion|100/100
|-enditem|p1a: The Artillery|Grassy Seed
|-boost|p1a: The Artillery|def|1|[from] item: Grassy Seed
|turn|23
|
|t:|1743921234
|move|p1a: The Artillery|Steam Eruption|p2a: Conkeldurr
|-damage|p2a: Conkeldurr|53/100
|-status|p2a: Conkeldurr|brn
|move|p2a: Conkeldurr|Drain Punch|p1a: The Artillery
|-damage|p1a: The Artillery|59/100
|-heal|p2a: Conkeldurr|68/100 brn|[from] drain|[of] p1a: The Artillery
|
|-heal|p1a: The Artillery|65/100|[from] Grassy Terrain
|-heal|p2a: Conkeldurr|74/100 brn|[from] Grassy Terrain
|-damage|p2a: Conkeldurr|68/100 brn|[from] brn
|upkeep
|turn|24
|
|t:|1743921239
|move|p1a: The Artillery|Steam Eruption|p2a: Conkeldurr
|-damage|p2a: Conkeldurr|19/100 brn
|move|p2a: Conkeldurr|Drain Punch|p1a: The Artillery
|-damage|p1a: The Artillery|24/100
|-heal|p2a: Conkeldurr|34/100 brn|[from] drain|[of] p1a: The Artillery
|
|-heal|p1a: The Artillery|30/100|[from] Grassy Terrain
|-heal|p2a: Conkeldurr|40/100 brn|[from] Grassy Terrain
|-damage|p2a: Conkeldurr|34/100 brn|[from] brn
|upkeep
|turn|25
|
|t:|1743921242
|move|p2a: Conkeldurr|Mach Punch|p1a: The Artillery
|-damage|p1a: The Artillery|7/100
|move|p1a: The Artillery|Steam Eruption|p2a: Conkeldurr
|-damage|p2a: Conkeldurr|0 fnt
|faint|p2a: Conkeldurr
|
|-heal|p1a: The Artillery|13/100|[from] Grassy Terrain
|-fieldend|move: Grassy Terrain
|upkeep
|
|t:|1743921248
|switch|p2a: Polteageist|Polteageist|100/100
|turn|26
|-message|Skibidi Toothpaste forfeited.
|
|win|Chuld
|raw|Skibidi Toothpaste's rating: 1281 &rarr; <strong>1251</strong><br />(-30 for losing)
|raw|Chuld's rating: 1209 &rarr; <strong>1239</strong><br />(+30 for winning)
|l|☆Skibidi Toothpaste
|player|p1|
|l|☆Chuld
|player|p2|
