|j|☆El Cucuy 2025
|j|☆superawsmlandot
|t:|1743870304
|gametype|singles
|player|p1|El Cucuy 2025|265|1484
|player|p2|superawsmlandot|leaf-masters|1509
|teamsize|p1|6
|teamsize|p2|6
|gen|9
|tier|[Gen 9] OU
|rated|
|rule|HP Percentage Mod: HP is shown in percentages
|rule|Endless Battle Clause: Forcing endless battles is banned
|rule|Species Clause: Limit one of each Pokémon
|rule|OHKO Clause: OHKO moves are banned
|rule|Evasion Items Clause: Evasion items are banned
|rule|Evasion Moves Clause: Evasion moves are banned
|rule|Sleep Moves Clause: Sleep-inducing moves are banned
|clearpoke
|poke|p1|Grimmsnarl, M|
|poke|p1|Zamazenta-*|
|poke|p1|Kyurem|
|poke|p1|Cinderace, M|
|poke|p1|Sinistcha|
|poke|p1|Tentacruel, M|
|poke|p2|Ting-Lu|
|poke|p2|Sinistcha|
|poke|p2|Keldeo|
|poke|p2|Tinkaton, F|
|poke|p2|Dragonite, F|
|poke|p2|Landorus-Therian, M|
|teampreview
|inactive|Battle timer is ON: inactive players will automatically lose when time's up. (requested by superawsmlandot)
|
|t:|1743870330
|start
|switch|p1a: Kyurem|Kyurem|100/100
|switch|p2a: Landorus|Landorus-Therian, M|100/100
|-ability|p2a: Landorus|Intimidate|boost
|-unboost|p1a: Kyurem|atk|1
|-ability|p1a: Kyurem|Pressure
|turn|1
|
|t:|1743870343
|move|p2a: Landorus|Stone Edge|p1a: Kyurem
|-supereffective|p1a: Kyurem
|-damage|p1a: Kyurem|21/100
|move|p1a: Kyurem|Ice Beam|p2a: Landorus
|-supereffective|p2a: Landorus
|-damage|p2a: Landorus|0 fnt
|faint|p2a: Landorus
|
|upkeep
|
|t:|1743870350
|switch|p2a: Keldeo|Keldeo|100/100
|turn|2
|
|t:|1743870369
|switch|p1a: Tentacruel|Tentacruel, M|100/100
|move|p2a: Keldeo|Aura Sphere|p1a: Tentacruel
|-resisted|p1a: Tentacruel
|-damage|p1a: Tentacruel|85/100
|
|upkeep
|turn|3
|inactive|El Cucuy 2025 has 120 seconds left.
|
|t:|1743870396
|move|p2a: Keldeo|Flip Turn|p1a: Tentacruel
|-resisted|p1a: Tentacruel
|-damage|p1a: Tentacruel|75/100
|
|t:|1743870405
|switch|p2a: Tinkaton|Tinkaton, F|100/100|[from] Flip Turn
|-item|p2a: Tinkaton|Air Balloon
|move|p1a: Tentacruel|Knock Off|p2a: Tinkaton
|-resisted|p2a: Tinkaton
|-damage|p2a: Tinkaton|92/100
|-enditem|p2a: Tinkaton|Air Balloon
|-enditem|p1a: Tentacruel|Heavy-Duty Boots|[silent]|[from] ability: Pickpocket|[of] p1a: Tentacruel
|-item|p2a: Tinkaton|Heavy-Duty Boots|[from] ability: Pickpocket|[of] p1a: Tentacruel
|
|upkeep
|turn|4
|
|t:|1743870411
|move|p2a: Tinkaton|Stealth Rock|p1a: Tentacruel
|-sidestart|p1: El Cucuy 2025|move: Stealth Rock
|move|p1a: Tentacruel|Flip Turn|p2a: Tinkaton
|-damage|p2a: Tinkaton|78/100
|
|t:|1743870421
|switch|p1a: Cinderace|Cinderace, M|100/100|[from] Flip Turn
|
|upkeep
|turn|5
|
|t:|1743870428
|move|p1a: Cinderace|Pyro Ball|p2a: Tinkaton
|-supereffective|p2a: Tinkaton
|-damage|p2a: Tinkaton|0 fnt
|faint|p2a: Tinkaton
|
|upkeep
|
|t:|1743870432
|switch|p2a: Keldeo|Keldeo|100/100
|turn|6
|
|t:|1743870442
|move|p1a: Cinderace|U-turn|p2a: Keldeo
|-resisted|p2a: Keldeo
|-damage|p2a: Keldeo|90/100
|
|t:|1743870448
|switch|p1a: Sinistcha|Sinistcha|100/100|[from] U-turn
|move|p2a: Keldeo|Surf|p1a: Sinistcha
|-resisted|p1a: Sinistcha
|-damage|p1a: Sinistcha|73/100
|
|upkeep
|turn|7
|
|t:|1743870456
|move|p2a: Keldeo|Flip Turn|p1a: Sinistcha
|-resisted|p1a: Sinistcha
|-damage|p1a: Sinistcha|68/100
|
|t:|1743870461
|switch|p2a: Sinistcha|Sinistcha|100/100|[from] Flip Turn
|move|p1a: Sinistcha|Calm Mind|p1a: Sinistcha
|-boost|p1a: Sinistcha|spa|1
|-boost|p1a: Sinistcha|spd|1
|
|upkeep
|turn|8
|-message|superawsmlandot forfeited.
|
|win|El Cucuy 2025
|raw|El Cucuy 2025's rating: 1484 &rarr; <strong>1505</strong><br />(+21 for winning)
|raw|superawsmlandot's rating: 1509 &rarr; <strong>1488</strong><br />(-21 for losing)
|l|☆superawsmlandot
|player|p2|
|l|☆El Cucuy 2025
|player|p1|
