|badge|p2|silver|gen9ou|30-5
|uhtml|medal-msg|<div class="broadcast-blue">Curious what those medals under the avatar are? PS now has Ladder Seasons! For more information, check out the <a href="https://www.smogon.com/forums/threads/3740067/">thread on Smogon.</a></div>
|j|☆Audio Peel
|j|☆tonyrayyy
|t:|1743822255
|gametype|singles
|player|p1|Audio Peel|unknownf|1799
|player|p2|tonyrayyy|cynthia-gen4|1888
|teamsize|p1|6
|teamsize|p2|6
|gen|9
|tier|[Gen 9] OU
|rated|
|rule|HP Percentage Mod: HP is shown in percentages
|rule|Endless Battle Clause: Forcing endless battles is banned
|rule|Species Clause: Limit one of each Pokémon
|rule|OHKO Clause: OHKO moves are banned
|rule|Evasion Items Clause: Evasion items are banned
|rule|Evasion Moves Clause: Evasion moves are banned
|rule|Sleep Moves Clause: Sleep-inducing moves are banned
|clearpoke
|poke|p1|Iron Crown|
|poke|p1|Heatran, M|
|poke|p1|Zapdos|
|poke|p1|Rillaboom, F|
|poke|p1|Ogerpon-Wellspring, F|
|poke|p1|Great Tusk|
|poke|p2|Gholdengo|
|poke|p2|Samurott-Hisui, F|
|poke|p2|Kingambit, M|
|poke|p2|Zapdos|
|poke|p2|Great Tusk|
|poke|p2|Slowking-Galar, F|
|teampreview
|
|t:|1743822269
|start
|switch|p1a: Zapdos|Zapdos|100/100
|switch|p2a: Samurott|Samurott-Hisui, F|100/100
|turn|1
|c|☆tonyrayyy|hf brotha
|c|☆Audio Peel|u2 big dawg
|
|t:|1743822284
|switch|p2a: Slowking|Slowking-Galar, F|100/100
|move|p1a: Zapdos|Volt Switch|p2a: Slowking
|-damage|p2a: Slowking|84/100
|
|t:|1743822288
|switch|p1a: Rillaboom|Rillaboom, F|100/100|[from] Volt Switch
|-fieldstart|move: Grassy Terrain|[from] ability: Grassy Surge|[of] p1a: Rillaboom
|
|-heal|p2a: Slowking|90/100|[from] Grassy Terrain
|upkeep
|turn|2
|
|t:|1743822298
|switch|p2a: Zapdos|Zapdos|100/100
|move|p1a: Rillaboom|U-turn|p2a: Zapdos
|-resisted|p2a: Zapdos
|-damage|p2a: Zapdos|92/100
|
|t:|1743822302
|switch|p1a: Heatran|Heatran, M|100/100|[from] U-turn
|
|upkeep
|turn|3
|
|t:|1743822307
|move|p2a: Zapdos|Volt Switch|p1a: Heatran
|-damage|p1a: Heatran|76/100
|
|t:|1743822312
|switch|p2a: Samurott|Samurott-Hisui, F|100/100|[from] Volt Switch
|move|p1a: Heatran|Magma Storm|p2a: Samurott
|-resisted|p2a: Samurott
|-damage|p2a: Samurott|57/100
|-activate|p2a: Samurott|move: Magma Storm|[of] p1a: Heatran
|
|-heal|p2a: Samurott|63/100|[from] Grassy Terrain
|-heal|p1a: Heatran|82/100|[from] Grassy Terrain
|-heal|p1a: Heatran|89/100|[from] item: Leftovers
|-damage|p2a: Samurott|50/100|[from] move: Magma Storm|[partiallytrapped]
|upkeep
|turn|4
|
|t:|1743822325
|move|p1a: Heatran|Protect|p1a: Heatran
|-singleturn|p1a: Heatran|Protect
|move|p2a: Samurott|Ceaseless Edge|p1a: Heatran
|-activate|p1a: Heatran|move: Protect
|
|-heal|p2a: Samurott|57/100|[from] Grassy Terrain
|-heal|p1a: Heatran|95/100|[from] Grassy Terrain
|-heal|p1a: Heatran|100/100|[from] item: Leftovers
|-damage|p2a: Samurott|44/100|[from] move: Magma Storm|[partiallytrapped]
|upkeep
|turn|5
|
|t:|1743822336
|move|p2a: Samurott|Ceaseless Edge|p1a: Heatran
|-damage|p1a: Heatran|62/100
|-sidestart|p1: Audio Peel|Spikes
|move|p1a: Heatran|Earth Power|p2a: Samurott
|-damage|p2a: Samurott|0 fnt
|faint|p2a: Samurott
|
|-heal|p1a: Heatran|68/100|[from] Grassy Terrain
|-heal|p1a: Heatran|75/100|[from] item: Leftovers
|upkeep
|
|t:|1743822345
|switch|p2a: Great Tusk|Great Tusk|100/100
|turn|6
|
|t:|1743822350
|switch|p1a: Zapdos|Zapdos|100/100
|move|p2a: Great Tusk|Stealth Rock|p1a: Zapdos
|-sidestart|p1: Audio Peel|move: Stealth Rock
|
|upkeep
|turn|7
|
|t:|1743822355
|-end|p2a: Great Tusk|Protosynthesis|[silent]
|switch|p2a: Slowking|Slowking-Galar, F|100/100
|move|p1a: Zapdos|Volt Switch|p2a: Slowking
|-damage|p2a: Slowking|84/100
|
|t:|1743822357
|switch|p1a: Great Tusk|Great Tusk|100/100|[from] Volt Switch
|
|-heal|p2a: Slowking|90/100|[from] Grassy Terrain
|upkeep
|turn|8
|j| xhawiwihawawax
|
|t:|1743822371
|switch|p2a: Zapdos|Zapdos|92/100
|move|p1a: Great Tusk|Knock Off|p2a: Zapdos
|-damage|p2a: Zapdos|69/100
|-enditem|p2a: Zapdos|Heavy-Duty Boots|[from] move: Knock Off|[of] p1a: Great Tusk
|
|-fieldend|move: Grassy Terrain
|upkeep
|turn|9
|
|t:|1743822377
|move|p1a: Great Tusk|Rapid Spin|p2a: Zapdos
|-damage|p2a: Zapdos|56/100
|-boost|p1a: Great Tusk|spe|1
|-sideend|p1: Audio Peel|Spikes|[from] move: Rapid Spin|[of] p1a: Great Tusk
|-sideend|p1: Audio Peel|Stealth Rock|[from] move: Rapid Spin|[of] p1a: Great Tusk
|move|p2a: Zapdos|Hurricane|p1a: Great Tusk
|-supereffective|p1a: Great Tusk
|-damage|p1a: Great Tusk|0 fnt
|faint|p1a: Great Tusk
|-end|p1a: Great Tusk|Protosynthesis|[silent]
|
|upkeep
|
|t:|1743822384
|switch|p1a: Heatran|Heatran, M|75/100
|turn|10
|
|t:|1743822390
|move|p2a: Zapdos|Volt Switch|p1a: Heatran
|-damage|p1a: Heatran|49/100
|
|t:|1743822396
|switch|p2a: Great Tusk|Great Tusk|100/100|[from] Volt Switch
|move|p1a: Heatran|Magma Storm|p2a: Great Tusk
|-damage|p2a: Great Tusk|22/100
|-activate|p2a: Great Tusk|move: Magma Storm|[of] p1a: Heatran
|
|-heal|p1a: Heatran|56/100|[from] item: Leftovers
|-damage|p2a: Great Tusk|10/100|[from] move: Magma Storm|[partiallytrapped]
|upkeep
|turn|11
|
|t:|1743822406
|move|p2a: Great Tusk|Stealth Rock|p1a: Heatran
|-sidestart|p1: Audio Peel|move: Stealth Rock
|move|p1a: Heatran|Earth Power|p2a: Great Tusk
|-damage|p2a: Great Tusk|0 fnt
|faint|p2a: Great Tusk
|-end|p2a: Great Tusk|Protosynthesis|[silent]
|
|-heal|p1a: Heatran|62/100|[from] item: Leftovers
|upkeep
|
|t:|1743822414
|switch|p2a: Kingambit|Kingambit, M|100/100
|-activate|p2a: Kingambit|ability: Supreme Overlord
|-start|p2a: Kingambit|fallen2|[silent]
|turn|12
|
|t:|1743822422
|move|p1a: Heatran|Magma Storm|p2a: Kingambit
|-supereffective|p2a: Kingambit
|-damage|p2a: Kingambit|0 fnt
|faint|p2a: Kingambit
|-end|p2a: Kingambit|fallen2|[silent]
|
|-heal|p1a: Heatran|68/100|[from] item: Leftovers
|upkeep
|c|☆tonyrayyy|gg
|c|☆Audio Peel|gg
|c|☆tonyrayyy|too tilted to play tn
|-message|tonyrayyy forfeited.
|
|win|Audio Peel
|raw|Audio Peel's rating: 1799 &rarr; <strong>1824</strong><br />(+25 for winning)
|raw|tonyrayyy's rating: 1888 &rarr; <strong>1863</strong><br />(-25 for losing)
|l|☆tonyrayyy
|player|p2|
|c|☆Audio Peel|happens to us all, hope u feel better soon
|l|☆Audio Peel
|player|p1|
