|j|☆Mrstealyogirl76
|j|☆pcmajorminer
|t:|1743896998
|gametype|singles
|player|p1|Mrstealyogirl76|grimsley|1308
|player|p2|pcmajorminer|266|1355
|teamsize|p1|6
|teamsize|p2|6
|gen|9
|tier|[Gen 9] OU
|rated|
|rule|HP Percentage Mod: HP is shown in percentages
|rule|Endless Battle Clause: Forcing endless battles is banned
|rule|Species Clause: Limit one of each Pokémon
|rule|OHKO Clause: OHKO moves are banned
|rule|Evasion Items Clause: Evasion items are banned
|rule|Evasion Moves Clause: Evasion moves are banned
|rule|Sleep Moves Clause: Sleep-inducing moves are banned
|clearpoke
|poke|p1|Quaquaval, F|
|poke|p1|Corviknight, F|
|poke|p1|Hatterene, F|
|poke|p1|Rillaboom, F|
|poke|p1|Pecharunt|
|poke|p1|Ting-Lu|
|poke|p2|Kommo-o, F|
|poke|p2|Hydrapple, F|
|poke|p2|Moltres|
|poke|p2|Gholdengo|
|poke|p2|Weavile, F|
|poke|p2|Rotom-Wash|
|teampreview
|inactive|Battle timer is ON: inactive players will automatically lose when time's up. (requested by Mrstealyogirl76)
|inactive|Mrstealyogirl76 has 120 seconds left.
|
|t:|1743897043
|start
|switch|p1a: Ting-Lu|Ting-Lu|100/100
|switch|p2a: Gholdengo|Gholdengo|100/100
|-ability|p1a: Ting-Lu|Vessel of Ruin
|turn|1
|
|t:|1743897053
|switch|p2a: Hydrapple|Hydrapple, F, shiny|100/100
|move|p1a: Ting-Lu|Stealth Rock|p2a: Hydrapple
|-sidestart|p2: pcmajorminer|move: Stealth Rock
|
|upkeep
|turn|2
|
|t:|1743897076
|switch|p1a: Corviknight|Corviknight, F|100/100
|-ability|p1a: Corviknight|Pressure
|move|p2a: Hydrapple|Fickle Beam|p1a: Corviknight
|-resisted|p1a: Corviknight
|-damage|p1a: Corviknight|78/100
|
|upkeep
|turn|3
|
|t:|1743897087
|move|p1a: Corviknight|U-turn|p2a: Hydrapple
|-supereffective|p2a: Hydrapple
|-damage|p2a: Hydrapple|78/100
|
|t:|1743897093
|switch|p1a: Pecharunt|Pecharunt|100/100|[from] U-turn
|move|p2a: Hydrapple|Fickle Beam|p1a: Pecharunt
|-damage|p1a: Pecharunt|54/100
|
|upkeep
|turn|4
|
|t:|1743897108
|move|p1a: Pecharunt|Parting Shot|p2a: Hydrapple
|-unboost|p2a: Hydrapple|atk|1
|-unboost|p2a: Hydrapple|spa|1
|
|t:|1743897113
|switch|p1a: Corviknight|Corviknight, F|78/100|[from] Parting Shot
|-ability|p1a: Corviknight|Pressure
|move|p2a: Hydrapple|Draco Meteor|p1a: Corviknight
|-resisted|p1a: Corviknight
|-damage|p1a: Corviknight|55/100
|-unboost|p2a: Hydrapple|spa|2
|
|upkeep
|turn|5
|
|t:|1743897119
|switch|p2a: Moltres|Moltres|100/100
|move|p1a: Corviknight|Roost|p1a: Corviknight
|-heal|p1a: Corviknight|100/100
|-singleturn|p1a: Corviknight|move: Roost
|
|upkeep
|turn|6
|
|t:|1743897131
|switch|p1a: Hatterene|Hatterene, F|100/100
|move|p2a: Moltres|Will-O-Wisp|p1a: Hatterene
|move|p1a: Hatterene|Will-O-Wisp|p2a: Moltres|[from] ability: Magic Bounce
|-immune|p2a: Moltres
|
|upkeep
|turn|7
|
|t:|1743897141
|move|p2a: Moltres|Flamethrower|p1a: Hatterene
|-damage|p1a: Hatterene|78/100
|move|p1a: Hatterene|Nuzzle|p2a: Moltres
|-supereffective|p2a: Moltres
|-damage|p2a: Moltres|92/100
|-status|p2a: Moltres|par
|
|upkeep
|turn|8
|
|t:|1743897148
|move|p2a: Moltres|Flamethrower|p1a: Hatterene
|-damage|p1a: Hatterene|58/100
|move|p1a: Hatterene|Psychic Noise|p2a: Moltres
|-damage|p2a: Moltres|67/100 par
|-start|p2a: Moltres|move: Heal Block
|
|upkeep
|turn|9
|
|t:|1743897158
|move|p2a: Moltres|Flamethrower|p1a: Hatterene
|-crit|p1a: Hatterene
|-damage|p1a: Hatterene|26/100
|move|p1a: Hatterene|Psychic Noise|p2a: Moltres
|-damage|p2a: Moltres|43/100 par
|
|-end|p2a: Moltres|move: Heal Block
|upkeep
|turn|10
|
|t:|1743897184
|switch|p2a: Gholdengo|Gholdengo|100/100
|-damage|p2a: Gholdengo|94/100|[from] Stealth Rock
|switch|p1a: Quaquaval|Quaquaval, F|100/100
|
|-heal|p2a: Gholdengo|100/100|[from] item: Leftovers
|upkeep
|turn|11
|
|t:|1743897195
|move|p1a: Quaquaval|U-turn|p2a: Gholdengo
|-resisted|p2a: Gholdengo
|-damage|p2a: Gholdengo|95/100
|
|t:|1743897198
|switch|p1a: Ting-Lu|Ting-Lu|100/100|[from] U-turn
|-ability|p1a: Ting-Lu|Vessel of Ruin
|move|p2a: Gholdengo|Thunder Wave|p1a: Ting-Lu
|-immune|p1a: Ting-Lu
|
|-heal|p2a: Gholdengo|100/100|[from] item: Leftovers
|upkeep
|turn|12
|
|t:|1743897203
|switch|p2a: Moltres|Moltres|43/100 par
|move|p1a: Ting-Lu|Spikes|p2a: Moltres
|-sidestart|p2: pcmajorminer|Spikes
|
|upkeep
|turn|13
|
|t:|1743897231
|switch|p1a: Pecharunt|Pecharunt|54/100
|move|p2a: Moltres|Roost|p2a: Moltres
|-heal|p2a: Moltres|93/100 par
|-singleturn|p2a: Moltres|move: Roost
|
|upkeep
|turn|14
|
|t:|1743897240
|move|p1a: Pecharunt|Recover|p1a: Pecharunt
|-heal|p1a: Pecharunt|100/100
|move|p2a: Moltres|Scorching Sands|p1a: Pecharunt
|-supereffective|p1a: Pecharunt
|-damage|p1a: Pecharunt|62/100
|
|upkeep
|turn|15
|
|t:|1743897253
|switch|p2a: Rotom|Rotom-Wash|100/100
|-damage|p2a: Rotom|88/100|[from] Stealth Rock
|move|p1a: Pecharunt|Hex|p2a: Rotom
|-damage|p2a: Rotom|59/100
|
|upkeep
|turn|16
|
|t:|1743897273
|switch|p1a: Hatterene|Hatterene, F|26/100
|move|p2a: Rotom|Trick|p1a: Hatterene
|-activate|p2a: Rotom|move: Trick|[of] p1a: Hatterene
|-item|p1a: Hatterene|Choice Scarf|[from] move: Trick
|-item|p2a: Rotom|Assault Vest|[from] move: Trick
|
|upkeep
|turn|17
|
|t:|1743897287
|move|p2a: Rotom|Shadow Ball|p1a: Hatterene
|-supereffective|p1a: Hatterene
|-damage|p1a: Hatterene|0 fnt
|faint|p1a: Hatterene
|
|upkeep
|inactive|Mrstealyogirl76 has 120 seconds left.
|
|t:|1743897306
|switch|p1a: Rillaboom|Rillaboom, F|100/100
|-fieldstart|move: Grassy Terrain|[from] ability: Grassy Surge|[of] p1a: Rillaboom
|turn|18
|
|t:|1743897313
|switch|p2a: Hydrapple|Hydrapple, F, shiny|100/100
|-damage|p2a: Hydrapple|88/100|[from] Stealth Rock
|-damage|p2a: Hydrapple|76/100|[from] Spikes
|move|p1a: Rillaboom|Knock Off|p2a: Hydrapple
|-damage|p2a: Hydrapple|33/100
|-enditem|p2a: Hydrapple|Assault Vest|[from] move: Knock Off|[of] p1a: Rillaboom
|
|-heal|p2a: Hydrapple|39/100|[from] Grassy Terrain
|upkeep
|turn|19
|
|t:|1743897329
|switch|p1a: Corviknight|Corviknight, F|100/100
|-ability|p1a: Corviknight|Pressure
|move|p2a: Hydrapple|Fickle Beam|p1a: Corviknight
|-resisted|p1a: Corviknight
|-damage|p1a: Corviknight|78/100
|
|-heal|p2a: Hydrapple|45/100|[from] Grassy Terrain
|upkeep
|turn|20
|
|t:|1743897341
|switch|p2a: Rotom|Rotom-Wash|59/100
|-damage|p2a: Rotom|47/100|[from] Stealth Rock
|move|p1a: Corviknight|Brave Bird|p2a: Rotom
|-resisted|p2a: Rotom
|-damage|p2a: Rotom|22/100
|-damage|p1a: Corviknight|73/100|[from] Recoil
|
|upkeep
|turn|21
|inactive|Mrstealyogirl76 has 120 seconds left.
|
|t:|1743897379
|switch|p1a: Ting-Lu|Ting-Lu|100/100
|-ability|p1a: Ting-Lu|Vessel of Ruin
|move|p2a: Rotom|Volt Switch|p1a: Ting-Lu
|-immune|p1a: Ting-Lu
|
|upkeep
|turn|22
|
|t:|1743897390
|move|p2a: Rotom|Hydro Pump|p1a: Ting-Lu
|-supereffective|p1a: Ting-Lu
|-damage|p1a: Ting-Lu|62/100
|move|p1a: Ting-Lu|Spikes|p2a: Rotom
|-sidestart|p2: pcmajorminer|Spikes
|
|-heal|p1a: Ting-Lu|68/100|[from] Grassy Terrain
|-heal|p1a: Ting-Lu|74/100|[from] item: Leftovers
|-fieldend|move: Grassy Terrain
|upkeep
|turn|23
|
|t:|1743897395
|move|p2a: Rotom|Hydro Pump|p1a: Ting-Lu
|-supereffective|p1a: Ting-Lu
|-crit|p1a: Ting-Lu
|-damage|p1a: Ting-Lu|14/100
|move|p1a: Ting-Lu|Whirlwind|p2a: Rotom
|drag|p2a: Gholdengo|Gholdengo|100/100
|-damage|p2a: Gholdengo|94/100|[from] Stealth Rock
|-damage|p2a: Gholdengo|78/100|[from] Spikes
|
|-heal|p2a: Gholdengo|84/100|[from] item: Leftovers
|-heal|p1a: Ting-Lu|20/100|[from] item: Leftovers
|upkeep
|turn|24
|inactive|Mrstealyogirl76 has 120 seconds left.
|
|t:|1743897417
|switch|p1a: Corviknight|Corviknight, F|73/100
|-ability|p1a: Corviknight|Pressure
|move|p2a: Gholdengo|Make It Rain|p1a: Corviknight
|-resisted|p1a: Corviknight
|-damage|p1a: Corviknight|40/100
|-unboost|p2a: Gholdengo|spa|1
|
|-heal|p2a: Gholdengo|90/100|[from] item: Leftovers
|upkeep
|turn|25
|
|t:|1743897424
|move|p2a: Gholdengo|Thunder Wave|p1a: Corviknight
|-status|p1a: Corviknight|par
|cant|p1a: Corviknight|par
|
|-heal|p2a: Gholdengo|96/100|[from] item: Leftovers
|upkeep
|turn|26
|inactive|Mrstealyogirl76 has 120 seconds left.
|
|t:|1743897439
|switch|p2a: Rotom|Rotom-Wash|22/100
|-damage|p2a: Rotom|9/100|[from] Stealth Rock
|cant|p1a: Corviknight|par
|
|upkeep
|turn|27
|inactive|Mrstealyogirl76 has 120 seconds left.
|
|t:|1743897472
|switch|p1a: Rillaboom|Rillaboom, F|100/100
|-fieldstart|move: Grassy Terrain|[from] ability: Grassy Surge|[of] p1a: Rillaboom
|move|p2a: Rotom|Volt Switch|p1a: Rillaboom
|-resisted|p1a: Rillaboom
|-damage|p1a: Rillaboom|80/100
|
|t:|1743897488
|switch|p2a: Hydrapple|Hydrapple, F, shiny|78/100|[from] Volt Switch
|-damage|p2a: Hydrapple|66/100|[from] Stealth Rock
|-damage|p2a: Hydrapple|49/100|[from] Spikes
|
|-heal|p1a: Rillaboom|86/100|[from] Grassy Terrain
|-heal|p2a: Hydrapple|55/100|[from] Grassy Terrain
|upkeep
|turn|28
|
|t:|1743897498
|move|p1a: Rillaboom|U-turn|p2a: Hydrapple
|-supereffective|p2a: Hydrapple
|-damage|p2a: Hydrapple|0 fnt
|faint|p2a: Hydrapple
|
|t:|1743897512
|switch|p1a: Pecharunt|Pecharunt|62/100|[from] U-turn
|
|-heal|p1a: Pecharunt|68/100|[from] Grassy Terrain
|upkeep
|
|t:|1743897517
|switch|p2a: Weavile|Weavile, F|100/100
|-ability|p2a: Weavile|Pressure
|turn|29
|
|t:|1743897524
|move|p2a: Weavile|Swords Dance|p2a: Weavile
|-boost|p2a: Weavile|atk|2
|move|p1a: Pecharunt|Recover|p1a: Pecharunt
|-heal|p1a: Pecharunt|100/100
|
|upkeep
|turn|30
|
|t:|1743897535
|move|p2a: Weavile|Knock Off|p1a: Pecharunt
|-supereffective|p1a: Pecharunt
|-damage|p1a: Pecharunt|15/100
|-enditem|p1a: Pecharunt|Heavy-Duty Boots|[from] move: Knock Off|[of] p2a: Weavile
|move|p1a: Pecharunt|Parting Shot|p2a: Weavile
|-unboost|p2a: Weavile|atk|1
|-unboost|p2a: Weavile|spa|1
|
|t:|1743897538
|switch|p1a: Quaquaval|Quaquaval, F|100/100|[from] Parting Shot
|
|upkeep
|turn|31
|inactive|Mrstealyogirl76 has 120 seconds left.
|
|t:|1743897551
|switch|p2a: Rotom|Rotom-Wash|9/100
|-damage|p2a: Rotom|0 fnt|[from] Stealth Rock
|faint|p2a: Rotom
|move|p1a: Quaquaval|Aqua Step|p2: Rotom|[notarget]
|-fail|p1a: Quaquaval
|
|-fieldend|move: Grassy Terrain
|upkeep
|
|t:|1743897558
|switch|p2a: Kommo-o|Kommo-o, F|100/100
|-damage|p2a: Kommo-o|94/100|[from] Stealth Rock
|-damage|p2a: Kommo-o|78/100|[from] Spikes
|turn|32
|inactive|Mrstealyogirl76 has 120 seconds left.
|
|t:|1743897583
|move|p2a: Kommo-o|Substitute|p2a: Kommo-o
|-start|p2a: Kommo-o|Substitute
|-damage|p2a: Kommo-o|53/100
|move|p1a: Quaquaval|Close Combat|p2a: Kommo-o
|-end|p2a: Kommo-o|Substitute
|-unboost|p1a: Quaquaval|def|1
|-unboost|p1a: Quaquaval|spd|1
|
|upkeep
|turn|33
|
|t:|1743897593
|move|p2a: Kommo-o|Drain Punch|p1a: Quaquaval
|-damage|p1a: Quaquaval|47/100
|-heal|p2a: Kommo-o|87/100|[from] drain|[of] p1a: Quaquaval
|move|p1a: Quaquaval|Close Combat|p2a: Kommo-o
|-damage|p2a: Kommo-o|40/100
|-unboost|p1a: Quaquaval|def|1
|-unboost|p1a: Quaquaval|spd|1
|
|upkeep
|turn|34
|
|t:|1743897602
|switch|p1a: Pecharunt|Pecharunt|15/100
|move|p2a: Kommo-o|Drain Punch|p1a: Pecharunt
|-immune|p1a: Pecharunt
|
|upkeep
|turn|35
|
|t:|1743897605
|move|p2a: Kommo-o|Thunder Punch|p1a: Pecharunt
|-damage|p1a: Pecharunt|3/100
|move|p1a: Pecharunt|Recover|p1a: Pecharunt
|-heal|p1a: Pecharunt|53/100
|
|upkeep
|turn|36
|
|t:|1743897615
|switch|p2a: Gholdengo|Gholdengo|96/100
|-damage|p2a: Gholdengo|90/100|[from] Stealth Rock
|-damage|p2a: Gholdengo|74/100|[from] Spikes
|move|p1a: Pecharunt|Recover|p1a: Pecharunt
|-heal|p1a: Pecharunt|100/100
|
|-heal|p2a: Gholdengo|80/100|[from] item: Leftovers
|upkeep
|turn|37
|
|t:|1743897625
|switch|p1a: Ting-Lu|Ting-Lu|20/100
|-ability|p1a: Ting-Lu|Vessel of Ruin
|move|p2a: Gholdengo|Thunder Wave|p1a: Ting-Lu
|-immune|p1a: Ting-Lu
|
|-heal|p2a: Gholdengo|86/100|[from] item: Leftovers
|-heal|p1a: Ting-Lu|27/100|[from] item: Leftovers
|upkeep
|turn|38
|
|t:|1743897631
|move|p2a: Gholdengo|Make It Rain|p1a: Ting-Lu
|-damage|p1a: Ting-Lu|0 fnt
|-unboost|p2a: Gholdengo|spa|1
|faint|p1a: Ting-Lu
|
|-heal|p2a: Gholdengo|92/100|[from] item: Leftovers
|upkeep
|
|t:|1743897636
|switch|p1a: Rillaboom|Rillaboom, F|86/100
|-fieldstart|move: Grassy Terrain|[from] ability: Grassy Surge|[of] p1a: Rillaboom
|turn|39
|
|t:|1743897655
|switch|p2a: Moltres|Moltres|93/100 par
|move|p1a: Rillaboom|Knock Off|p2a: Moltres
|-crit|p2a: Moltres
|-damage|p2a: Moltres|9/100 par
|-enditem|p2a: Moltres|Heavy-Duty Boots|[from] move: Knock Off|[of] p1a: Rillaboom
|
|-heal|p1a: Rillaboom|93/100|[from] Grassy Terrain
|upkeep
|turn|40
|
|t:|1743897671
|switch|p1a: Pecharunt|Pecharunt|100/100
|cant|p2a: Moltres|par
|
|upkeep
|turn|41
|
|t:|1743897683
|move|p1a: Pecharunt|Malignant Chain|p2a: Moltres
|-damage|p2a: Moltres|0 fnt
|faint|p2a: Moltres
|
|upkeep
|j| luvbunz
|
|t:|1743897697
|switch|p2a: Gholdengo|Gholdengo|92/100
|-damage|p2a: Gholdengo|86/100|[from] Stealth Rock
|-damage|p2a: Gholdengo|69/100|[from] Spikes
|turn|42
|
|t:|1743897724
|switch|p1a: Corviknight|Corviknight, F|40/100 par
|-ability|p1a: Corviknight|Pressure
|move|p2a: Gholdengo|Thunder Wave|p1a: Corviknight
|-fail|p1a: Corviknight|par
|
|-heal|p2a: Gholdengo|75/100|[from] Grassy Terrain
|-heal|p2a: Gholdengo|81/100|[from] item: Leftovers
|upkeep
|turn|43
|
|t:|1743897730
|move|p2a: Gholdengo|Hex|p1a: Corviknight
|-crit|p1a: Corviknight
|-damage|p1a: Corviknight|0 fnt
|faint|p1a: Corviknight
|
|-heal|p2a: Gholdengo|87/100|[from] Grassy Terrain
|-heal|p2a: Gholdengo|93/100|[from] item: Leftovers
|-fieldend|move: Grassy Terrain
|upkeep
|
|t:|1743897737
|switch|p1a: Rillaboom|Rillaboom, F|93/100
|-fieldstart|move: Grassy Terrain|[from] ability: Grassy Surge|[of] p1a: Rillaboom
|turn|44
|
|t:|1743897758
|-terastallize|p2a: Gholdengo|Normal
|move|p2a: Gholdengo|Thunder Wave|p1a: Rillaboom
|-status|p1a: Rillaboom|par
|move|p1a: Rillaboom|Knock Off|p2a: Gholdengo
|-damage|p2a: Gholdengo|37/100
|-enditem|p2a: Gholdengo|Leftovers|[from] move: Knock Off|[of] p1a: Rillaboom
|
|-heal|p2a: Gholdengo|43/100|[from] Grassy Terrain
|-heal|p1a: Rillaboom|99/100 par|[from] Grassy Terrain
|upkeep
|turn|45
|
|t:|1743897776
|move|p2a: Gholdengo|Recover|p2a: Gholdengo
|-heal|p2a: Gholdengo|93/100
|cant|p1a: Rillaboom|par
|
|-heal|p2a: Gholdengo|99/100|[from] Grassy Terrain
|-heal|p1a: Rillaboom|100/100 par|[from] Grassy Terrain
|upkeep
|turn|46
|
|t:|1743897783
|switch|p1a: Quaquaval|Quaquaval, F|47/100
|move|p2a: Gholdengo|Hex|p1a: Quaquaval
|-damage|p1a: Quaquaval|10/100
|
|-heal|p1a: Quaquaval|16/100|[from] Grassy Terrain
|-heal|p2a: Gholdengo|100/100|[from] Grassy Terrain
|upkeep
|turn|47
|inactive|pcmajorminer has 120 seconds left.
|
|t:|1743897834
|move|p1a: Quaquaval|Close Combat|p2a: Gholdengo
|-supereffective|p2a: Gholdengo
|-damage|p2a: Gholdengo|0 fnt
|-unboost|p1a: Quaquaval|def|1
|-unboost|p1a: Quaquaval|spd|1
|faint|p2a: Gholdengo
|-ability|p1a: Quaquaval|Moxie|boost
|-boost|p1a: Quaquaval|atk|1
|
|-heal|p1a: Quaquaval|22/100|[from] Grassy Terrain
|upkeep
|
|t:|1743897839
|switch|p2a: Weavile|Weavile, F|100/100
|-ability|p2a: Weavile|Pressure
|turn|48
|
|t:|1743897848
|move|p2a: Weavile|Knock Off|p1a: Quaquaval
|-resisted|p1a: Quaquaval
|-damage|p1a: Quaquaval|0 fnt
|-enditem|p1a: Quaquaval|Heavy-Duty Boots|[from] move: Knock Off|[of] p2a: Weavile
|faint|p1a: Quaquaval
|
|-fieldend|move: Grassy Terrain
|upkeep
|
|t:|1743897851
|switch|p1a: Pecharunt|Pecharunt|100/100
|turn|49
|inactive|pcmajorminer has 90 seconds left.
|
|t:|1743897896
|-terastallize|p1a: Pecharunt|Fairy
|move|p2a: Weavile|Swords Dance|p2a: Weavile
|-boost|p2a: Weavile|atk|2
|move|p1a: Pecharunt|Malignant Chain|p2a: Weavile
|-damage|p2a: Weavile|57/100
|
|upkeep
|turn|50
|
|t:|1743897909
|move|p2a: Weavile|Triple Axel|p1a: Pecharunt
|-damage|p1a: Pecharunt|91/100
|-hitcount|p1a: Pecharunt|1
|move|p1a: Pecharunt|Malignant Chain|p2a: Weavile
|-crit|p2a: Weavile
|-damage|p2a: Weavile|0 fnt
|faint|p2a: Weavile
|
|upkeep
|
|t:|1743897916
|switch|p2a: Kommo-o|Kommo-o, F|40/100
|-damage|p2a: Kommo-o|34/100|[from] Stealth Rock
|-damage|p2a: Kommo-o|17/100|[from] Spikes
|-enditem|p2a: Kommo-o|Salac Berry|[eat]
|-boost|p2a: Kommo-o|spe|1|[from] item: Salac Berry
|turn|51
|
|t:|1743897922
|move|p2a: Kommo-o|Drain Punch|p1a: Pecharunt
|-resisted|p1a: Pecharunt
|-damage|p1a: Pecharunt|83/100
|-heal|p2a: Kommo-o|22/100|[from] drain|[of] p1a: Pecharunt
|move|p1a: Pecharunt|Malignant Chain|p2a: Kommo-o
|-damage|p2a: Kommo-o|0 fnt
|faint|p2a: Kommo-o
|
|win|Mrstealyogirl76
|raw|Mrstealyogirl76's rating: 1308 &rarr; <strong>1331</strong><br />(+23 for winning)
|raw|pcmajorminer's rating: 1355 &rarr; <strong>1332</strong><br />(-23 for losing)
