|j|☆YeatLover267
|j|☆tronthemon
|t:|1743858557
|gametype|singles
|player|p1|YeatLover267|266|1151
|player|p2|tronthemon|2|1208
|teamsize|p1|6
|teamsize|p2|6
|gen|9
|tier|[Gen 9] OU
|rated|
|rule|HP Percentage Mod: HP is shown in percentages
|rule|Endless Battle Clause: Forcing endless battles is banned
|rule|Species Clause: Limit one of each Pokémon
|rule|OHKO Clause: OHKO moves are banned
|rule|Evasion Items Clause: Evasion items are banned
|rule|Evasion Moves Clause: Evasion moves are banned
|rule|Sleep Moves Clause: Sleep-inducing moves are banned
|clearpoke
|poke|p1|Excadrill, M|
|poke|p1|Sandaconda, F|
|poke|p1|Tyranitar, F|
|poke|p1|Lycanroc, F|
|poke|p1|Volcanion|
|poke|p1|Thundurus-Therian, M|
|poke|p2|Garchomp, F|
|poke|p2|Blaziken, F|
|poke|p2|Slowking-Galar, F|
|poke|p2|Dragapult, M|
|poke|p2|Tinkaton, F|
|poke|p2|Serperior, F|
|teampreview
|inactive|Battle timer is ON: inactive players will automatically lose when time's up. (requested by YeatLover267)
|
|t:|1743858577
|start
|switch|p1a: Thundurus|Thundurus-Therian, M|100/100
|switch|p2a: Garchomp|Garchomp, F|100/100
|turn|1
|
|t:|1743858585
|move|p1a: Thundurus|Substitute|p1a: Thundurus
|-start|p1a: Thundurus|Substitute
|-damage|p1a: Thundurus|76/100
|move|p2a: Garchomp|Scale Shot|p1a: Thundurus
|-activate|p1a: Thundurus|move: Substitute|[damage]
|-end|p1a: Thundurus|Substitute
|-damage|p1a: Thundurus|55/100
|-damage|p1a: Thundurus|35/100
|-damage|p1a: Thundurus|15/100
|-hitcount|p1a: Thundurus|5
|-unboost|p2a: Garchomp|def|1
|-boost|p2a: Garchomp|spe|1
|
|-heal|p1a: Thundurus|21/100|[from] item: Leftovers
|upkeep
|turn|2
|
|t:|1743858597
|switch|p1a: Sandaconda|Sandaconda, F|100/100
|move|p2a: Garchomp|Scale Shot|p1a: Sandaconda
|-damage|p1a: Sandaconda|92/100
|-weather|Sandstorm|[from] ability: Sand Spit|[of] p1a: Sandaconda
|-damage|p1a: Sandaconda|84/100
|-hitcount|p1a: Sandaconda|2
|-enditem|p1a: Sandaconda|Eject Button
|-unboost|p2a: Garchomp|def|1
|-boost|p2a: Garchomp|spe|1
|
|t:|1743858602
|switch|p1a: Lycanroc|Lycanroc, F|100/100
|
|-weather|Sandstorm|[upkeep]
|upkeep
|turn|3
|
|t:|1743858608
|move|p1a: Lycanroc|Play Rough|p2a: Garchomp
|-supereffective|p2a: Garchomp
|-damage|p2a: Garchomp|0 fnt
|-damage|p1a: Lycanroc|88/100|[from] ability: Rough Skin|[of] p2a: Garchomp
|-damage|p1a: Lycanroc|72/100|[from] item: Rocky Helmet|[of] p2a: Garchomp
|faint|p2a: Garchomp
|
|-weather|Sandstorm|[upkeep]
|upkeep
|
|t:|1743858624
|switch|p2a: Tinkaton|Tinkaton, F|100/100
|-ability|p2a: Tinkaton|Mold Breaker
|-item|p2a: Tinkaton|Air Balloon
|turn|4
|
|t:|1743858632
|switch|p1a: Volcanion|Volcanion|100/100
|move|p2a: Tinkaton|Thunder Wave|p1a: Volcanion
|-status|p1a: Volcanion|par
|
|-weather|Sandstorm|[upkeep]
|-damage|p1a: Volcanion|94/100 par|[from] Sandstorm
|upkeep
|turn|5
|
|t:|1743858639
|switch|p2a: Slowking|Slowking-Galar, F|100/100
|cant|p1a: Volcanion|par
|
|-weather|Sandstorm|[upkeep]
|-damage|p2a: Slowking|94/100|[from] Sandstorm
|-damage|p1a: Volcanion|88/100 par|[from] Sandstorm
|upkeep
|turn|6
|
|t:|1743858651
|switch|p1a: Tyranitar|Tyranitar, F|100/100
|move|p2a: Slowking|Psyshock|p1a: Tyranitar
|-immune|p1a: Tyranitar
|
|-weather|none
|upkeep
|turn|7
|
|t:|1743858670
|switch|p2a: Serperior|Serperior, F|100/100
|move|p1a: Tyranitar|Knock Off|p2a: Serperior
|-damage|p2a: Serperior|57/100
|-enditem|p2a: Serperior|Leftovers|[from] move: Knock Off|[of] p1a: Tyranitar
|
|upkeep
|turn|8
|
|t:|1743858679
|move|p2a: Serperior|Leech Seed|p1a: Tyranitar
|-start|p1a: Tyranitar|move: Leech Seed
|move|p1a: Tyranitar|Ice Beam|p2a: Serperior
|-supereffective|p2a: Serperior
|-damage|p2a: Serperior|0 fnt
|faint|p2a: Serperior
|
|upkeep
|
|t:|1743858685
|switch|p2a: Blaziken|Blaziken, F|100/100
|turn|9
|
|t:|1743858689
|switch|p1a: Sandaconda|Sandaconda, F|84/100
|move|p2a: Blaziken|Swords Dance|p2a: Blaziken
|-boost|p2a: Blaziken|atk|2
|
|-ability|p2a: Blaziken|Speed Boost|boost
|-boost|p2a: Blaziken|spe|1
|upkeep
|turn|10
|
|t:|1743858694
|-terastallize|p2a: Blaziken|Flying
|move|p2a: Blaziken|Swords Dance|p2a: Blaziken
|-boost|p2a: Blaziken|atk|2
|move|p1a: Sandaconda|Glare|p2a: Blaziken
|-status|p2a: Blaziken|par
|
|-ability|p2a: Blaziken|Speed Boost|boost
|-boost|p2a: Blaziken|spe|1
|upkeep
|turn|11
|
|t:|1743858707
|cant|p2a: Blaziken|par
|move|p1a: Sandaconda|Stone Edge|p2a: Blaziken
|-supereffective|p2a: Blaziken
|-damage|p2a: Blaziken|33/100 par
|
|-heal|p2a: Blaziken|39/100 par|[from] item: Leftovers
|-ability|p2a: Blaziken|Speed Boost|boost
|-boost|p2a: Blaziken|spe|1
|upkeep
|turn|12
|
|t:|1743858713
|move|p2a: Blaziken|Close Combat|p1a: Sandaconda
|-damage|p1a: Sandaconda|0 fnt
|-unboost|p2a: Blaziken|def|1
|-unboost|p2a: Blaziken|spd|1
|-weather|Sandstorm|[from] ability: Sand Spit|[of] p1a: Sandaconda
|faint|p1a: Sandaconda
|
|-weather|Sandstorm|[upkeep]
|-damage|p2a: Blaziken|33/100 par|[from] Sandstorm
|-heal|p2a: Blaziken|39/100 par|[from] item: Leftovers
|-ability|p2a: Blaziken|Speed Boost|boost
|-boost|p2a: Blaziken|spe|1
|upkeep
|
|t:|1743858717
|switch|p1a: Excadrill|Excadrill, M|100/100
|turn|13
|
|t:|1743858722
|move|p1a: Excadrill|Iron Head|p2a: Blaziken
|-damage|p2a: Blaziken|0 fnt
|faint|p2a: Blaziken
|
|-weather|Sandstorm|[upkeep]
|upkeep
|
|t:|1743858726
|switch|p2a: Dragapult|Dragapult, M|100/100
|turn|14
|
|t:|1743858729
|move|p2a: Dragapult|Fire Blast|p1a: Excadrill|[miss]
|-miss|p2a: Dragapult|p1a: Excadrill
|move|p1a: Excadrill|Earthquake|p2a: Dragapult
|-damage|p2a: Dragapult|27/100
|-start|p1a: Excadrill|Disable|Earthquake|[from] ability: Cursed Body|[of] p2a: Dragapult
|
|-weather|Sandstorm|[upkeep]
|-damage|p2a: Dragapult|21/100|[from] Sandstorm
|upkeep
|turn|15
|
|t:|1743858734
|switch|p1a: Volcanion|Volcanion|88/100 par
|move|p2a: Dragapult|Fire Blast|p1a: Volcanion
|-resisted|p1a: Volcanion
|-damage|p1a: Volcanion|83/100 par
|
|-weather|Sandstorm|[upkeep]
|-damage|p2a: Dragapult|15/100|[from] Sandstorm
|-damage|p1a: Volcanion|77/100 par|[from] Sandstorm
|upkeep
|turn|16
|
|t:|1743858740
|switch|p2a: Slowking|Slowking-Galar, F|100/100
|move|p1a: Volcanion|Steam Eruption|p2a: Slowking
|-crit|p2a: Slowking
|-damage|p2a: Slowking|65/100
|
|-weather|none
|upkeep
|turn|17
|
|t:|1743858744
|switch|p2a: Dragapult|Dragapult, M|15/100
|switch|p1a: Tyranitar|Tyranitar, F|100/100
|-weather|Sandstorm|[from] ability: Sand Stream|[of] p1a: Tyranitar
|
|-weather|Sandstorm|[upkeep]
|-damage|p2a: Dragapult|9/100|[from] Sandstorm
|upkeep
|turn|18
|
|t:|1743858747
|move|p2a: Dragapult|Hydro Pump|p1a: Tyranitar
|-supereffective|p1a: Tyranitar
|-damage|p1a: Tyranitar|63/100
|move|p1a: Tyranitar|Stealth Rock|p2a: Dragapult
|-sidestart|p2: tronthemon|move: Stealth Rock
|
|-weather|Sandstorm|[upkeep]
|-damage|p2a: Dragapult|3/100|[from] Sandstorm
|upkeep
|turn|19
|
|t:|1743858750
|move|p2a: Dragapult|Hydro Pump|p1a: Tyranitar|[miss]
|-miss|p2a: Dragapult|p1a: Tyranitar
|move|p1a: Tyranitar|Knock Off|p2a: Dragapult
|-supereffective|p2a: Dragapult
|-damage|p2a: Dragapult|0 fnt
|-start|p1a: Tyranitar|Disable|Knock Off|[from] ability: Cursed Body|[of] p2a: Dragapult
|-enditem|p2a: Dragapult|Choice Scarf|[from] move: Knock Off|[of] p1a: Tyranitar
|faint|p2a: Dragapult
|
|-weather|Sandstorm|[upkeep]
|upkeep
|
|t:|1743858757
|switch|p2a: Slowking|Slowking-Galar, F|99/100
|-damage|p2a: Slowking|86/100|[from] Stealth Rock
|turn|20
|
|t:|1743858761
|switch|p1a: Volcanion|Volcanion|77/100 par
|move|p2a: Slowking|Sludge Bomb|p1a: Volcanion
|-damage|p1a: Volcanion|47/100 par
|
|-weather|Sandstorm|[upkeep]
|-damage|p2a: Slowking|80/100|[from] Sandstorm
|-damage|p1a: Volcanion|41/100 par|[from] Sandstorm
|upkeep
|turn|21
|
|t:|1743858765
|move|p2a: Slowking|Flamethrower|p1a: Volcanion
|-resisted|p1a: Volcanion
|-damage|p1a: Volcanion|37/100 par
|move|p1a: Volcanion|Earth Power|p2a: Slowking
|-supereffective|p2a: Slowking
|-damage|p2a: Slowking|57/100
|-unboost|p2a: Slowking|spd|1
|
|-weather|Sandstorm|[upkeep]
|-damage|p2a: Slowking|51/100|[from] Sandstorm
|-damage|p1a: Volcanion|31/100 par|[from] Sandstorm
|upkeep
|turn|22
|
|t:|1743858767
|move|p2a: Slowking|Flamethrower|p1a: Volcanion
|-resisted|p1a: Volcanion
|-damage|p1a: Volcanion|26/100 par
|move|p1a: Volcanion|Earth Power|p2a: Slowking
|-supereffective|p2a: Slowking
|-damage|p2a: Slowking|15/100
|
|-weather|Sandstorm|[upkeep]
|-damage|p2a: Slowking|9/100|[from] Sandstorm
|-damage|p1a: Volcanion|20/100 par|[from] Sandstorm
|upkeep
|turn|23
|
|t:|1743858774
|move|p2a: Slowking|Sludge Bomb|p1a: Volcanion
|-damage|p1a: Volcanion|0 fnt
|faint|p1a: Volcanion
|
|-weather|Sandstorm|[upkeep]
|-damage|p2a: Slowking|2/100|[from] Sandstorm
|upkeep
|
|t:|1743858780
|switch|p1a: Tyranitar|Tyranitar, F|63/100
|turn|24
|
|t:|1743858783
|move|p1a: Tyranitar|Knock Off|p2a: Slowking
|-supereffective|p2a: Slowking
|-damage|p2a: Slowking|0 fnt
|-enditem|p2a: Slowking|Assault Vest|[from] move: Knock Off|[of] p1a: Tyranitar
|faint|p2a: Slowking
|
|-weather|none
|upkeep
|
|t:|1743858785
|switch|p2a: Tinkaton|Tinkaton, F|100/100
|-damage|p2a: Tinkaton|94/100|[from] Stealth Rock
|-ability|p2a: Tinkaton|Mold Breaker
|-item|p2a: Tinkaton|Air Balloon
|turn|25
|
|t:|1743858792
|move|p2a: Tinkaton|Play Rough|p1a: Tyranitar
|-supereffective|p1a: Tyranitar
|-damage|p1a: Tyranitar|10/100
|move|p1a: Tyranitar|Power Gem|p2a: Tinkaton
|-resisted|p2a: Tinkaton
|-damage|p2a: Tinkaton|76/100
|-enditem|p2a: Tinkaton|Air Balloon
|
|upkeep
|turn|26
|
|t:|1743858798
|move|p2a: Tinkaton|Play Rough|p1a: Tyranitar
|-supereffective|p1a: Tyranitar
|-damage|p1a: Tyranitar|0 fnt
|faint|p1a: Tyranitar
|
|upkeep
|
|t:|1743858803
|switch|p1a: Excadrill|Excadrill, M|100/100
|turn|27
|-message|tronthemon forfeited.
|
|win|YeatLover267
|raw|YeatLover267's rating: 1151 &rarr; <strong>1180</strong><br />(+29 for winning)
|raw|tronthemon's rating: 1208 &rarr; <strong>1179</strong><br />(-29 for losing)
|l|☆tronthemon
|player|p2|
|l|☆YeatLover267
|player|p1|
