|j|☆nakaru hikamura
|j|☆colletzin
|t:|1743893608
|gametype|singles
|player|p1|nakaru hikamura|101|1124
|player|p2|colletzin|boarder|1082
|teamsize|p1|1
|teamsize|p2|6
|gen|9
|tier|[Gen 9] OU
|rated|
|rule|HP Percentage Mod: HP is shown in percentages
|rule|Endless Battle Clause: Forcing endless battles is banned
|rule|Species Clause: Limit one of each Pokémon
|rule|OHKO Clause: OHKO moves are banned
|rule|Evasion Items Clause: Evasion items are banned
|rule|Evasion Moves Clause: Evasion moves are banned
|rule|Sleep Moves Clause: Sleep-inducing moves are banned
|clearpoke
|poke|p1|Snorlax, F|
|poke|p2|Meowscarada, M|
|poke|p2|Dragapult, F|
|poke|p2|Iron Moth|
|poke|p2|Swampert, M|
|poke|p2|Zapdos|
|poke|p2|Iron Crown|
|teampreview
|
|t:|1743893615
|start
|switch|p1a: Snorlax|Snorlax, F|100/100
|switch|p2a: Swampert|Swampert, M|100/100
|turn|1
|
|t:|1743893621
|move|p2a: Swampert|Hammer Arm|p1a: Snorlax
|-supereffective|p1a: Snorlax
|-damage|p1a: Snorlax|51/100
|-unboost|p2a: Swampert|spe|1
|move|p1a: Snorlax|Curse|p1a: Snorlax
|-unboost|p1a: Snorlax|spe|1
|-boost|p1a: Snorlax|atk|1
|-boost|p1a: Snorlax|def|1
|
|-heal|p1a: Snorlax|57/100|[from] item: Leftovers
|upkeep
|turn|2
|
|t:|1743893631
|-terastallize|p1a: Snorlax|Fairy
|move|p2a: Swampert|Hammer Arm|p1a: Snorlax|[miss]
|-miss|p2a: Swampert|p1a: Snorlax
|move|p1a: Snorlax|Curse|p1a: Snorlax
|-unboost|p1a: Snorlax|spe|1
|-boost|p1a: Snorlax|atk|1
|-boost|p1a: Snorlax|def|1
|
|-heal|p1a: Snorlax|63/100|[from] item: Leftovers
|upkeep
|turn|3
|
|t:|1743893644
|move|p2a: Swampert|Earthquake|p1a: Snorlax
|-damage|p1a: Snorlax|47/100
|move|p1a: Snorlax|Curse|p1a: Snorlax
|-unboost|p1a: Snorlax|spe|1
|-boost|p1a: Snorlax|atk|1
|-boost|p1a: Snorlax|def|1
|
|-heal|p1a: Snorlax|53/100|[from] item: Leftovers
|upkeep
|turn|4
|
|t:|1743893671
|move|p2a: Swampert|Stone Edge|p1a: Snorlax
|-crit|p1a: Snorlax
|-damage|p1a: Snorlax|19/100
|move|p1a: Snorlax|Curse|p1a: Snorlax
|-unboost|p1a: Snorlax|spe|1
|-boost|p1a: Snorlax|atk|1
|-boost|p1a: Snorlax|def|1
|
|-heal|p1a: Snorlax|25/100|[from] item: Leftovers
|upkeep
|turn|5
|
|t:|1743893697
|move|p2a: Swampert|Stone Edge|p1a: Snorlax|[miss]
|-miss|p2a: Swampert|p1a: Snorlax
|move|p1a: Snorlax|Rest|p1a: Snorlax
|-status|p1a: Snorlax|slp|[from] move: Rest
|-heal|p1a: Snorlax|100/100 slp|[silent]
|
|upkeep
|turn|6
|
|t:|1743893708
|move|p2a: Swampert|Hammer Arm|p1a: Snorlax
|-resisted|p1a: Snorlax
|-damage|p1a: Snorlax|97/100 slp
|-unboost|p2a: Swampert|spe|1
|cant|p1a: Snorlax|slp
|move|p1a: Snorlax|Sleep Talk|p1a: Snorlax
|move|p1a: Snorlax|Curse|p1a: Snorlax|[from] move: Sleep Talk
|-unboost|p1a: Snorlax|spe|1
|-boost|p1a: Snorlax|atk|1
|-boost|p1a: Snorlax|def|1
|
|-heal|p1a: Snorlax|100/100 slp|[from] item: Leftovers
|upkeep
|turn|7
|c|☆colletzin|u fucking insane bro
|c|☆colletzin|want to win?
|c|☆colletzin|or u're just losing time
|
|t:|1743893751
|move|p2a: Swampert|Earthquake|p1a: Snorlax
|-damage|p1a: Snorlax|90/100 slp
|cant|p1a: Snorlax|slp
|move|p1a: Snorlax|Sleep Talk|p1a: Snorlax
|move|p1a: Snorlax|Tera Blast|p2a: Swampert|[from] move: Sleep Talk|[anim] Tera Blast Fairy
|-damage|p2a: Swampert|31/100
|
|-heal|p2a: Swampert|37/100|[from] item: Leftovers
|-heal|p1a: Snorlax|96/100 slp|[from] item: Leftovers
|upkeep
|turn|8
|c|☆nakaru hikamura|im on a 5 winstreak lol
|
|t:|1743893766
|move|p2a: Swampert|Stone Edge|p1a: Snorlax
|-crit|p1a: Snorlax
|-damage|p1a: Snorlax|60/100 slp
|-curestatus|p1a: Snorlax|slp|[msg]
|move|p1a: Snorlax|Curse|p1a: Snorlax
|-unboost|p1a: Snorlax|spe|1
|-boost|p1a: Snorlax|atk|1
|-boost|p1a: Snorlax|def|1
|
|-heal|p2a: Swampert|44/100|[from] item: Leftovers
|-heal|p1a: Snorlax|66/100|[from] item: Leftovers
|upkeep
|turn|9
|c|☆colletzin|doesn't change the fact
|c|☆colletzin|u strange bro
|
|t:|1743893789
|move|p2a: Swampert|Stone Edge|p1a: Snorlax
|-crit|p1a: Snorlax
|-damage|p1a: Snorlax|32/100
|move|p1a: Snorlax|Rest|p1a: Snorlax
|-status|p1a: Snorlax|slp|[from] move: Rest
|-heal|p1a: Snorlax|100/100 slp|[silent]
|
|-heal|p2a: Swampert|50/100|[from] item: Leftovers
|upkeep
|turn|10
|c|☆nakaru hikamura|and ur bad
|
|t:|1743893803
|move|p2a: Swampert|Stone Edge|p1a: Snorlax
|-damage|p1a: Snorlax|94/100 slp
|cant|p1a: Snorlax|slp
|move|p1a: Snorlax|Sleep Talk|p1a: Snorlax
|move|p1a: Snorlax|Rest||[from] move: Sleep Talk|[still]
|-fail|p1a: Snorlax
|
|-heal|p2a: Swampert|56/100|[from] item: Leftovers
|-heal|p1a: Snorlax|100/100 slp|[from] item: Leftovers
|upkeep
|turn|11
|
|t:|1743893814
|move|p2a: Swampert|Stone Edge|p1a: Snorlax
|-damage|p1a: Snorlax|95/100 slp
|cant|p1a: Snorlax|slp
|move|p1a: Snorlax|Sleep Talk|p1a: Snorlax
|move|p1a: Snorlax|Tera Blast|p2a: Swampert|[from] move: Sleep Talk|[anim] Tera Blast Fairy
|-damage|p2a: Swampert|0 fnt
|faint|p2a: Swampert
|
|-heal|p1a: Snorlax|100/100 slp|[from] item: Leftovers
|upkeep
|c|☆colletzin|i don't even care
|c|☆colletzin|just knowing about what u're doing
|c|☆colletzin|is fucking losing in life
|c|☆colletzin|unless u make money with it
|c|☆colletzin|wich i doubt
|
|t:|1743893856
|switch|p2a: Meowscarada|Meowscarada, M|100/100
|turn|12
|
|t:|1743893864
|move|p2a: Meowscarada|Knock Off|p1a: Snorlax
|-start|p2a: Meowscarada|typechange|Dark|[from] ability: Protean
|-resisted|p1a: Snorlax
|-damage|p1a: Snorlax|93/100 slp
|-enditem|p1a: Snorlax|Leftovers|[from] move: Knock Off|[of] p2a: Meowscarada
|-curestatus|p1a: Snorlax|slp|[msg]
|move|p1a: Snorlax|Tera Blast|p2a: Meowscarada|[anim] Tera Blast Fairy
|-supereffective|p2a: Meowscarada
|-damage|p2a: Meowscarada|0 fnt
|faint|p2a: Meowscarada
|
|upkeep
|
|t:|1743893880
|switch|p2a: Zapdos|Zapdos|100/100
|-ability|p2a: Zapdos|Pressure
|turn|13
|
|t:|1743893889
|move|p2a: Zapdos|Thunder|p1a: Snorlax
|-damage|p1a: Snorlax|72/100
|-status|p1a: Snorlax|par
|cant|p1a: Snorlax|par
|
|upkeep
|turn|14
|
|t:|1743893899
|move|p2a: Zapdos|Thunder|p1a: Snorlax
|-damage|p1a: Snorlax|52/100 par
|move|p1a: Snorlax|Rest|p1a: Snorlax
|-status|p1a: Snorlax|slp|[from] move: Rest
|-heal|p1a: Snorlax|100/100 slp|[silent]
|
|upkeep
|turn|15
|
|t:|1743893909
|move|p2a: Zapdos|Thunder|p1a: Snorlax
|-damage|p1a: Snorlax|79/100 slp
|cant|p1a: Snorlax|slp
|move|p1a: Snorlax|Sleep Talk|p1a: Snorlax
|move|p1a: Snorlax|Curse|p1a: Snorlax|[from] move: Sleep Talk
|
|upkeep
|turn|16
|c|☆colletzin|dont wanna talk about it?
|c|☆colletzin|okay right
|
|t:|1743893941
|move|p2a: Zapdos|Thunder|p1a: Snorlax
|-damage|p1a: Snorlax|59/100 slp
|cant|p1a: Snorlax|slp
|move|p1a: Snorlax|Sleep Talk|p1a: Snorlax
|move|p1a: Snorlax|Curse|p1a: Snorlax|[from] move: Sleep Talk
|
|upkeep
|turn|17
|c|☆colletzin|i understand u bro
|c|☆colletzin|don't depress yourself
|c|☆colletzin|lol
|
|t:|1743893954
|move|p2a: Zapdos|Thunder|p1a: Snorlax
|-damage|p1a: Snorlax|38/100 slp
|-curestatus|p1a: Snorlax|slp|[msg]
|move|p1a: Snorlax|Rest|p1a: Snorlax
|-status|p1a: Snorlax|slp|[from] move: Rest
|-heal|p1a: Snorlax|100/100 slp|[silent]
|
|upkeep
|turn|18
|
|t:|1743893971
|move|p2a: Zapdos|Thunder|p1a: Snorlax
|-damage|p1a: Snorlax|79/100 slp
|cant|p1a: Snorlax|slp
|move|p1a: Snorlax|Sleep Talk|p1a: Snorlax
|move|p1a: Snorlax|Rest||[from] move: Sleep Talk|[still]
|-fail|p1a: Snorlax
|
|upkeep
|turn|19
|c|☆nakaru hikamura|ur right im gonna go jump off a building after what you said
|
|t:|1743893983
|move|p2a: Zapdos|Thunder|p1a: Snorlax
|-damage|p1a: Snorlax|60/100 slp
|cant|p1a: Snorlax|slp
|move|p1a: Snorlax|Sleep Talk|p1a: Snorlax
|move|p1a: Snorlax|Curse|p1a: Snorlax|[from] move: Sleep Talk
|
|upkeep
|turn|20
|c|☆colletzin|only if u lose
|c|☆colletzin|if u win, u still have a reason to live
|
|t:|1743894013
|move|p2a: Zapdos|Thunder|p1a: Snorlax
|-damage|p1a: Snorlax|41/100 slp
|-curestatus|p1a: Snorlax|slp|[msg]
|move|p1a: Snorlax|Rest|p1a: Snorlax
|-status|p1a: Snorlax|slp|[from] move: Rest
|-heal|p1a: Snorlax|100/100 slp|[silent]
|
|upkeep
|turn|21
|
|t:|1743894022
|move|p2a: Zapdos|Thunder|p1a: Snorlax
|-damage|p1a: Snorlax|81/100 slp
|cant|p1a: Snorlax|slp
|move|p1a: Snorlax|Sleep Talk|p1a: Snorlax
|move|p1a: Snorlax|Rest||[from] move: Sleep Talk|[still]
|-fail|p1a: Snorlax
|
|upkeep
|turn|22
|
|t:|1743894036
|move|p2a: Zapdos|Thunder|p1a: Snorlax|[miss]
|-miss|p2a: Zapdos|p1a: Snorlax
|cant|p1a: Snorlax|slp
|move|p1a: Snorlax|Sleep Talk|p1a: Snorlax
|move|p1a: Snorlax|Tera Blast|p2a: Zapdos|[from] move: Sleep Talk|[anim] Tera Blast Fairy
|-damage|p2a: Zapdos|0 fnt
|faint|p2a: Zapdos
|
|upkeep
|c|☆nakaru hikamura|Lately, it feels like everything is slipping out of my control. I wake up each day, burdened by the weight of unfulfilled dreams, failed ambitions, and a constant sense of disconnection from the people around me. Work is draining, and I can never seem to get ahead, no matter how hard I try. The relationships I’ve built over the years feel distant, as though I’m just an observer in my own life, unable to make meaningful connections. I often wonder if I’m just stuck in an endless loop of disappointments, struggling to find a way out.
|c|☆nakaru hikamura|But there’s one place where I can momentarily forget about all of this – Pokémon Showdown. It might sound silly, but the game has become my refuge. The thrill of battling, the strategy, the planning—it’s all I need to feel a sense of control. In a world where I often feel powerless, Pokémon Showdown allows me to craft a team, make decisions, and experience the joy of a hard-earned victory. For those few moments, I’m not weighed down by everything else. It’s a break from reality, a place where I can still feel accomplished and in charge.
|c|☆nakaru hikamura|Despite everything going wrong in my life, Pokémon Showdown offers me a sense of satisfaction that I can’t find elsewhere. It’s not much, but in a life that feels like a series of losses, it’s the one place I can hold on to for a little while longer.
|c|☆colletzin|i'm really sorry bro
|l|☆nakaru hikamura
|player|p1|
|c|☆colletzin|i'm facing a depression too, it feels like all I've made in the past few years was just fucking my life up. i droped out the university for like no reason but to "seek my dream to be an artist"
|inactive|Battle timer is ON: inactive players will automatically lose when time's up. (requested by colletzin)
|
|t:|1743894557
|switch|p2a: Iron Crown|Iron Crown|100/100
|-enditem|p2a: Iron Crown|Booster Energy
|-activate|p2a: Iron Crown|ability: Quark Drive|[fromitem]
|-start|p2a: Iron Crown|quarkdrivespd
|turn|23
|inactive|nakaru hikamura has 30 seconds to reconnect!
|inactive|nakaru hikamura has 20 seconds to reconnect!
|inactive|nakaru hikamura has 15 seconds to reconnect!
|inactive|nakaru hikamura has 10 seconds to reconnect!
|inactive|nakaru hikamura has 5 seconds to reconnect!
|-message|nakaru hikamura lost due to inactivity.
|
|win|colletzin
