|j|☆voltz24
|j|☆rolendice
|t:|1743813428
|gametype|singles
|player|p1|voltz24|preschooler|1254
|player|p2|rolendice|cynthia-gen4|1228
|teamsize|p1|6
|teamsize|p2|6
|gen|9
|tier|[Gen 9] OU
|rated|
|rule|HP Percentage Mod: HP is shown in percentages
|rule|Endless Battle Clause: Forcing endless battles is banned
|rule|Species Clause: Limit one of each Pokémon
|rule|OHKO Clause: OHKO moves are banned
|rule|Evasion Items Clause: Evasion items are banned
|rule|Evasion Moves Clause: Evasion moves are banned
|rule|Sleep Moves Clause: Sleep-inducing moves are banned
|clearpoke
|poke|p1|Sneasel-Hisui, M|
|poke|p1|Great Tusk|
|poke|p1|Gholdengo|
|poke|p1|Dragapult, F|
|poke|p1|Kingambit, M|
|poke|p1|Primarina, M|
|poke|p2|Suicune|
|poke|p2|Entei|
|poke|p2|Ogerpon, F|
|poke|p2|Zamazenta-*|
|poke|p2|Darkrai|
|poke|p2|Cresselia, F|
|teampreview
|inactive|Battle timer is ON: inactive players will automatically lose when time's up. (requested by rolendice)
|
|t:|1743813441
|start
|switch|p1a: Great Tusk|Great Tusk|100/100
|switch|p2a: Suicune|Suicune, shiny|100/100
|-ability|p2a: Suicune|Pressure
|turn|1
|
|t:|1743813451
|move|p1a: Great Tusk|Stealth Rock|p2a: Suicune
|-sidestart|p2: rolendice|move: Stealth Rock
|move|p2a: Suicune|Calm Mind|p2a: Suicune
|-boost|p2a: Suicune|spa|1
|-boost|p2a: Suicune|spd|1
|
|upkeep
|turn|2
|
|t:|1743813459
|-end|p1a: Great Tusk|Protosynthesis|[silent]
|switch|p1a: Primarina|Primarina, M|100/100
|move|p2a: Suicune|Agility|p2a: Suicune
|-boost|p2a: Suicune|spe|2
|
|upkeep
|turn|3
|
|t:|1743813467
|move|p2a: Suicune|Scald|p1a: Primarina
|-resisted|p1a: Primarina
|-damage|p1a: Primarina|84/100
|-status|p1a: Primarina|brn
|move|p1a: Primarina|Moonblast|p2a: Suicune
|-crit|p2a: Suicune
|-damage|p2a: Suicune|46/100
|
|-heal|p2a: Suicune|52/100|[from] item: Leftovers
|-damage|p1a: Primarina|78/100 brn|[from] brn
|upkeep
|turn|4
|c|☆rolendice|turn 1 crit is crazy
|
|t:|1743813486
|move|p2a: Suicune|Calm Mind|p2a: Suicune
|-boost|p2a: Suicune|spa|1
|-boost|p2a: Suicune|spd|1
|move|p1a: Primarina|Moonblast|p2a: Suicune
|-damage|p2a: Suicune|32/100
|
|-heal|p2a: Suicune|38/100|[from] item: Leftovers
|-damage|p1a: Primarina|72/100 brn|[from] brn
|upkeep
|turn|5
|
|t:|1743813492
|move|p2a: Suicune|Calm Mind|p2a: Suicune
|-boost|p2a: Suicune|spa|1
|-boost|p2a: Suicune|spd|1
|move|p1a: Primarina|Flip Turn|p2a: Suicune
|-resisted|p2a: Suicune
|-damage|p2a: Suicune|36/100
|inactive|voltz24 has 120 seconds left.
|
|t:|1743813534
|switch|p1a: Sneasel|Sneasel-Hisui, M|100/100|[from] Flip Turn
|
|-heal|p2a: Suicune|42/100|[from] item: Leftovers
|upkeep
|turn|6
|
|t:|1743813538
|move|p2a: Suicune|Scald|p1a: Sneasel
|-damage|p1a: Sneasel|1/100
|-status|p1a: Sneasel|brn
|move|p1a: Sneasel|Gunk Shot|p2a: Suicune
|-damage|p2a: Suicune|21/100
|
|-heal|p2a: Suicune|27/100|[from] item: Leftovers
|-damage|p1a: Sneasel|0 fnt|[from] brn
|faint|p1a: Sneasel
|upkeep
|
|t:|1743813551
|switch|p1a: Dragapult|Dragapult, F|100/100
|turn|7
|
|t:|1743813554
|move|p1a: Dragapult|Dragon Darts|p2a: Suicune
|-damage|p2a: Suicune|0 fnt
|faint|p2a: Suicune
|
|upkeep
|
|t:|1743813569
|switch|p2a: Zamazenta|Zamazenta, shiny|100/100
|-damage|p2a: Zamazenta|94/100|[from] Stealth Rock
|-ability|p2a: Zamazenta|Dauntless Shield|boost
|-boost|p2a: Zamazenta|def|1
|turn|8
|
|t:|1743813583
|switch|p1a: Gholdengo|Gholdengo|100/100
|-item|p1a: Gholdengo|Air Balloon
|move|p2a: Zamazenta|Iron Defense|p2a: Zamazenta
|-boost|p2a: Zamazenta|def|2
|
|-heal|p2a: Zamazenta|100/100|[from] item: Leftovers
|upkeep
|turn|9
|
|t:|1743813588
|move|p2a: Zamazenta|Crunch|p1a: Gholdengo
|-supereffective|p1a: Gholdengo
|-damage|p1a: Gholdengo|71/100
|-unboost|p1a: Gholdengo|def|1
|-enditem|p1a: Gholdengo|Air Balloon
|move|p1a: Gholdengo|Thunder Wave|p2a: Zamazenta
|-status|p2a: Zamazenta|par
|
|upkeep
|turn|10
|
|t:|1743813599
|move|p1a: Gholdengo|Hex|p2a: Zamazenta
|-damage|p2a: Zamazenta|50/100 par
|move|p2a: Zamazenta|Crunch|p1a: Gholdengo
|-supereffective|p1a: Gholdengo
|-damage|p1a: Gholdengo|21/100
|
|-heal|p2a: Zamazenta|57/100 par|[from] item: Leftovers
|upkeep
|turn|11
|
|t:|1743813612
|-terastallize|p1a: Gholdengo|Fairy
|move|p1a: Gholdengo|Hex|p2a: Zamazenta
|-damage|p2a: Zamazenta|11/100 par
|move|p2a: Zamazenta|Crunch|p1a: Gholdengo
|-resisted|p1a: Gholdengo
|-damage|p1a: Gholdengo|10/100
|-unboost|p1a: Gholdengo|def|1
|
|-heal|p2a: Zamazenta|17/100 par|[from] item: Leftovers
|upkeep
|turn|12
|
|t:|1743813622
|move|p1a: Gholdengo|Recover|p1a: Gholdengo
|-heal|p1a: Gholdengo|60/100
|move|p2a: Zamazenta|Body Press|p1a: Gholdengo
|-resisted|p1a: Gholdengo
|-crit|p1a: Gholdengo
|-damage|p1a: Gholdengo|0 fnt
|faint|p1a: Gholdengo
|
|-heal|p2a: Zamazenta|24/100 par|[from] item: Leftovers
|upkeep
|c|☆rolendice|such a waste of a tera
|c|☆rolendice|ty
|
|t:|1743813635
|switch|p1a: Primarina|Primarina, M|72/100 brn
|turn|13
|c|☆rolendice|smogon standard ou team carries u
|
|t:|1743813641
|move|p1a: Primarina|Moonblast|p2a: Zamazenta
|-supereffective|p2a: Zamazenta
|-damage|p2a: Zamazenta|0 fnt
|faint|p2a: Zamazenta
|
|-damage|p1a: Primarina|66/100 brn|[from] brn
|upkeep
|
|t:|1743813645
|switch|p2a: Entei|Entei, shiny|100/100
|-damage|p2a: Entei|75/100|[from] Stealth Rock
|turn|14
|
|t:|1743813663
|move|p2a: Entei|Trailblaze|p1a: Primarina
|-supereffective|p1a: Primarina
|-damage|p1a: Primarina|13/100 brn
|-boost|p2a: Entei|spe|1
|move|p1a: Primarina|Psychic Noise|p2a: Entei
|-supereffective|p2a: Entei
|-damage|p2a: Entei|27/100
|-start|p2a: Entei|move: Heal Block
|
|-damage|p1a: Primarina|7/100 brn|[from] brn
|upkeep
|turn|15
|
|t:|1743813679
|switch|p1a: Dragapult|Dragapult, F|100/100
|move|p2a: Entei|Trailblaze|p1a: Dragapult
|-resisted|p1a: Dragapult
|-damage|p1a: Dragapult|88/100
|-boost|p2a: Entei|spe|1
|
|-end|p2a: Entei|move: Heal Block
|upkeep
|turn|16
|
|t:|1743813687
|move|p1a: Dragapult|Sucker Punch|p2a: Entei
|-damage|p2a: Entei|0 fnt
|faint|p2a: Entei
|
|upkeep
|c|☆rolendice|sucker punch on the fasted mon in the game is insane
|c|☆voltz24|type shit
|c|☆voltz24|u feel me?
|
|t:|1743813713
|switch|p2a: Cresselia|Cresselia, F, shiny|100/100
|-damage|p2a: Cresselia|88/100|[from] Stealth Rock
|turn|17
|c|☆voltz24|cheers my friends
|
|t:|1743813727
|switch|p1a: Kingambit|Kingambit, M|100/100
|-activate|p1a: Kingambit|ability: Supreme Overlord
|-start|p1a: Kingambit|fallen2|[silent]
|move|p2a: Cresselia|Calm Mind|p2a: Cresselia
|-boost|p2a: Cresselia|spa|1
|-boost|p2a: Cresselia|spd|1
|
|-heal|p2a: Cresselia|94/100|[from] item: Leftovers
|upkeep
|turn|18
|c|☆rolendice|i’m using 5 ZU mons bro
|c|☆rolendice|calm down
|
|t:|1743813738
|switch|p2a: Ogerpon|Ogerpon, F|100/100
|-damage|p2a: Ogerpon|88/100|[from] Stealth Rock
|move|p1a: Kingambit|Swords Dance|p1a: Kingambit
|-boost|p1a: Kingambit|atk|2
|-enditem|p2a: Ogerpon|Mirror Herb
|-boost|p2a: Ogerpon|atk|2|[from] item: Mirror Herb
|
|upkeep
|turn|19
|
|t:|1743813751
|move|p2a: Ogerpon|Stomping Tantrum|p1a: Kingambit
|-supereffective|p1a: Kingambit
|-damage|p1a: Kingambit|24/100
|move|p1a: Kingambit|Kowtow Cleave|p2a: Ogerpon
|-damage|p2a: Ogerpon|0 fnt
|faint|p2a: Ogerpon
|
|-heal|p1a: Kingambit|30/100|[from] item: Leftovers
|upkeep
|
|t:|1743813756
|switch|p2a: Darkrai|Darkrai, shiny|100/100
|-damage|p2a: Darkrai|88/100|[from] Stealth Rock
|turn|20
|
|t:|1743813764
|move|p2a: Darkrai|Dark Pulse|p1a: Kingambit
|-resisted|p1a: Kingambit
|-damage|p1a: Kingambit|8/100
|move|p1a: Kingambit|Low Kick|p2a: Darkrai
|-supereffective|p2a: Darkrai
|-damage|p2a: Darkrai|0 fnt
|faint|p2a: Darkrai
|
|-heal|p1a: Kingambit|14/100|[from] item: Leftovers
|upkeep
|
|t:|1743813768
|switch|p2a: Cresselia|Cresselia, F, shiny|94/100
|-damage|p2a: Cresselia|82/100|[from] Stealth Rock
|turn|21
|
|t:|1743813773
|move|p1a: Kingambit|Sucker Punch|p2a: Cresselia
|-supereffective|p2a: Cresselia
|-damage|p2a: Cresselia|0 fnt
|faint|p2a: Cresselia
|
|win|voltz24
|raw|voltz24's rating: 1254 &rarr; <strong>1277</strong><br />(+23 for winning)
|raw|rolendice's rating: 1228 &rarr; <strong>1205</strong><br />(-23 for losing)
|l|☆rolendice
|player|p2|
|c|☆voltz24|bro
|c|☆voltz24|all that talk
|c|☆voltz24|for what
|l|☆voltz24
|player|p1|
