|j|☆hay cab
|j|☆reezyyy
|t:|1743876902
|gametype|singles
|player|p1|hay cab|1|1398
|player|p2|reezyyy|102|1353
|teamsize|p1|6
|teamsize|p2|6
|gen|9
|tier|[Gen 9] OU
|rated|
|rule|HP Percentage Mod: HP is shown in percentages
|rule|Endless Battle Clause: Forcing endless battles is banned
|rule|Species Clause: Limit one of each Pokémon
|rule|OHKO Clause: OHKO moves are banned
|rule|Evasion Items Clause: Evasion items are banned
|rule|Evasion Moves Clause: Evasion moves are banned
|rule|Sleep Moves Clause: Sleep-inducing moves are banned
|clearpoke
|poke|p1|Pelipper, F|
|poke|p1|Zapdos|
|poke|p1|Ogerpon-Wellspring, F|
|poke|p1|Drednaw, M|
|poke|p1|Iron Treads|
|poke|p1|Clefable, M|
|poke|p2|Pelipper, F|
|poke|p2|Floatzel, M|
|poke|p2|Clodsire, F|
|poke|p2|Meowscarada, M|
|poke|p2|Zapdos|
|poke|p2|Iron Valiant|
|teampreview
|inactive|Battle timer is ON: inactive players will automatically lose when time's up. (requested by hay cab)
|
|t:|1743876932
|start
|switch|p1a: Zapdos|Zapdos|100/100
|switch|p2a: Meowscarada|Meowscarada, M|100/100
|turn|1
|
|t:|1743876949
|switch|p1a: Pelipper|Pelipper, F|100/100
|-weather|RainDance|[from] ability: Drizzle|[of] p1a: Pelipper
|move|p2a: Meowscarada|Triple Axel|p1a: Pelipper
|-start|p2a: Meowscarada|typechange|Ice|[from] ability: Protean
|-damage|p1a: Pelipper|93/100
|-damage|p1a: Pelipper|79/100
|-damage|p1a: Pelipper|58/100
|-hitcount|p1a: Pelipper|3
|
|-weather|RainDance|[upkeep]
|upkeep
|turn|2
|
|t:|1743876965
|switch|p2a: Clodsire|Clodsire, F|100/100
|move|p1a: Pelipper|Roost|p1a: Pelipper
|-heal|p1a: Pelipper|100/100
|-singleturn|p1a: Pelipper|move: Roost
|
|-weather|RainDance|[upkeep]
|upkeep
|turn|3
|
|t:|1743876977
|switch|p1a: Iron Treads|Iron Treads|100/100
|move|p2a: Clodsire|Stealth Rock|p1a: Iron Treads
|-sidestart|p1: hay cab|move: Stealth Rock
|
|-weather|RainDance|[upkeep]
|upkeep
|turn|4
|
|t:|1743876986
|switch|p2a: Zapdos|Zapdos|100/100
|move|p1a: Iron Treads|Rapid Spin|p2a: Zapdos
|-damage|p2a: Zapdos|85/100
|-boost|p1a: Iron Treads|spe|1
|-sideend|p1: hay cab|Stealth Rock|[from] move: Rapid Spin|[of] p1a: Iron Treads
|
|-weather|RainDance|[upkeep]
|upkeep
|turn|5
|
|t:|1743876995
|move|p1a: Iron Treads|Knock Off|p2a: Zapdos
|-damage|p2a: Zapdos|57/100
|-enditem|p2a: Zapdos|Heavy-Duty Boots|[from] move: Knock Off|[of] p1a: Iron Treads
|move|p2a: Zapdos|Weather Ball|p1a: Iron Treads
|-supereffective|p1a: Iron Treads
|-damage|p1a: Iron Treads|21/100
|
|-weather|none
|upkeep
|turn|6
|
|t:|1743877018
|move|p1a: Iron Treads|Volt Switch|p2a: Zapdos
|-damage|p2a: Zapdos|43/100
|
|t:|1743877029
|-end|p1a: Iron Treads|Quark Drive|[silent]
|switch|p1a: Zapdos|Zapdos|100/100|[from] Volt Switch
|move|p2a: Zapdos|Hurricane|p1a: Zapdos
|-resisted|p1a: Zapdos
|-damage|p1a: Zapdos|70/100
|
|upkeep
|turn|7
|
|t:|1743877043
|switch|p1a: Iron Treads|Iron Treads|21/100
|switch|p2a: Clodsire|Clodsire, F|100/100
|
|upkeep
|turn|8
|
|t:|1743877056
|switch|p2a: Pelipper|Pelipper, F|100/100
|-weather|RainDance|[from] ability: Drizzle|[of] p2a: Pelipper
|move|p1a: Iron Treads|Knock Off|p2a: Pelipper
|-crit|p2a: Pelipper
|-damage|p2a: Pelipper|70/100
|-enditem|p2a: Pelipper|Damp Rock|[from] move: Knock Off|[of] p1a: Iron Treads
|
|-weather|RainDance|[upkeep]
|upkeep
|turn|9
|
|t:|1743877069
|switch|p2a: Meowscarada|Meowscarada, M|100/100
|move|p1a: Iron Treads|Volt Switch|p2a: Meowscarada
|-resisted|p2a: Meowscarada
|-damage|p2a: Meowscarada|92/100
|
|t:|1743877078
|-end|p1a: Iron Treads|Quark Drive|[silent]
|switch|p1a: Clefable|Clefable, M|100/100|[from] Volt Switch
|
|-weather|RainDance|[upkeep]
|upkeep
|turn|10
|
|t:|1743877099
|move|p2a: Meowscarada|U-turn|p1a: Clefable
|-start|p2a: Meowscarada|typechange|Bug|[from] ability: Protean
|-resisted|p1a: Clefable
|-damage|p1a: Clefable|88/100
|-enditem|p1a: Clefable|Eject Button
|
|t:|1743877105
|switch|p1a: Drednaw|Drednaw, M|100/100
|
|-weather|RainDance|[upkeep]
|upkeep
|turn|11
|
|t:|1743877120
|move|p1a: Drednaw|Stone Edge|p2a: Meowscarada|[miss]
|-miss|p1a: Drednaw|p2a: Meowscarada
|move|p2a: Meowscarada|U-turn|p1a: Drednaw
|-damage|p1a: Drednaw|59/100
|
|t:|1743877127
|switch|p2a: Clodsire|Clodsire, F|100/100|[from] U-turn
|
|-weather|RainDance|[upkeep]
|upkeep
|turn|12
|inactive|reezyyy has 120 seconds left.
|
|t:|1743877154
|switch|p2a: Zapdos|Zapdos|43/100
|-terastallize|p1a: Drednaw|Flying
|move|p1a: Drednaw|Shell Smash|p1a: Drednaw
|-unboost|p1a: Drednaw|def|1
|-unboost|p1a: Drednaw|spd|1
|-boost|p1a: Drednaw|atk|2
|-boost|p1a: Drednaw|spa|2
|-boost|p1a: Drednaw|spe|2
|-enditem|p1a: Drednaw|White Herb
|-clearnegativeboost|p1a: Drednaw|[silent]
|
|-weather|RainDance|[upkeep]
|upkeep
|turn|13
|inactive|reezyyy has 120 seconds left.
|
|t:|1743877166
|move|p1a: Drednaw|Stone Edge|p2a: Zapdos
|-supereffective|p2a: Zapdos
|-damage|p2a: Zapdos|0 fnt
|faint|p2a: Zapdos
|
|-weather|RainDance|[upkeep]
|upkeep
|inactive|reezyyy has 90 seconds left.
|
|t:|1743877198
|switch|p2a: Clodsire|Clodsire, F|100/100
|turn|14
|
|t:|1743877202
|move|p1a: Drednaw|Ice Spinner|p2a: Clodsire
|-supereffective|p2a: Clodsire
|-damage|p2a: Clodsire|22/100
|move|p2a: Clodsire|Poison Jab|p1a: Drednaw
|-damage|p1a: Drednaw|32/100
|
|-weather|RainDance|[upkeep]
|-heal|p2a: Clodsire|28/100|[from] item: Leftovers
|upkeep
|turn|15
|
|t:|1743877217
|switch|p2a: Pelipper|Pelipper, F|70/100
|move|p1a: Drednaw|Ice Spinner|p2a: Pelipper
|-damage|p2a: Pelipper|33/100
|
|-weather|none
|upkeep
|turn|16
|-message|reezyyy forfeited.
|
|win|hay cab
|raw|hay cab's rating: 1398 &rarr; <strong>1415</strong><br />(+17 for winning)
|raw|reezyyy's rating: 1353 &rarr; <strong>1336</strong><br />(-17 for losing)
|l|☆reezyyy
|player|p2|
|l|☆hay cab
|player|p1|
