|j|☆godsboyop
|j|☆Squige137
|t:|1743925251
|gametype|singles
|player|p1|godsboyop|hilda|1170
|player|p2|Squige137|infielder|1235
|teamsize|p1|6
|teamsize|p2|6
|gen|9
|tier|[Gen 9] OU
|rated|
|rule|HP Percentage Mod: HP is shown in percentages
|rule|Endless Battle Clause: Forcing endless battles is banned
|rule|Species Clause: Limit one of each Pokémon
|rule|OHKO Clause: OHKO moves are banned
|rule|Evasion Items Clause: Evasion items are banned
|rule|Evasion Moves Clause: Evasion moves are banned
|rule|Sleep Moves Clause: Sleep-inducing moves are banned
|clearpoke
|poke|p1|Gholdengo|
|poke|p1|Dragonite, M|
|poke|p1|Ting-Lu|
|poke|p1|Slowking-Galar, F|
|poke|p1|Zamazenta-*|
|poke|p1|Zapdos|
|poke|p2|Pelipper, M|
|poke|p2|Overqwil, M|
|poke|p2|Zapdos|
|poke|p2|Quaquaval, M|
|poke|p2|Vileplume, F|
|poke|p2|Comfey, M|
|teampreview
|inactive|Battle timer is ON: inactive players will automatically lose when time's up. (requested by Squige137)
|c|☆Squige137|glhf
|
|t:|1743925275
|start
|switch|p1a: Zapdos|Zapdos|100/100
|switch|p2a: Overqwil|Overqwil, M|100/100
|turn|1
|
|t:|1743925293
|switch|p1a: Ting-Lu|Ting-Lu|100/100
|-ability|p1a: Ting-Lu|Vessel of Ruin
|move|p2a: Overqwil|Barb Barrage|p1a: Ting-Lu
|-resisted|p1a: Ting-Lu
|-damage|p1a: Ting-Lu|90/100
|-damage|p2a: Overqwil|91/100|[from] item: Life Orb
|
|upkeep
|turn|2
|c|☆godsboyop|Gl
|
|t:|1743925311
|switch|p2a: Pelipper|Pelipper, M|100/100
|-weather|RainDance|[from] ability: Drizzle|[of] p2a: Pelipper
|move|p1a: Ting-Lu|Spikes|p2a: Pelipper
|-sidestart|p2: Squige137|Spikes
|
|-weather|RainDance|[upkeep]
|upkeep
|turn|3
|
|t:|1743925321
|switch|p1a: Zapdos|Zapdos|100/100
|move|p2a: Pelipper|Weather Ball|p1a: Zapdos
|-damage|p1a: Zapdos|41/100
|
|-weather|RainDance|[upkeep]
|upkeep
|turn|4
|
|t:|1743925338
|switch|p1a: Slowking|Slowking-Galar, F|100/100
|move|p2a: Pelipper|Weather Ball|p1a: Slowking
|-damage|p1a: Slowking|65/100
|
|-weather|RainDance|[upkeep]
|upkeep
|turn|5
|
|t:|1743925349
|switch|p2a: Quaquaval|Quaquaval, M|100/100
|-damage|p2a: Quaquaval|88/100|[from] Spikes
|move|p1a: Slowking|Future Sight|p2a: Quaquaval
|-start|p1a: Slowking|move: Future Sight
|
|-weather|RainDance|[upkeep]
|upkeep
|turn|6
|
|t:|1743925360
|switch|p1a: Dragonite|Dragonite, M|100/100
|move|p2a: Quaquaval|Rapid Spin|p1a: Dragonite
|-damage|p1a: Dragonite|91/100
|-boost|p2a: Quaquaval|spe|1
|-sideend|p2: Squige137|Spikes|[from] move: Rapid Spin|[of] p2a: Quaquaval
|
|-weather|none
|upkeep
|turn|7
|
|t:|1743925374
|move|p1a: Dragonite|Extreme Speed|p2a: Quaquaval
|-damage|p2a: Quaquaval|44/100
|move|p2a: Quaquaval|Close Combat|p1a: Dragonite
|-resisted|p1a: Dragonite
|-damage|p1a: Dragonite|59/100
|-unboost|p2a: Quaquaval|def|1
|-unboost|p2a: Quaquaval|spd|1
|-enditem|p2a: Quaquaval|White Herb
|-clearnegativeboost|p2a: Quaquaval|[silent]
|
|-end|p2a: Quaquaval|move: Future Sight
|-supereffective|p2a: Quaquaval
|-damage|p2a: Quaquaval|0 fnt
|faint|p2a: Quaquaval
|upkeep
|
|t:|1743925387
|switch|p2a: Pelipper|Pelipper, M|100/100
|-weather|RainDance|[from] ability: Drizzle|[of] p2a: Pelipper
|turn|8
|
|t:|1743925394
|move|p2a: Pelipper|Ice Beam|p1a: Dragonite
|-supereffective|p1a: Dragonite
|-damage|p1a: Dragonite|0 fnt
|faint|p1a: Dragonite
|
|-weather|RainDance|[upkeep]
|upkeep
|
|t:|1743925398
|switch|p1a: Zapdos|Zapdos|41/100
|turn|9
|
|t:|1743925411
|switch|p1a: Slowking|Slowking-Galar, F|98/100
|move|p2a: Pelipper|Ice Beam|p1a: Slowking
|-damage|p1a: Slowking|82/100
|
|-weather|RainDance|[upkeep]
|upkeep
|turn|10
|
|t:|1743925418
|switch|p2a: Overqwil|Overqwil, M|91/100
|move|p1a: Slowking|Future Sight|p2a: Overqwil
|-start|p1a: Slowking|move: Future Sight
|
|-weather|RainDance|[upkeep]
|upkeep
|turn|11
|
|t:|1743925426
|-terastallize|p1a: Slowking|Water
|move|p2a: Overqwil|Crunch|p1a: Slowking
|-damage|p1a: Slowking|31/100
|-damage|p2a: Overqwil|81/100|[from] item: Life Orb
|-prepare|p1a: Slowking|Chilly Reception|[premajor]
|move|p1a: Slowking|Chilly Reception|p1a: Slowking
|-weather|Snowscape
|
|t:|1743925432
|switch|p1a: Ting-Lu|Ting-Lu|90/100|[from] Chilly Reception
|-ability|p1a: Ting-Lu|Vessel of Ruin
|
|-weather|Snowscape|[upkeep]
|upkeep
|turn|12
|
|t:|1743925440
|-terastallize|p2a: Overqwil|Water
|move|p2a: Overqwil|Liquidation|p1a: Ting-Lu
|-supereffective|p1a: Ting-Lu
|-damage|p1a: Ting-Lu|29/100
|-damage|p2a: Overqwil|64/100|[from] item: Rocky Helmet|[of] p1a: Ting-Lu
|-damage|p2a: Overqwil|54/100|[from] item: Life Orb
|move|p1a: Ting-Lu|Spikes|p2a: Overqwil
|-sidestart|p2: Squige137|Spikes
|
|-weather|Snowscape|[upkeep]
|-end|p2a: Overqwil|move: Future Sight
|-damage|p2a: Overqwil|5/100
|upkeep
|turn|13
|
|t:|1743925456
|switch|p1a: Gholdengo|Gholdengo|100/100
|move|p2a: Overqwil|Liquidation|p1a: Gholdengo
|-damage|p1a: Gholdengo|33/100
|-damage|p2a: Overqwil|0 fnt|[from] item: Life Orb
|faint|p2a: Overqwil
|
|-weather|Snowscape|[upkeep]
|upkeep
|
|t:|1743925464
|switch|p2a: Pelipper|Pelipper, M|100/100
|-weather|RainDance|[from] ability: Drizzle|[of] p2a: Pelipper
|turn|14
|
|t:|1743925491
|move|p1a: Gholdengo|Make It Rain|p2a: Pelipper
|-resisted|p2a: Pelipper
|-damage|p2a: Pelipper|43/100
|-unboost|p1a: Gholdengo|spa|1
|move|p2a: Pelipper|Weather Ball|p1a: Gholdengo
|-damage|p1a: Gholdengo|0 fnt
|faint|p1a: Gholdengo
|
|-weather|RainDance|[upkeep]
|upkeep
|
|t:|1743925498
|switch|p1a: Zapdos|Zapdos|41/100
|turn|15
|
|t:|1743925503
|move|p2a: Pelipper|Weather Ball|p1a: Zapdos
|-damage|p1a: Zapdos|0 fnt
|faint|p1a: Zapdos
|
|-weather|RainDance|[upkeep]
|upkeep
|
|t:|1743925505
|switch|p1a: Zamazenta|Zamazenta|100/100
|-ability|p1a: Zamazenta|Dauntless Shield|boost
|-boost|p1a: Zamazenta|def|1
|turn|16
|
|t:|1743925516
|switch|p2a: Vileplume|Vileplume, F|100/100
|-damage|p2a: Vileplume|88/100|[from] Spikes
|move|p1a: Zamazenta|Heavy Slam|p2a: Vileplume
|-damage|p2a: Vileplume|41/100
|-damage|p1a: Zamazenta|84/100|[from] item: Rocky Helmet|[of] p2a: Vileplume
|
|-weather|RainDance|[upkeep]
|upkeep
|turn|17
|
|t:|1743925525
|move|p1a: Zamazenta|Heavy Slam|p2a: Vileplume
|-damage|p2a: Vileplume|0 fnt
|-damage|p1a: Zamazenta|67/100|[from] item: Rocky Helmet|[of] p2a: Vileplume
|faint|p2a: Vileplume
|
|-weather|RainDance|[upkeep]
|upkeep
|
|t:|1743925533
|switch|p2a: Comfey|Comfey, M|100/100
|-damage|p2a: Comfey|88/100|[from] Spikes
|turn|18
|
|t:|1743925541
|switch|p1a: Slowking|Slowking-Galar, F, tera:Water|64/100
|move|p2a: Comfey|Draining Kiss|p1a: Slowking
|-damage|p1a: Slowking|55/100
|-heal|p2a: Comfey|99/100|[from] drain|[of] p1a: Slowking
|
|-weather|none
|-heal|p2a: Comfey|100/100|[from] item: Leftovers
|upkeep
|turn|19
|
|t:|1743925551
|move|p2a: Comfey|U-turn|p1a: Slowking
|-damage|p1a: Slowking|45/100
|
|t:|1743925554
|switch|p2a: Pelipper|Pelipper, M|43/100|[from] U-turn
|-weather|RainDance|[from] ability: Drizzle|[of] p2a: Pelipper
|move|p1a: Slowking|Future Sight|p2a: Pelipper
|-start|p1a: Slowking|move: Future Sight
|
|-weather|RainDance|[upkeep]
|upkeep
|turn|20
|
|t:|1743925562
|move|p2a: Pelipper|Hurricane|p1a: Slowking
|-damage|p1a: Slowking|19/100
|move|p1a: Slowking|Sludge Bomb|p2a: Pelipper
|-damage|p2a: Pelipper|0 fnt
|faint|p2a: Pelipper
|
|-weather|RainDance|[upkeep]
|upkeep
|
|t:|1743925570
|switch|p2a: Zapdos|Zapdos|100/100
|turn|21
|
|t:|1743925576
|switch|p1a: Ting-Lu|Ting-Lu|29/100
|-ability|p1a: Ting-Lu|Vessel of Ruin
|move|p2a: Zapdos|Weather Ball|p1a: Ting-Lu
|-supereffective|p1a: Ting-Lu
|-damage|p1a: Ting-Lu|0 fnt
|faint|p1a: Ting-Lu
|
|-weather|RainDance|[upkeep]
|-end|p2a: Zapdos|move: Future Sight
|-damage|p2a: Zapdos|47/100
|upkeep
|
|t:|1743925584
|switch|p1a: Slowking|Slowking-Galar, F, tera:Water|52/100
|turn|22
|
|t:|1743925589
|move|p2a: Zapdos|Thunder|p1a: Slowking
|-supereffective|p1a: Slowking
|-damage|p1a: Slowking|0 fnt
|faint|p1a: Slowking
|
|-weather|RainDance|[upkeep]
|upkeep
|
|t:|1743925592
|switch|p1a: Zamazenta|Zamazenta|67/100
|turn|23
|
|t:|1743925598
|move|p1a: Zamazenta|Stone Edge|p2a: Zapdos
|-supereffective|p2a: Zapdos
|-damage|p2a: Zapdos|0 fnt
|faint|p2a: Zapdos
|
|-weather|none
|upkeep
|
|t:|1743925603
|switch|p2a: Comfey|Comfey, M|100/100
|-damage|p2a: Comfey|88/100|[from] Spikes
|turn|24
|
|t:|1743925608
|move|p2a: Comfey|Draining Kiss|p1a: Zamazenta
|-supereffective|p1a: Zamazenta
|-damage|p1a: Zamazenta|40/100
|-heal|p2a: Comfey|100/100|[from] drain|[of] p1a: Zamazenta
|move|p1a: Zamazenta|Heavy Slam|p2a: Comfey
|-supereffective|p2a: Comfey
|-damage|p2a: Comfey|8/100
|
|-heal|p2a: Comfey|14/100|[from] item: Leftovers
|upkeep
|turn|25
|
|t:|1743925617
|move|p2a: Comfey|Draining Kiss|p1a: Zamazenta
|-supereffective|p1a: Zamazenta
|-damage|p1a: Zamazenta|12/100
|-heal|p2a: Comfey|40/100|[from] drain|[of] p1a: Zamazenta
|move|p1a: Zamazenta|Heavy Slam|p2a: Comfey
|-supereffective|p2a: Comfey
|-damage|p2a: Comfey|0 fnt
|faint|p2a: Comfey
|
|win|godsboyop
|raw|godsboyop's rating: 1170 &rarr; <strong>1200</strong><br />(+30 for winning)
|raw|Squige137's rating: 1235 &rarr; <strong>1205</strong><br />(-30 for losing)
|c|☆Squige137|gg wp
|c|☆godsboyop|Gg
|l|☆Squige137
|player|p2|
