|j|☆lklowxhn
|j|☆Deatheye44
|t:|1743934943
|gametype|singles
|player|p1|lklowxhn|silver|1284
|player|p2|Deatheye44|lance|1225
|teamsize|p1|6
|teamsize|p2|6
|gen|9
|tier|[Gen 9] OU
|rated|
|rule|HP Percentage Mod: HP is shown in percentages
|rule|Endless Battle Clause: Forcing endless battles is banned
|rule|Species Clause: Limit one of each Pokémon
|rule|OHKO Clause: OHKO moves are banned
|rule|Evasion Items Clause: Evasion items are banned
|rule|Evasion Moves Clause: Evasion moves are banned
|rule|Sleep Moves Clause: Sleep-inducing moves are banned
|clearpoke
|poke|p1|Pelipper, M|
|poke|p1|Scizor, M|
|poke|p1|Floatzel, F|
|poke|p1|Thundurus, M|
|poke|p1|Ludicolo, F|
|poke|p1|Landorus-Therian, M|
|poke|p2|Ribombee, M|
|poke|p2|Iron Valiant|
|poke|p2|Great Tusk|
|poke|p2|Corviknight, M|
|poke|p2|Pecharunt|
|poke|p2|Raging Bolt|
|teampreview
|inactive|Battle timer is ON: inactive players will automatically lose when time's up. (requested by lklowxhn)
|
|t:|1743934949
|start
|switch|p1a: 我是 输出|Scizor, M|100/100
|switch|p2a: Raging Bolt|Raging Bolt|100/100
|turn|1
|
|t:|1743934962
|move|p2a: Raging Bolt|Sunny Day|p2a: Raging Bolt
|-weather|SunnyDay
|-activate|p2a: Raging Bolt|ability: Protosynthesis
|-start|p2a: Raging Bolt|protosynthesisspa
|move|p1a: 我是 输出|U-turn|p2a: Raging Bolt
|-damage|p2a: Raging Bolt|61/100
|
|t:|1743934985
|switch|p1a: 梦泪菇我错了✋😭✋|Pelipper, M|100/100|[from] U-turn
|-weather|RainDance|[from] ability: Drizzle|[of] p1a: 梦泪菇我错了✋😭✋
|-end|p2a: Raging Bolt|Protosynthesis
|
|-weather|RainDance|[upkeep]
|-heal|p2a: Raging Bolt|68/100|[from] item: Leftovers
|upkeep
|turn|2
|l|☆lklowxhn
|inactive|lklowxhn disconnected and has a minute to reconnect!
|player|p1|
|j|☆lklowxhn
|inactive|lklowxhn reconnected and has 130 seconds left.
|player|p1|lklowxhn|silver|
|inactive|lklowxhn has 120 seconds left.
|
|t:|1743935010
|switch|p1a: 哈哈哈哈哈哈哈哈哈哈|Ludicolo, F|100/100
|move|p2a: Raging Bolt|Thunderbolt|p1a: 哈哈哈哈哈哈哈哈哈哈
|-damage|p1a: 哈哈哈哈哈哈哈哈哈哈|41/100
|
|-weather|RainDance|[upkeep]
|-heal|p2a: Raging Bolt|74/100|[from] item: Leftovers
|upkeep
|turn|3
|inactive|lklowxhn has 120 seconds left.
|
|t:|1743935020
|move|p2a: Raging Bolt|Thunderclap|p1a: 哈哈哈哈哈哈哈哈哈哈
|-crit|p1a: 哈哈哈哈哈哈哈哈哈哈
|-damage|p1a: 哈哈哈哈哈哈哈哈哈哈|0 fnt
|faint|p1a: 哈哈哈哈哈哈哈哈哈哈
|
|-weather|RainDance|[upkeep]
|-heal|p2a: Raging Bolt|80/100|[from] item: Leftovers
|upkeep
|
|t:|1743935023
|switch|p1a: 喵|Landorus-Therian, M|100/100
|-ability|p1a: 喵|Intimidate|boost
|-unboost|p2a: Raging Bolt|atk|1
|turn|4
|
|t:|1743935030
|-end|p2a: Raging Bolt|Protosynthesis|[silent]
|switch|p2a: Corviknight|Corviknight, M|100/100
|-ability|p2a: Corviknight|Pressure
|move|p1a: 喵|Earthquake|p2a: Corviknight
|-immune|p2a: Corviknight
|
|-weather|RainDance|[upkeep]
|upkeep
|turn|5
|
|t:|1743935041
|move|p1a: 喵|Rock Slide|p2a: Corviknight
|-damage|p2a: Corviknight|82/100
|move|p2a: Corviknight|U-turn|p1a: 喵
|-resisted|p1a: 喵
|-damage|p1a: 喵|93/100
|-damage|p2a: Corviknight|66/100|[from] item: Rocky Helmet|[of] p1a: 喵
|
|t:|1743935048
|switch|p2a: Iron Valiant|Iron Valiant|100/100|[from] U-turn
|
|-weather|RainDance|[upkeep]
|upkeep
|turn|6
|
|t:|1743935056
|-terastallize|p2a: Iron Valiant|Fairy
|move|p2a: Iron Valiant|Moonblast|p1a: 喵
|-damage|p1a: 喵|0 fnt
|faint|p1a: 喵
|
|-weather|RainDance|[upkeep]
|upkeep
|
|t:|1743935062
|switch|p1a: 一头创死在~大树上|Floatzel, F|100/100
|turn|7
|
|t:|1743935067
|-end|p2a: Iron Valiant|Quark Drive|[silent]
|switch|p2a: Pecharunt|Pecharunt|100/100
|-item|p2a: Pecharunt|Air Balloon
|move|p1a: 一头创死在~大树上|Wave Crash|p2a: Pecharunt
|-damage|p2a: Pecharunt|44/100
|-enditem|p2a: Pecharunt|Air Balloon
|-damage|p1a: 一头创死在~大树上|79/100|[from] Recoil
|-damage|p1a: 一头创死在~大树上|69/100|[from] item: Life Orb
|
|-weather|RainDance|[upkeep]
|upkeep
|turn|8
|
|t:|1743935080
|move|p1a: 一头创死在~大树上|Wave Crash|p2a: Pecharunt
|-damage|p2a: Pecharunt|0 fnt
|faint|p2a: Pecharunt
|-damage|p1a: 一头创死在~大树上|53/100|[from] Recoil
|-damage|p1a: 一头创死在~大树上|43/100|[from] item: Life Orb
|
|-weather|none
|upkeep
|
|t:|1743935091
|switch|p2a: Ribombee|Ribombee, M|100/100
|turn|9
|
|t:|1743935120
|move|p2a: Ribombee|Moonblast|p1a: 一头创死在~大树上
|-damage|p1a: 一头创死在~大树上|0 fnt
|faint|p1a: 一头创死在~大树上
|
|upkeep
|
|t:|1743935128
|switch|p1a: 我是 输出|Scizor, M|100/100
|turn|10
|
|t:|1743935131
|switch|p2a: Corviknight|Corviknight, M|66/100
|-ability|p2a: Corviknight|Pressure
|move|p1a: 我是 输出|Bullet Punch|p2a: Corviknight
|-resisted|p2a: Corviknight
|-damage|p2a: Corviknight|55/100
|-damage|p1a: 我是 输出|84/100|[from] item: Rocky Helmet|[of] p2a: Corviknight
|
|-heal|p1a: 我是 输出|90/100|[from] item: Leftovers
|upkeep
|turn|11
|
|t:|1743935142
|switch|p1a: 梦泪菇我错了✋😭✋|Pelipper, M|100/100
|-weather|RainDance|[from] ability: Drizzle|[of] p1a: 梦泪菇我错了✋😭✋
|move|p2a: Corviknight|Roost|p2a: Corviknight
|-heal|p2a: Corviknight|100/100
|-singleturn|p2a: Corviknight|move: Roost
|
|-weather|RainDance|[upkeep]
|upkeep
|turn|12
|
|t:|1743935153
|move|p2a: Corviknight|U-turn|p1a: 梦泪菇我错了✋😭✋
|-resisted|p1a: 梦泪菇我错了✋😭✋
|-damage|p1a: 梦泪菇我错了✋😭✋|93/100
|
|t:|1743935156
|switch|p2a: Raging Bolt|Raging Bolt|80/100|[from] U-turn
|move|p1a: 梦泪菇我错了✋😭✋|Weather Ball|p2a: Raging Bolt
|-resisted|p2a: Raging Bolt
|-damage|p2a: Raging Bolt|44/100
|
|-weather|RainDance|[upkeep]
|-heal|p2a: Raging Bolt|50/100|[from] item: Leftovers
|upkeep
|turn|13
|
|t:|1743935167
|switch|p1a: 我是 输出|Scizor, M|90/100
|move|p2a: Raging Bolt|Tera Blast|p1a: 我是 输出
|-resisted|p1a: 我是 输出
|-damage|p1a: 我是 输出|73/100
|
|-weather|RainDance|[upkeep]
|-heal|p2a: Raging Bolt|56/100|[from] item: Leftovers
|-heal|p1a: 我是 输出|79/100|[from] item: Leftovers
|upkeep
|turn|14
|
|t:|1743935178
|move|p2a: Raging Bolt|Sunny Day|p2a: Raging Bolt
|-weather|SunnyDay
|-activate|p2a: Raging Bolt|ability: Protosynthesis
|-start|p2a: Raging Bolt|protosynthesisspa
|move|p1a: 我是 输出|U-turn|p2a: Raging Bolt
|-damage|p2a: Raging Bolt|18/100
|
|t:|1743935184
|switch|p1a: 梦泪菇我错了✋😭✋|Pelipper, M|93/100|[from] U-turn
|-weather|RainDance|[from] ability: Drizzle|[of] p1a: 梦泪菇我错了✋😭✋
|-end|p2a: Raging Bolt|Protosynthesis
|
|-weather|RainDance|[upkeep]
|-heal|p2a: Raging Bolt|24/100|[from] item: Leftovers
|upkeep
|turn|15
|
|t:|1743935192
|switch|p1a: 耐砍王|Thundurus, M|100/100
|move|p2a: Raging Bolt|Thunderbolt|p1a: 耐砍王
|-damage|p1a: 耐砍王|31/100
|
|-weather|RainDance|[upkeep]
|-heal|p2a: Raging Bolt|30/100|[from] item: Leftovers
|upkeep
|turn|16
|
|t:|1743935211
|switch|p1a: 我是 输出|Scizor, M|79/100
|-end|p2a: Raging Bolt|Protosynthesis|[silent]
|switch|p2a: Ribombee|Ribombee, M|100/100
|
|-weather|RainDance|[upkeep]
|-heal|p1a: 我是 输出|85/100|[from] item: Leftovers
|upkeep
|turn|17
|
|t:|1743935223
|move|p1a: 我是 输出|Bullet Punch|p2a: Ribombee
|-supereffective|p2a: Ribombee
|-enditem|p2a: Ribombee|Focus Sash
|-damage|p2a: Ribombee|1/100
|move|p2a: Ribombee|U-turn|p1a: 我是 输出
|-resisted|p1a: 我是 输出
|-crit|p1a: 我是 输出
|-damage|p1a: 我是 输出|74/100
|
|t:|1743935233
|switch|p2a: Raging Bolt|Raging Bolt|30/100|[from] U-turn
|
|-weather|RainDance|[upkeep]
|-heal|p2a: Raging Bolt|36/100|[from] item: Leftovers
|-heal|p1a: 我是 输出|80/100|[from] item: Leftovers
|upkeep
|turn|18
|
|t:|1743935241
|-end|p2a: Raging Bolt|Protosynthesis|[silent]
|switch|p2a: Corviknight|Corviknight, M|100/100
|-ability|p2a: Corviknight|Pressure
|move|p1a: 我是 输出|U-turn|p2a: Corviknight
|-resisted|p2a: Corviknight
|-damage|p2a: Corviknight|94/100
|-damage|p1a: 我是 输出|64/100|[from] item: Rocky Helmet|[of] p2a: Corviknight
|
|t:|1743935244
|switch|p1a: 耐砍王|Thundurus, M|31/100|[from] U-turn
|
|-weather|RainDance|[upkeep]
|upkeep
|turn|19
|
|t:|1743935255
|switch|p2a: Ribombee|Ribombee, M|1/100
|move|p1a: 耐砍王|Thunder|p2a: Ribombee
|-damage|p2a: Ribombee|0 fnt
|faint|p2a: Ribombee
|-damage|p1a: 耐砍王|21/100|[from] item: Life Orb
|
|-weather|RainDance|[upkeep]
|upkeep
|
|t:|1743935265
|switch|p2a: Raging Bolt|Raging Bolt|36/100
|turn|20
|
|t:|1743935268
|switch|p1a: 我是 输出|Scizor, M|64/100
|move|p2a: Raging Bolt|Thunderbolt|p1a: 我是 输出
|-damage|p1a: 我是 输出|1/100
|
|-weather|RainDance|[upkeep]
|-heal|p2a: Raging Bolt|43/100|[from] item: Leftovers
|-heal|p1a: 我是 输出|7/100|[from] item: Leftovers
|upkeep
|turn|21
|
|t:|1743935279
|-end|p2a: Raging Bolt|Protosynthesis|[silent]
|switch|p2a: Corviknight|Corviknight, M|94/100
|-ability|p2a: Corviknight|Pressure
|move|p1a: 我是 输出|Bullet Punch|p2a: Corviknight
|-resisted|p2a: Corviknight
|-damage|p2a: Corviknight|83/100
|-damage|p1a: 我是 输出|0 fnt|[from] item: Rocky Helmet|[of] p2a: Corviknight
|faint|p1a: 我是 输出
|
|-weather|none
|upkeep
|
|t:|1743935284
|switch|p1a: 梦泪菇我错了✋😭✋|Pelipper, M|93/100
|-weather|RainDance|[from] ability: Drizzle|[of] p1a: 梦泪菇我错了✋😭✋
|turn|22
|
|t:|1743935302
|move|p2a: Corviknight|Brave Bird|p1a: 梦泪菇我错了✋😭✋
|-crit|p1a: 梦泪菇我错了✋😭✋
|-damage|p1a: 梦泪菇我错了✋😭✋|34/100
|-damage|p2a: Corviknight|67/100|[from] Recoil
|move|p1a: 梦泪菇我错了✋😭✋|Ice Beam|p2a: Corviknight
|-damage|p2a: Corviknight|41/100
|
|-weather|RainDance|[upkeep]
|upkeep
|turn|23
|
|t:|1743935311
|move|p2a: Corviknight|Brave Bird|p1a: 梦泪菇我错了✋😭✋
|-damage|p1a: 梦泪菇我错了✋😭✋|0 fnt
|faint|p1a: 梦泪菇我错了✋😭✋
|-damage|p2a: Corviknight|32/100|[from] Recoil
|
|-weather|RainDance|[upkeep]
|upkeep
|
|t:|1743935314
|switch|p1a: 耐砍王|Thundurus, M|21/100
|turn|24
|-message|lklowxhn forfeited.
|
|win|Deatheye44
|raw|lklowxhn's rating: 1284 &rarr; <strong>1255</strong><br />(-29 for losing)
|raw|Deatheye44's rating: 1225 &rarr; <strong>1254</strong><br />(+29 for winning)
|l|☆lklowxhn
|player|p1|
|l|☆Deatheye44
|player|p2|
