|j|☆MIT POG MOMENT
|j|☆ridlostar
|t:|1743779513
|gametype|singles
|player|p1|MIT POG MOMENT|crasherwake|1628
|player|p2|ridlostar|hilbert|1569
|teamsize|p1|6
|teamsize|p2|6
|gen|9
|tier|[Gen 9] OU
|rated|
|rule|HP Percentage Mod: HP is shown in percentages
|rule|Endless Battle Clause: Forcing endless battles is banned
|rule|Species Clause: Limit one of each Pokémon
|rule|OHKO Clause: OHKO moves are banned
|rule|Evasion Items Clause: Evasion items are banned
|rule|Evasion Moves Clause: Evasion moves are banned
|rule|Sleep Moves Clause: Sleep-inducing moves are banned
|clearpoke
|poke|p1|Volcanion|
|poke|p1|Corviknight, F|
|poke|p1|Cinderace, M|
|poke|p1|Ursaluna, M|
|poke|p1|Hatterene, F|
|poke|p1|Porygon-Z|
|poke|p2|Darkrai|
|poke|p2|Alomomola, M|
|poke|p2|Clodsire, M|
|poke|p2|Dragonite, M|
|poke|p2|Cresselia, F|
|poke|p2|Toedscruel, M|
|teampreview
|inactive|Battle timer is ON: inactive players will automatically lose when time's up. (requested by ridlostar)
|j| Sharoomba
|
|t:|1743779526
|start
|switch|p1a: goldnuts|Corviknight, F|100/100
|switch|p2a: a fish|Alomomola, M|100/100
|-ability|p1a: goldnuts|Pressure
|turn|1
|
|t:|1743779529
|move|p1a: goldnuts|U-turn|p2a: a fish
|-damage|p2a: a fish|91/100
|
|t:|1743779531
|switch|p1a: fuck the rain|Volcanion|100/100|[from] U-turn
|move|p2a: a fish|Flip Turn|p1a: fuck the rain
|-immune|p1a: fuck the rain|[from] ability: Water Absorb
|
|upkeep
|turn|2
|
|t:|1743779542
|move|p1a: fuck the rain|Steam Eruption|p2a: a fish
|-resisted|p2a: a fish
|-damage|p2a: a fish|68/100
|move|p2a: a fish|Wish|p2a: a fish
|
|upkeep
|turn|3
|
|t:|1743779559
|switch|p2a: Shadow|Darkrai|100/100
|move|p1a: fuck the rain|Sludge Wave|p2a: Shadow
|-damage|p2a: Shadow|55/100
|
|-heal|p2a: Shadow|100/100|[from] move: Wish|[wisher] a fish
|upkeep
|turn|4
|
|t:|1743779566
|move|p2a: Shadow|Knock Off|p1a: fuck the rain
|-crit|p1a: fuck the rain
|-damage|p1a: fuck the rain|66/100
|-enditem|p1a: fuck the rain|Leftovers|[from] move: Knock Off|[of] p2a: Shadow
|move|p1a: fuck the rain|Steam Eruption|p2a: Shadow
|-damage|p2a: Shadow|21/100
|-status|p2a: Shadow|brn
|
|-damage|p2a: Shadow|15/100 brn|[from] brn
|upkeep
|turn|5
|
|t:|1743779582
|switch|p2a: a fish|Alomomola, M|100/100
|move|p1a: fuck the rain|Earth Power|p2a: a fish
|-damage|p2a: a fish|74/100
|
|upkeep
|turn|6
|
|t:|1743779586
|switch|p1a: THIS AINT RU|Porygon-Z|100/100
|move|p2a: a fish|Wish|p2a: a fish
|
|upkeep
|turn|7
|
|t:|1743779593
|move|p1a: THIS AINT RU|Tri Attack|p2a: a fish
|-damage|p2a: a fish|2/100
|-status|p2a: a fish|par
|cant|p2a: a fish|par
|
|-heal|p2a: a fish|52/100 par|[from] move: Wish|[wisher] a fish
|upkeep
|turn|8
|
|t:|1743779604
|switch|p2a: Big Man|Clodsire, M|100/100
|move|p1a: THIS AINT RU|Tri Attack|p2a: Big Man
|-damage|p2a: Big Man|40/100
|
|-heal|p2a: Big Man|46/100|[from] item: Leftovers
|upkeep
|turn|9
|
|t:|1743779613
|switch|p2a: Squidward?|Toedscruel, M|100/100
|move|p1a: THIS AINT RU|Tri Attack|p2a: Squidward?
|-damage|p2a: Squidward?|15/100
|-status|p2a: Squidward?|brn
|
|-heal|p2a: Squidward?|21/100 brn|[from] item: Leftovers
|-damage|p2a: Squidward?|15/100 brn|[from] brn
|upkeep
|turn|10
|
|t:|1743779636
|move|p1a: THIS AINT RU|Tri Attack|p2a: Squidward?
|-damage|p2a: Squidward?|0 fnt
|faint|p2a: Squidward?
|
|upkeep
|
|t:|1743779639
|switch|p2a: him|Dragonite, M|100/100
|turn|11
|
|t:|1743779646
|move|p1a: THIS AINT RU|Tri Attack|p2a: him
|-damage|p2a: him|62/100
|move|p2a: him|Dragon Dance|p2a: him
|-boost|p2a: him|atk|1
|-boost|p2a: him|spe|1
|
|-heal|p2a: him|69/100|[from] item: Leftovers
|upkeep
|turn|12
|
|t:|1743779650
|switch|p1a: goldnuts|Corviknight, F|100/100
|-ability|p1a: goldnuts|Pressure
|move|p2a: him|Roost|p2a: him
|-heal|p2a: him|100/100
|-singleturn|p2a: him|move: Roost
|
|upkeep
|turn|13
|
|t:|1743779654
|move|p2a: him|Dragon Dance|p2a: him
|-boost|p2a: him|atk|1
|-boost|p2a: him|spe|1
|move|p1a: goldnuts|Iron Defense|p1a: goldnuts
|-boost|p1a: goldnuts|def|2
|
|upkeep
|turn|14
|
|t:|1743779658
|switch|p2a: Why|Cresselia, F, shiny|100/100
|move|p1a: goldnuts|Iron Defense|p1a: goldnuts
|-boost|p1a: goldnuts|def|2
|
|upkeep
|turn|15
|
|t:|1743779662
|move|p2a: Why|Calm Mind|p2a: Why
|-boost|p2a: Why|spa|1
|-boost|p2a: Why|spd|1
|move|p1a: goldnuts|U-turn|p2a: Why
|-supereffective|p2a: Why
|-damage|p2a: Why|85/100
|
|t:|1743779668
|switch|p1a: rule39king|Cinderace, M|100/100|[from] U-turn
|
|-heal|p2a: Why|91/100|[from] item: Leftovers
|upkeep
|turn|16
|
|t:|1743779672
|move|p1a: rule39king|Pyro Ball|p2a: Why
|-damage|p2a: Why|61/100
|-status|p2a: Why|brn
|move|p2a: Why|Calm Mind|p2a: Why
|-boost|p2a: Why|spa|1
|-boost|p2a: Why|spd|1
|
|-heal|p2a: Why|67/100 brn|[from] item: Leftovers
|-damage|p2a: Why|61/100 brn|[from] brn
|upkeep
|turn|17
|
|t:|1743779678
|move|p1a: rule39king|U-turn|p2a: Why
|-start|p1a: rule39king|typechange|Bug|[from] ability: Libero
|-supereffective|p2a: Why
|-damage|p2a: Why|23/100 brn
|
|t:|1743779686
|switch|p1a: fucks ur rocks|Hatterene, F|100/100|[from] U-turn
|move|p2a: Why|Moonlight|p2a: Why
|-heal|p2a: Why|73/100 brn
|
|-heal|p2a: Why|79/100 brn|[from] item: Leftovers
|-damage|p2a: Why|73/100 brn|[from] brn
|upkeep
|turn|18
|
|t:|1743779690
|move|p2a: Why|Calm Mind|p2a: Why
|-boost|p2a: Why|spa|1
|-boost|p2a: Why|spd|1
|move|p1a: fucks ur rocks|Calm Mind|p1a: fucks ur rocks
|-boost|p1a: fucks ur rocks|spa|1
|-boost|p1a: fucks ur rocks|spd|1
|
|-heal|p2a: Why|79/100 brn|[from] item: Leftovers
|-damage|p2a: Why|73/100 brn|[from] brn
|upkeep
|turn|19
|
|t:|1743779693
|move|p2a: Why|Calm Mind|p2a: Why
|-boost|p2a: Why|spa|1
|-boost|p2a: Why|spd|1
|move|p1a: fucks ur rocks|Calm Mind|p1a: fucks ur rocks
|-boost|p1a: fucks ur rocks|spa|1
|-boost|p1a: fucks ur rocks|spd|1
|
|-heal|p2a: Why|79/100 brn|[from] item: Leftovers
|-damage|p2a: Why|73/100 brn|[from] brn
|upkeep
|turn|20
|
|t:|1743779695
|move|p2a: Why|Calm Mind|p2a: Why
|-boost|p2a: Why|spa|1
|-boost|p2a: Why|spd|1
|move|p1a: fucks ur rocks|Calm Mind|p1a: fucks ur rocks
|-boost|p1a: fucks ur rocks|spa|1
|-boost|p1a: fucks ur rocks|spd|1
|
|-heal|p2a: Why|79/100 brn|[from] item: Leftovers
|-damage|p2a: Why|73/100 brn|[from] brn
|upkeep
|turn|21
|
|t:|1743779698
|move|p2a: Why|Calm Mind|p2a: Why
|-boost|p2a: Why|spa|1
|-boost|p2a: Why|spd|1
|move|p1a: fucks ur rocks|Calm Mind|p1a: fucks ur rocks
|-boost|p1a: fucks ur rocks|spa|1
|-boost|p1a: fucks ur rocks|spd|1
|
|-heal|p2a: Why|79/100 brn|[from] item: Leftovers
|-damage|p2a: Why|73/100 brn|[from] brn
|upkeep
|turn|22
|
|t:|1743779700
|move|p2a: Why|Stored Power|p1a: fucks ur rocks
|-resisted|p1a: fucks ur rocks
|-damage|p1a: fucks ur rocks|50/100
|move|p1a: fucks ur rocks|Psyshock|p2a: Why
|-resisted|p2a: Why
|-damage|p2a: Why|42/100 brn
|
|-heal|p2a: Why|48/100 brn|[from] item: Leftovers
|-heal|p1a: fucks ur rocks|56/100|[from] item: Leftovers
|-damage|p2a: Why|42/100 brn|[from] brn
|upkeep
|turn|23
|
|t:|1743779708
|move|p2a: Why|Moonlight|p2a: Why
|-heal|p2a: Why|92/100 brn
|move|p1a: fucks ur rocks|Psyshock|p2a: Why
|-resisted|p2a: Why
|-damage|p2a: Why|65/100 brn
|
|-heal|p2a: Why|71/100 brn|[from] item: Leftovers
|-heal|p1a: fucks ur rocks|62/100|[from] item: Leftovers
|-damage|p2a: Why|65/100 brn|[from] brn
|upkeep
|turn|24
|
|t:|1743779715
|move|p2a: Why|Stored Power|p1a: fucks ur rocks
|-resisted|p1a: fucks ur rocks
|-damage|p1a: fucks ur rocks|9/100
|move|p1a: fucks ur rocks|Mystical Fire|p2a: Why
|-damage|p2a: Why|53/100 brn
|-unboost|p2a: Why|spa|1
|
|-heal|p2a: Why|59/100 brn|[from] item: Leftovers
|-heal|p1a: fucks ur rocks|15/100|[from] item: Leftovers
|-damage|p2a: Why|53/100 brn|[from] brn
|upkeep
|turn|25
|
|t:|1743779722
|move|p2a: Why|Moonlight|p2a: Why
|-heal|p2a: Why|100/100 brn
|move|p1a: fucks ur rocks|Psyshock|p2a: Why
|-resisted|p2a: Why
|-damage|p2a: Why|71/100 brn
|
|-heal|p2a: Why|78/100 brn|[from] item: Leftovers
|-heal|p1a: fucks ur rocks|21/100|[from] item: Leftovers
|-damage|p2a: Why|71/100 brn|[from] brn
|upkeep
|turn|26
|
|t:|1743779725
|move|p2a: Why|Stored Power|p1a: fucks ur rocks
|-resisted|p1a: fucks ur rocks
|-damage|p1a: fucks ur rocks|0 fnt
|faint|p1a: fucks ur rocks
|
|-heal|p2a: Why|78/100 brn|[from] item: Leftovers
|-damage|p2a: Why|71/100 brn|[from] brn
|upkeep
|
|t:|1743779727
|switch|p1a: rule39king|Cinderace, M|100/100
|turn|27
|
|t:|1743779732
|move|p1a: rule39king|U-turn|p2a: Why
|-start|p1a: rule39king|typechange|Bug|[from] ability: Libero
|-supereffective|p2a: Why
|-damage|p2a: Why|39/100 brn
|
|t:|1743779736
|switch|p1a: fuck the rain|Volcanion|66/100|[from] U-turn
|move|p2a: Why|Moonlight|p2a: Why
|-heal|p2a: Why|89/100 brn
|
|-heal|p2a: Why|95/100 brn|[from] item: Leftovers
|-damage|p2a: Why|89/100 brn|[from] brn
|upkeep
|turn|28
|
|t:|1743779741
|move|p2a: Why|Stored Power|p1a: fuck the rain
|-damage|p1a: fuck the rain|0 fnt
|faint|p1a: fuck the rain
|
|-heal|p2a: Why|95/100 brn|[from] item: Leftovers
|-damage|p2a: Why|89/100 brn|[from] brn
|upkeep
|
|t:|1743779745
|switch|p1a: THIS AINT RU|Porygon-Z|100/100
|turn|29
|
|t:|1743779748
|move|p1a: THIS AINT RU|Dark Pulse|p2a: Why
|-supereffective|p2a: Why
|-damage|p2a: Why|73/100 brn
|move|p2a: Why|Stored Power|p1a: THIS AINT RU
|-damage|p1a: THIS AINT RU|0 fnt
|faint|p1a: THIS AINT RU
|
|-heal|p2a: Why|79/100 brn|[from] item: Leftovers
|-damage|p2a: Why|73/100 brn|[from] brn
|upkeep
|
|t:|1743779751
|switch|p1a: fuck ur life|Ursaluna, M|100/100
|turn|30
|
|t:|1743779755
|move|p2a: Why|Stored Power|p1a: fuck ur life
|-damage|p1a: fuck ur life|0 fnt
|faint|p1a: fuck ur life
|
|-heal|p2a: Why|79/100 brn|[from] item: Leftovers
|-damage|p2a: Why|73/100 brn|[from] brn
|upkeep
|-message|MIT POG MOMENT forfeited.
|
|win|ridlostar
|raw|MIT POG MOMENT's rating: 1628 &rarr; <strong>1605</strong><br />(-23 for losing)
|raw|ridlostar's rating: 1569 &rarr; <strong>1592</strong><br />(+23 for winning)
|l|☆MIT POG MOMENT
|player|p1|
|l|☆ridlostar
|player|p2|
|l| Sharoomba
