|j|☆pkeyko
|j|☆browoo42
|t:|1743910136
|gametype|singles
|player|p1|pkeyko|lacey|1471
|player|p2|browoo42|1|1415
|teamsize|p1|6
|teamsize|p2|6
|gen|9
|tier|[Gen 9] OU
|rated|
|rule|HP Percentage Mod: HP is shown in percentages
|rule|Endless Battle Clause: Forcing endless battles is banned
|rule|Species Clause: Limit one of each Pokémon
|rule|OHKO Clause: OHKO moves are banned
|rule|Evasion Items Clause: Evasion items are banned
|rule|Evasion Moves Clause: Evasion moves are banned
|rule|Sleep Moves Clause: Sleep-inducing moves are banned
|clearpoke
|poke|p1|Dragapult, F|
|poke|p1|Glimmora, M|
|poke|p1|Ogerpon-Wellspring, F|
|poke|p1|Samurott-Hisui, F|
|poke|p1|Primarina, F|
|poke|p1|Heatran, F|
|poke|p2|Jirachi|
|poke|p2|Dragonite, M|
|poke|p2|Crawdaunt, M|
|poke|p2|Mew|
|poke|p2|Corviknight, F|
|poke|p2|Dragapult, M|
|teampreview
|inactive|Battle timer is ON: inactive players will automatically lose when time's up. (requested by browoo42)
|
|t:|1743910166
|start
|switch|p1a: Dragapult|Dragapult, F, shiny|100/100
|switch|p2a: Crawdaunt|Crawdaunt, M|100/100
|turn|1
|
|t:|1743910171
|move|p1a: Dragapult|U-turn|p2a: Crawdaunt
|-supereffective|p2a: Crawdaunt
|-damage|p2a: Crawdaunt|47/100
|
|t:|1743910195
|switch|p1a: Heatran|Heatran, F|100/100|[from] U-turn
|move|p2a: Crawdaunt|Knock Off|p1a: Heatran
|-damage|p1a: Heatran|52/100
|-enditem|p1a: Heatran|Heavy-Duty Boots|[from] move: Knock Off|[of] p2a: Crawdaunt
|
|upkeep
|turn|2
|
|t:|1743910206
|switch|p1a: Dragapult|Dragapult, F, shiny|100/100
|move|p2a: Crawdaunt|Aqua Jet|p1a: Dragapult
|-resisted|p1a: Dragapult
|-damage|p1a: Dragapult|79/100
|
|upkeep
|turn|3
|
|t:|1743910214
|switch|p2a: Corviknight|Corviknight, F|100/100
|move|p1a: Dragapult|U-turn|p2a: Corviknight
|-resisted|p2a: Corviknight
|-damage|p2a: Corviknight|98/100
|-damage|p1a: Dragapult|63/100|[from] item: Rocky Helmet|[of] p2a: Corviknight
|
|t:|1743910223
|switch|p1a: Heatran|Heatran, F|52/100|[from] U-turn
|
|upkeep
|turn|4
|inactive|browoo42 has 120 seconds left.
|
|t:|1743910269
|switch|p2a: Crawdaunt|Crawdaunt, M|47/100
|move|p1a: Heatran|Lava Plume|p2a: Crawdaunt
|-resisted|p2a: Crawdaunt
|-damage|p2a: Crawdaunt|8/100
|-status|p2a: Crawdaunt|brn
|
|-damage|p2a: Crawdaunt|2/100 brn|[from] brn
|upkeep
|turn|5
|
|t:|1743910278
|move|p2a: Crawdaunt|Knock Off|p1a: Heatran
|-damage|p1a: Heatran|36/100
|move|p1a: Heatran|Stealth Rock|p2a: Crawdaunt
|-sidestart|p2: browoo42|move: Stealth Rock
|
|-damage|p2a: Crawdaunt|0 fnt|[from] brn
|faint|p2a: Crawdaunt
|upkeep
|
|t:|1743910292
|switch|p2a: Mew|Mew|100/100
|-damage|p2a: Mew|88/100|[from] Stealth Rock
|turn|6
|
|t:|1743910298
|switch|p1a: Samurott|Samurott-Hisui, F|100/100
|move|p2a: Mew|Earth Power|p1a: Samurott
|-damage|p1a: Samurott|73/100
|-damage|p2a: Mew|78/100|[from] item: Life Orb
|
|upkeep
|turn|7
|inactive|browoo42 has 120 seconds left.
|
|t:|1743910309
|switch|p2a: Corviknight|Corviknight, F|98/100
|-damage|p2a: Corviknight|85/100|[from] Stealth Rock
|move|p1a: Samurott|Ceaseless Edge|p2a: Corviknight
|-damage|p2a: Corviknight|59/100
|-damage|p1a: Samurott|57/100|[from] item: Rocky Helmet|[of] p2a: Corviknight
|-sidestart|p2: browoo42|Spikes
|
|upkeep
|turn|8
|inactive|browoo42 has 120 seconds left.
|
|t:|1743910324
|switch|p1a: Heatran|Heatran, F|36/100
|move|p2a: Corviknight|Defog|p1a: Heatran
|-unboost|p1a: Heatran|evasion|1
|-sideend|p2: browoo42|Spikes|[from] move: Defog|[of] p2a: Corviknight
|-sideend|p2: browoo42|Stealth Rock|[from] move: Defog|[of] p2a: Corviknight
|
|upkeep
|turn|9
|inactive|browoo42 has 120 seconds left.
|
|t:|1743910339
|move|p1a: Heatran|Lava Plume|p2a: Corviknight
|-supereffective|p2a: Corviknight
|-damage|p2a: Corviknight|0 fnt
|faint|p2a: Corviknight
|
|upkeep
|inactive|browoo42 has 120 seconds left.
|
|t:|1743910348
|switch|p2a: Dragonite|Dragonite, M|100/100
|turn|10
|
|t:|1743910362
|move|p2a: Dragonite|Earthquake|p1a: Heatran
|-supereffective|p1a: Heatran
|-damage|p1a: Heatran|0 fnt
|faint|p1a: Heatran
|
|upkeep
|
|t:|1743910365
|switch|p1a: Dragapult|Dragapult, F, shiny|63/100
|turn|11
|
|t:|1743910376
|-terastallize|p2a: Dragonite|Normal
|move|p1a: Dragapult|Thunder Wave|p2a: Dragonite
|-status|p2a: Dragonite|par
|cant|p2a: Dragonite|par
|
|upkeep
|turn|12
|
|t:|1743910382
|move|p1a: Dragapult|U-turn|p2a: Dragonite
|-damage|p2a: Dragonite|92/100 par
|
|t:|1743910391
|switch|p1a: Ogerpon|Ogerpon-Wellspring, F|100/100|[from] U-turn
|move|p2a: Dragonite|Earthquake|p1a: Ogerpon
|-resisted|p1a: Ogerpon
|-damage|p1a: Ogerpon|62/100
|
|upkeep
|turn|13
|
|t:|1743910401
|switch|p2a: Dragapult|Dragapult, M|100/100
|move|p1a: Ogerpon|Knock Off|p2a: Dragapult
|-supereffective|p2a: Dragapult
|-damage|p2a: Dragapult|0 fnt
|-enditem|p2a: Dragapult|Choice Scarf|[from] move: Knock Off|[of] p1a: Ogerpon
|faint|p2a: Dragapult
|
|upkeep
|
|t:|1743910409
|switch|p2a: Dragonite|Dragonite, M, tera:Normal|92/100 par
|turn|14
|
|t:|1743910415
|switch|p1a: Dragapult|Dragapult, F, shiny|63/100
|cant|p2a: Dragonite|par
|
|upkeep
|turn|15
|-message|browoo42 forfeited.
|
|win|pkeyko
|raw|pkeyko's rating: 1471 &rarr; <strong>1488</strong><br />(+17 for winning)
|raw|browoo42's rating: 1415 &rarr; <strong>1398</strong><br />(-17 for losing)
|l|☆browoo42
|player|p2|
|l|☆pkeyko
|player|p1|
|j|☆pkeyko
|player|p1|pkeyko|lacey|
|l|☆pkeyko
|player|p1|
|j|☆pkeyko
|player|p1|pkeyko|lacey|
