|j|☆jielzzz
|j|☆RAGHA BLAGHA
|t:|1743779938
|gametype|singles
|player|p1|jielzzz|worker|1419
|player|p2|RAGHA BLAGHA|brycenman|1396
|teamsize|p1|6
|teamsize|p2|6
|gen|9
|tier|[Gen 9] OU
|rated|
|rule|HP Percentage Mod: HP is shown in percentages
|rule|Endless Battle Clause: Forcing endless battles is banned
|rule|Species Clause: Limit one of each Pokémon
|rule|OHKO Clause: OHKO moves are banned
|rule|Evasion Items Clause: Evasion items are banned
|rule|Evasion Moves Clause: Evasion moves are banned
|rule|Sleep Moves Clause: Sleep-inducing moves are banned
|clearpoke
|poke|p1|Ribombee, M|
|poke|p1|Kingambit, F|
|poke|p1|Iron Moth|
|poke|p1|Great Tusk|
|poke|p1|Gholdengo|
|poke|p1|Kyurem|
|poke|p2|Ting-Lu|
|poke|p2|Tinkaton, F|
|poke|p2|Ogerpon-Wellspring, F|
|poke|p2|Ceruledge, F|
|poke|p2|Dragalge, M|
|poke|p2|Landorus-Therian, M|
|teampreview
|inactive|Battle timer is ON: inactive players will automatically lose when time's up. (requested by jielzzz)
|inactive|RAGHA BLAGHA has 120 seconds left.
|
|t:|1743779972
|start
|switch|p1a: Ribombee|Ribombee, M|100/100
|switch|p2a: Dragalge|Dragalge, M|100/100
|turn|1
|
|t:|1743779981
|move|p1a: Ribombee|Moonblast|p2a: Dragalge
|-damage|p2a: Dragalge|60/100
|-unboost|p2a: Dragalge|spa|1
|move|p2a: Dragalge|Sludge Wave|p1a: Ribombee
|-supereffective|p1a: Ribombee
|-enditem|p1a: Ribombee|Focus Sash
|-damage|p1a: Ribombee|1/100
|
|upkeep
|turn|2
|
|t:|1743779990
|move|p1a: Ribombee|Sticky Web|p2a: Dragalge
|-sidestart|p2: RAGHA BLAGHA|move: Sticky Web
|move|p2a: Dragalge|Sludge Wave|p1a: Ribombee
|-supereffective|p1a: Ribombee
|-damage|p1a: Ribombee|0 fnt
|faint|p1a: Ribombee
|
|upkeep
|
|t:|1743780010
|switch|p1a: Kyurem|Kyurem|100/100
|-ability|p1a: Kyurem|Pressure
|turn|3
|
|t:|1743780016
|move|p1a: Kyurem|Scale Shot|p2a: Dragalge|[miss]
|-miss|p1a: Kyurem|p2a: Dragalge
|move|p2a: Dragalge|Sludge Wave|p1a: Kyurem
|-damage|p1a: Kyurem|40/100
|
|upkeep
|turn|4
|
|t:|1743780025
|switch|p2a: Tinkaton|Tinkaton, F|100/100
|-item|p2a: Tinkaton|Air Balloon
|move|p1a: Kyurem|Icicle Spear|p2a: Tinkaton
|-resisted|p2a: Tinkaton
|-damage|p2a: Tinkaton|92/100
|-enditem|p2a: Tinkaton|Air Balloon
|-resisted|p2a: Tinkaton
|-damage|p2a: Tinkaton|84/100
|-resisted|p2a: Tinkaton
|-damage|p2a: Tinkaton|75/100
|-resisted|p2a: Tinkaton
|-damage|p2a: Tinkaton|67/100
|-resisted|p2a: Tinkaton
|-damage|p2a: Tinkaton|60/100
|-hitcount|p2a: Tinkaton|5
|
|upkeep
|turn|5
|
|t:|1743780039
|switch|p1a: Great Tusk|Great Tusk|100/100
|move|p2a: Tinkaton|Stealth Rock|p1a: Great Tusk
|-sidestart|p1: jielzzz|move: Stealth Rock
|
|upkeep
|turn|6
|
|t:|1743780049
|switch|p2a: Ceruledge|Ceruledge, F|100/100
|-activate|p2a: Ceruledge|move: Sticky Web
|-unboost|p2a: Ceruledge|spe|1
|move|p1a: Great Tusk|Earthquake|p2a: Ceruledge
|-supereffective|p2a: Ceruledge
|-damage|p2a: Ceruledge|0 fnt
|faint|p2a: Ceruledge
|
|upkeep
|
|t:|1743780059
|switch|p2a: Landorus|Landorus-Therian, M|100/100
|-ability|p2a: Landorus|Intimidate|boost
|-unboost|p1a: Great Tusk|atk|1
|turn|7
|
|t:|1743780065
|-terastallize|p2a: Landorus|Flying
|move|p2a: Landorus|Tera Blast|p1a: Great Tusk|[anim] Tera Blast Flying
|-supereffective|p1a: Great Tusk
|-damage|p1a: Great Tusk|42/100
|move|p1a: Great Tusk|Rapid Spin|p2a: Landorus
|-damage|p2a: Landorus|88/100
|-boost|p1a: Great Tusk|spe|1
|-sideend|p1: jielzzz|Stealth Rock|[from] move: Rapid Spin|[of] p1a: Great Tusk
|
|-heal|p1a: Great Tusk|48/100|[from] item: Leftovers
|upkeep
|turn|8
|
|t:|1743780078
|move|p2a: Landorus|Tera Blast|p1a: Great Tusk|[anim] Tera Blast Flying
|-supereffective|p1a: Great Tusk
|-damage|p1a: Great Tusk|0 fnt
|faint|p1a: Great Tusk
|-end|p1a: Great Tusk|Protosynthesis|[silent]
|
|upkeep
|
|t:|1743780093
|switch|p1a: Kyurem|Kyurem|40/100
|-ability|p1a: Kyurem|Pressure
|turn|9
|
|t:|1743780099
|move|p2a: Landorus|Tera Blast|p1a: Kyurem|[anim] Tera Blast Flying
|-damage|p1a: Kyurem|0 fnt
|faint|p1a: Kyurem
|
|upkeep
|
|t:|1743780115
|switch|p1a: Gholdengo|Gholdengo|100/100
|-item|p1a: Gholdengo|Air Balloon
|turn|10
|
|t:|1743780132
|switch|p2a: Ting-Lu|Ting-Lu|100/100
|-activate|p2a: Ting-Lu|move: Sticky Web
|-unboost|p2a: Ting-Lu|spe|1
|-ability|p2a: Ting-Lu|Vessel of Ruin
|move|p1a: Gholdengo|Nasty Plot|p1a: Gholdengo
|-boost|p1a: Gholdengo|spa|2
|
|upkeep
|turn|11
|
|t:|1743780145
|move|p1a: Gholdengo|Focus Blast|p2a: Ting-Lu|[miss]
|-miss|p1a: Gholdengo|p2a: Ting-Lu
|move|p2a: Ting-Lu|Ruination|p1a: Gholdengo|[miss]
|-miss|p2a: Ting-Lu|p1a: Gholdengo
|
|upkeep
|turn|12
|
|t:|1743780153
|move|p1a: Gholdengo|Focus Blast|p2a: Ting-Lu
|-supereffective|p2a: Ting-Lu
|-damage|p2a: Ting-Lu|30/100
|move|p2a: Ting-Lu|Ruination|p1a: Gholdengo
|-damage|p1a: Gholdengo|51/100
|-enditem|p1a: Gholdengo|Air Balloon
|
|upkeep
|turn|13
|
|t:|1743780165
|move|p1a: Gholdengo|Make It Rain|p2a: Ting-Lu
|-damage|p2a: Ting-Lu|0 fnt
|-unboost|p1a: Gholdengo|spa|1
|faint|p2a: Ting-Lu
|
|upkeep
|
|t:|1743780167
|switch|p2a: Landorus|Landorus-Therian, M, tera:Flying|88/100
|-ability|p2a: Landorus|Intimidate|boost
|-unboost|p1a: Gholdengo|atk|1
|turn|14
|
|t:|1743780189
|-terastallize|p1a: Gholdengo|Fairy
|move|p2a: Landorus|Earthquake|p1a: Gholdengo
|-damage|p1a: Gholdengo|0 fnt
|faint|p1a: Gholdengo
|
|upkeep
|
|t:|1743780203
|switch|p1a: Kingambit|Kingambit, F|100/100
|-activate|p1a: Kingambit|ability: Supreme Overlord
|-start|p1a: Kingambit|fallen4|[silent]
|turn|15
|
|t:|1743780208
|move|p2a: Landorus|Earthquake|p1a: Kingambit
|-supereffective|p1a: Kingambit
|-damage|p1a: Kingambit|8/100
|move|p1a: Kingambit|Kowtow Cleave|p2a: Landorus
|-damage|p2a: Landorus|3/100
|
|upkeep
|turn|16
|
|t:|1743780215
|switch|p2a: Tinkaton|Tinkaton, F|60/100
|-activate|p2a: Tinkaton|move: Sticky Web
|-unboost|p2a: Tinkaton|spe|1
|move|p1a: Kingambit|Sucker Punch||[still]
|-fail|p1a: Kingambit
|
|upkeep
|turn|17
|
|t:|1743780226
|move|p2a: Tinkaton|Thunder Wave|p1a: Kingambit|[miss]
|-miss|p2a: Tinkaton|p1a: Kingambit
|move|p1a: Kingambit|Iron Head|p2a: Tinkaton
|-damage|p2a: Tinkaton|0 fnt
|faint|p2a: Tinkaton
|
|upkeep
|
|t:|1743780232
|switch|p2a: Ogerpon|Ogerpon-Wellspring, F|100/100
|-activate|p2a: Ogerpon|move: Sticky Web
|-unboost|p2a: Ogerpon|spe|1
|turn|18
|
|t:|1743780238
|move|p1a: Kingambit|Sucker Punch|p2a: Ogerpon
|-damage|p2a: Ogerpon|31/100
|move|p2a: Ogerpon|Ivy Cudgel|p1a: Kingambit|[anim] Ivy Cudgel Water
|-damage|p1a: Kingambit|0 fnt
|faint|p1a: Kingambit
|-end|p1a: Kingambit|fallen4|[silent]
|
|upkeep
|
|t:|1743780246
|switch|p1a: Iron Moth|Iron Moth|100/100
|-enditem|p1a: Iron Moth|Booster Energy
|-activate|p1a: Iron Moth|ability: Quark Drive|[fromitem]
|-start|p1a: Iron Moth|quarkdrivespa
|turn|19
|
|t:|1743780251
|move|p1a: Iron Moth|Fiery Dance|p2a: Ogerpon
|-damage|p2a: Ogerpon|0 fnt
|faint|p2a: Ogerpon
|
|upkeep
|
|t:|1743780255
|switch|p2a: Landorus|Landorus-Therian, M, tera:Flying|3/100
|-ability|p2a: Landorus|Intimidate|boost
|-unboost|p1a: Iron Moth|atk|1
|turn|20
|
|t:|1743780260
|move|p2a: Landorus|Earthquake|p1a: Iron Moth
|-supereffective|p1a: Iron Moth
|-damage|p1a: Iron Moth|0 fnt
|faint|p1a: Iron Moth
|-end|p1a: Iron Moth|Quark Drive|[silent]
|
|win|RAGHA BLAGHA
|raw|jielzzz's rating: 1419 &rarr; <strong>1398</strong><br />(-21 for losing)
|raw|RAGHA BLAGHA's rating: 1396 &rarr; <strong>1417</strong><br />(+21 for winning)
|l|☆RAGHA BLAGHA
|player|p2|
|l|☆jielzzz
|player|p1|
