|j|☆Madam Ferix
|j|☆superawsmlandot
|t:|1743844072
|gametype|singles
|player|p1|Madam Ferix|nita|1525
|player|p2|superawsmlandot|leaf-masters|1506
|teamsize|p1|6
|teamsize|p2|6
|gen|9
|tier|[Gen 9] OU
|rated|
|rule|HP Percentage Mod: HP is shown in percentages
|rule|Endless Battle Clause: Forcing endless battles is banned
|rule|Species Clause: Limit one of each Pokémon
|rule|OHKO Clause: OHKO moves are banned
|rule|Evasion Items Clause: Evasion items are banned
|rule|Evasion Moves Clause: Evasion moves are banned
|rule|Sleep Moves Clause: Sleep-inducing moves are banned
|clearpoke
|poke|p1|Garganacl, F|
|poke|p1|Ogerpon, F|
|poke|p1|Kyurem|
|poke|p1|Slowking-Galar, F|
|poke|p1|Tornadus-Therian, M|
|poke|p1|Moltres|
|poke|p2|Ting-Lu|
|poke|p2|Sinistcha|
|poke|p2|Keldeo|
|poke|p2|Tinkaton, F|
|poke|p2|Dragonite, F|
|poke|p2|Landorus-Therian, M|
|teampreview
|inactive|Battle timer is ON: inactive players will automatically lose when time's up. (requested by superawsmlandot)
|
|t:|1743844094
|start
|switch|p1a: Ogerpon|Ogerpon, F|100/100
|switch|p2a: Landorus|Landorus-Therian, M|100/100
|-ability|p2a: Landorus|Intimidate|boost
|-unboost|p1a: Ogerpon|atk|1
|-ability|p1a: Ogerpon|Defiant|boost
|-boost|p1a: Ogerpon|atk|2
|turn|1
|
|t:|1743844100
|move|p2a: Landorus|U-turn|p1a: Ogerpon
|-supereffective|p1a: Ogerpon
|-damage|p1a: Ogerpon|28/100
|
|t:|1743844103
|switch|p2a: Tinkaton|Tinkaton, F|100/100|[from] U-turn
|-item|p2a: Tinkaton|Air Balloon
|move|p1a: Ogerpon|Ivy Cudgel|p2a: Tinkaton
|-resisted|p2a: Tinkaton
|-damage|p2a: Tinkaton|64/100
|-enditem|p2a: Tinkaton|Air Balloon
|
|upkeep
|turn|2
|
|t:|1743844124
|switch|p1a: Tornadus|Tornadus-Therian, M|100/100
|move|p2a: Tinkaton|Thunder Wave|p1a: Tornadus
|-status|p1a: Tornadus|par
|
|upkeep
|turn|3
|
|t:|1743844132
|switch|p1a: Garganacl|Garganacl, F|100/100
|move|p2a: Tinkaton|Stealth Rock|p1a: Garganacl
|-sidestart|p1: Madam Ferix|move: Stealth Rock
|
|upkeep
|turn|4
|
|t:|1743844137
|move|p2a: Tinkaton|Knock Off|p1a: Garganacl
|-damage|p1a: Garganacl|88/100
|-enditem|p1a: Garganacl|Leftovers|[from] move: Knock Off|[of] p2a: Tinkaton
|move|p1a: Garganacl|Stealth Rock|p2a: Tinkaton
|-sidestart|p2: superawsmlandot|move: Stealth Rock
|
|upkeep
|turn|5
|
|t:|1743844142
|move|p2a: Tinkaton|Gigaton Hammer|p1a: Garganacl
|-supereffective|p1a: Garganacl
|-damage|p1a: Garganacl|35/100
|move|p1a: Garganacl|Salt Cure|p2a: Tinkaton
|-resisted|p2a: Tinkaton
|-damage|p2a: Tinkaton|56/100
|-start|p2a: Tinkaton|Salt Cure
|
|-damage|p2a: Tinkaton|31/100|[from] Salt Cure
|upkeep
|turn|6
|
|t:|1743844150
|switch|p2a: Sinistcha|Sinistcha|100/100
|move|p1a: Garganacl|Recover|p1a: Garganacl
|-heal|p1a: Garganacl|85/100
|
|upkeep
|turn|7
|
|t:|1743844162
|switch|p1a: Tornadus|Tornadus-Therian, M|100/100 par
|move|p2a: Sinistcha|Matcha Gotcha|p1a: Tornadus
|-resisted|p1a: Tornadus
|-damage|p1a: Tornadus|85/100 par
|
|upkeep
|turn|8
|
|t:|1743844172
|switch|p2a: Landorus|Landorus-Therian, M|100/100
|-damage|p2a: Landorus|88/100|[from] Stealth Rock
|-ability|p2a: Landorus|Intimidate|boost
|-unboost|p1a: Tornadus|atk|1
|move|p1a: Tornadus|U-turn|p2a: Landorus
|-resisted|p2a: Landorus
|-damage|p2a: Landorus|82/100
|
|t:|1743844182
|switch|p1a: Kyurem|Kyurem|100/100|[from] U-turn
|-ability|p1a: Kyurem|Pressure
|
|upkeep
|turn|9
|
|t:|1743844195
|move|p2a: Landorus|Stone Edge|p1a: Kyurem
|-supereffective|p1a: Kyurem
|-damage|p1a: Kyurem|13/100
|move|p1a: Kyurem|Dragon Dance|p1a: Kyurem
|-boost|p1a: Kyurem|atk|1
|-boost|p1a: Kyurem|spe|1
|
|upkeep
|turn|10
|
|t:|1743844201
|switch|p2a: Tinkaton|Tinkaton, F|31/100
|-damage|p2a: Tinkaton|25/100|[from] Stealth Rock
|move|p1a: Kyurem|Icicle Spear|p2a: Tinkaton
|-resisted|p2a: Tinkaton
|-crit|p2a: Tinkaton
|-damage|p2a: Tinkaton|9/100
|-resisted|p2a: Tinkaton
|-damage|p2a: Tinkaton|0 fnt
|faint|p2a: Tinkaton
|-hitcount|p2: Tinkaton|2
|
|upkeep
|
|t:|1743844203
|switch|p2a: Dragonite|Dragonite, F|100/100
|turn|11
|
|t:|1743844209
|switch|p1a: Moltres|Moltres|100/100
|move|p2a: Dragonite|Extreme Speed|p1a: Moltres
|-damage|p1a: Moltres|81/100
|-status|p2a: Dragonite|brn|[from] ability: Flame Body|[of] p1a: Moltres
|
|-damage|p2a: Dragonite|94/100 brn|[from] brn
|upkeep
|turn|12
|
|t:|1743844214
|move|p1a: Moltres|U-turn|p2a: Dragonite
|-resisted|p2a: Dragonite
|-damage|p2a: Dragonite|88/100 brn
|
|t:|1743844218
|switch|p1a: Tornadus|Tornadus-Therian, M|100/100 par|[from] U-turn
|move|p2a: Dragonite|Dragon Tail|p1a: Tornadus
|-damage|p1a: Tornadus|82/100 par
|drag|p1a: Garganacl|Garganacl, F|85/100
|-damage|p1a: Garganacl|73/100|[from] Stealth Rock
|
|-damage|p2a: Dragonite|81/100 brn|[from] brn
|upkeep
|turn|13
|
|t:|1743844223
|move|p2a: Dragonite|Earthquake|p1a: Garganacl
|-supereffective|p1a: Garganacl
|-damage|p1a: Garganacl|47/100
|move|p1a: Garganacl|Salt Cure|p2a: Dragonite
|-supereffective|p2a: Dragonite
|-damage|p2a: Dragonite|56/100 brn
|-start|p2a: Dragonite|Salt Cure
|
|-damage|p2a: Dragonite|50/100 brn|[from] brn
|-damage|p2a: Dragonite|37/100 brn|[from] Salt Cure
|upkeep
|turn|14
|
|t:|1743844227
|move|p2a: Dragonite|Earthquake|p1a: Garganacl
|-supereffective|p1a: Garganacl
|-damage|p1a: Garganacl|22/100
|move|p1a: Garganacl|Recover|p1a: Garganacl
|-heal|p1a: Garganacl|72/100
|
|-damage|p2a: Dragonite|31/100 brn|[from] brn
|-damage|p2a: Dragonite|18/100 brn|[from] Salt Cure
|upkeep
|turn|15
|
|t:|1743844230
|move|p1a: Garganacl|Protect|p1a: Garganacl
|-singleturn|p1a: Garganacl|Protect
|move|p2a: Dragonite|Earthquake|p1a: Garganacl
|-activate|p1a: Garganacl|move: Protect
|
|-damage|p2a: Dragonite|12/100 brn|[from] brn
|-damage|p2a: Dragonite|0 fnt|[from] Salt Cure
|faint|p2a: Dragonite
|upkeep
|
|t:|1743844233
|switch|p2a: Keldeo|Keldeo|100/100
|turn|16
|
|t:|1743844240
|switch|p1a: Slowking|Slowking-Galar, F|100/100
|-terastallize|p2a: Keldeo|Water
|move|p2a: Keldeo|Surf|p1a: Slowking
|-damage|p1a: Slowking|61/100
|
|upkeep
|turn|17
|
|t:|1743844249
|move|p2a: Keldeo|Flip Turn|p1a: Slowking
|-crit|p1a: Slowking
|-damage|p1a: Slowking|30/100
|
|t:|1743844257
|switch|p2a: Ting-Lu|Ting-Lu|100/100|[from] Flip Turn
|-damage|p2a: Ting-Lu|94/100|[from] Stealth Rock
|-ability|p2a: Ting-Lu|Vessel of Ruin
|-prepare|p1a: Slowking|Chilly Reception|[premajor]
|move|p1a: Slowking|Chilly Reception|p1a: Slowking
|-weather|Snowscape
|
|t:|1743844261
|switch|p1a: Ogerpon|Ogerpon, F|28/100|[from] Chilly Reception
|
|-weather|Snowscape|[upkeep]
|-heal|p2a: Ting-Lu|100/100|[from] item: Leftovers
|upkeep
|turn|18
|
|t:|1743844269
|move|p1a: Ogerpon|Knock Off|p2a: Ting-Lu
|-resisted|p2a: Ting-Lu
|-damage|p2a: Ting-Lu|92/100
|-enditem|p2a: Ting-Lu|Leftovers|[from] move: Knock Off|[of] p1a: Ogerpon
|move|p2a: Ting-Lu|Spikes|p1a: Ogerpon
|-sidestart|p1: Madam Ferix|Spikes
|
|-weather|Snowscape|[upkeep]
|upkeep
|turn|19
|
|t:|1743844274
|move|p1a: Ogerpon|Ivy Cudgel|p2a: Ting-Lu
|-supereffective|p2a: Ting-Lu
|-damage|p2a: Ting-Lu|39/100
|move|p2a: Ting-Lu|Earthquake|p1a: Ogerpon
|-resisted|p1a: Ogerpon
|-damage|p1a: Ogerpon|3/100
|
|-weather|Snowscape|[upkeep]
|upkeep
|turn|20
|
|t:|1743844278
|move|p1a: Ogerpon|Ivy Cudgel|p2a: Ting-Lu
|-supereffective|p2a: Ting-Lu
|-damage|p2a: Ting-Lu|0 fnt
|faint|p2a: Ting-Lu
|
|-weather|Snowscape|[upkeep]
|upkeep
|
|t:|1743844280
|switch|p2a: Keldeo|Keldeo, tera:Water|100/100
|turn|21
|
|t:|1743844286
|switch|p1a: Slowking|Slowking-Galar, F|63/100
|move|p2a: Keldeo|Vacuum Wave|p1a: Slowking
|-resisted|p1a: Slowking
|-damage|p1a: Slowking|60/100
|
|-weather|none
|upkeep
|turn|22
|
|t:|1743844291
|move|p2a: Keldeo|Flip Turn|p1a: Slowking
|-crit|p1a: Slowking
|-damage|p1a: Slowking|31/100
|
|t:|1743844293
|switch|p2a: Landorus|Landorus-Therian, M|82/100|[from] Flip Turn
|-damage|p2a: Landorus|70/100|[from] Stealth Rock
|-ability|p2a: Landorus|Intimidate|boost
|-unboost|p1a: Slowking|atk|1
|move|p1a: Slowking|Thunder Wave|p2a: Landorus
|-immune|p2a: Landorus
|
|upkeep
|turn|23
|
|t:|1743844298
|switch|p1a: Tornadus|Tornadus-Therian, M|100/100 par
|move|p2a: Landorus|Stone Edge|p1a: Tornadus
|-supereffective|p1a: Tornadus
|-damage|p1a: Tornadus|14/100 par
|
|upkeep
|turn|24
|
|t:|1743844307
|switch|p2a: Keldeo|Keldeo, tera:Water|100/100
|move|p1a: Tornadus|U-turn|p2a: Keldeo
|-damage|p2a: Keldeo|84/100
|
|t:|1743844316
|switch|p1a: Slowking|Slowking-Galar, F|65/100|[from] U-turn
|
|upkeep
|turn|25
|
|t:|1743844320
|move|p2a: Keldeo|Flip Turn|p1a: Slowking
|-damage|p1a: Slowking|45/100
|
|t:|1743844325
|switch|p2a: Sinistcha|Sinistcha|100/100|[from] Flip Turn
|move|p1a: Slowking|Future Sight|p2a: Sinistcha
|-start|p1a: Slowking|move: Future Sight
|
|upkeep
|turn|26
|
|t:|1743844330
|move|p2a: Sinistcha|Calm Mind|p2a: Sinistcha
|-boost|p2a: Sinistcha|spa|1
|-boost|p2a: Sinistcha|spd|1
|-prepare|p1a: Slowking|Chilly Reception|[premajor]
|move|p1a: Slowking|Chilly Reception|p1a: Slowking
|-weather|Snowscape
|
|t:|1743844335
|switch|p1a: Ogerpon|Ogerpon, F|3/100|[from] Chilly Reception
|
|-weather|Snowscape|[upkeep]
|upkeep
|turn|27
|
|t:|1743844341
|move|p1a: Ogerpon|Encore|p2a: Sinistcha
|-start|p2a: Sinistcha|Encore
|move|p2a: Sinistcha|Calm Mind|p2a: Sinistcha
|-boost|p2a: Sinistcha|spa|1
|-boost|p2a: Sinistcha|spd|1
|
|-weather|Snowscape|[upkeep]
|-end|p2a: Sinistcha|move: Future Sight
|-damage|p2a: Sinistcha|75/100
|upkeep
|turn|28
|
|t:|1743844345
|move|p1a: Ogerpon|Knock Off|p2a: Sinistcha
|-supereffective|p2a: Sinistcha
|-damage|p2a: Sinistcha|31/100
|-enditem|p2a: Sinistcha|Heavy-Duty Boots|[from] move: Knock Off|[of] p1a: Ogerpon
|move|p2a: Sinistcha|Calm Mind|p2a: Sinistcha
|-boost|p2a: Sinistcha|spa|1
|-boost|p2a: Sinistcha|spd|1
|
|-weather|Snowscape|[upkeep]
|upkeep
|turn|29
|
|t:|1743844349
|move|p1a: Ogerpon|Knock Off|p2a: Sinistcha
|-supereffective|p2a: Sinistcha
|-damage|p2a: Sinistcha|0 fnt
|faint|p2a: Sinistcha
|
|-weather|Snowscape|[upkeep]
|upkeep
|
|t:|1743844352
|switch|p2a: Keldeo|Keldeo, tera:Water|84/100
|turn|30
|
|t:|1743844357
|switch|p1a: Slowking|Slowking-Galar, F|79/100
|move|p2a: Keldeo|Surf|p1a: Slowking
|-damage|p1a: Slowking|45/100
|
|-weather|none
|upkeep
|turn|31
|
|t:|1743844364
|move|p2a: Keldeo|Surf|p1a: Slowking
|-damage|p1a: Slowking|11/100
|move|p1a: Slowking|Future Sight|p2a: Keldeo
|-start|p1a: Slowking|move: Future Sight
|
|upkeep
|turn|32
|
|t:|1743844369
|switch|p1a: Ogerpon|Ogerpon, F|3/100
|move|p2a: Keldeo|Flip Turn|p1a: Ogerpon
|-resisted|p1a: Ogerpon
|-damage|p1a: Ogerpon|0 fnt
|faint|p1a: Ogerpon
|
|t:|1743844371
|switch|p2a: Landorus|Landorus-Therian, M|70/100|[from] Flip Turn
|-damage|p2a: Landorus|58/100|[from] Stealth Rock
|
|upkeep
|
|t:|1743844376
|switch|p1a: Kyurem|Kyurem|13/100
|-ability|p1a: Kyurem|Pressure
|turn|33
|
|t:|1743844384
|move|p2a: Landorus|Earthquake|p1a: Kyurem
|-damage|p1a: Kyurem|0 fnt
|faint|p1a: Kyurem
|
|-end|p2a: Landorus|move: Future Sight
|-damage|p2a: Landorus|0 fnt
|faint|p2a: Landorus
|upkeep
|
|t:|1743844393
|switch|p1a: Garganacl|Garganacl, F|72/100
|switch|p2a: Keldeo|Keldeo, tera:Water|84/100
|-damage|p1a: Garganacl|59/100|[from] Stealth Rock
|-damage|p1a: Garganacl|47/100|[from] Spikes
|turn|34
|
|t:|1743844400
|-terastallize|p1a: Garganacl|Fairy
|move|p2a: Keldeo|Surf|p1a: Garganacl
|-damage|p1a: Garganacl|5/100
|move|p1a: Garganacl|Salt Cure|p2a: Keldeo
|-damage|p2a: Keldeo|68/100
|-start|p2a: Keldeo|Salt Cure
|
|-damage|p2a: Keldeo|43/100|[from] Salt Cure
|upkeep
|turn|35
|
|t:|1743844404
|move|p1a: Garganacl|Protect|p1a: Garganacl
|-singleturn|p1a: Garganacl|Protect
|move|p2a: Keldeo|Surf|p1a: Garganacl
|-activate|p1a: Garganacl|move: Protect
|
|-damage|p2a: Keldeo|18/100|[from] Salt Cure
|upkeep
|turn|36
|
|t:|1743844407
|move|p2a: Keldeo|Surf|p1a: Garganacl
|-damage|p1a: Garganacl|0 fnt
|faint|p1a: Garganacl
|
|-damage|p2a: Keldeo|0 fnt|[from] Salt Cure
|faint|p2a: Keldeo
|
|win|Madam Ferix
|raw|Madam Ferix's rating: 1525 &rarr; <strong>1544</strong><br />(+19 for winning)
|raw|superawsmlandot's rating: 1506 &rarr; <strong>1487</strong><br />(-19 for losing)
|l|☆Madam Ferix
|player|p1|
|c|☆superawsmlandot|gg
|l|☆superawsmlandot
|player|p2|
