|j|☆420Pimmelberger
|j|☆WillemLee
|t:|1743842809
|gametype|singles
|player|p1|420Pimmelberger|1|1208
|player|p2|WillemLee|bruno|1174
|teamsize|p1|6
|teamsize|p2|6
|gen|9
|tier|[Gen 9] OU
|rated|
|rule|HP Percentage Mod: HP is shown in percentages
|rule|Endless Battle Clause: Forcing endless battles is banned
|rule|Species Clause: Limit one of each Pokémon
|rule|OHKO Clause: OHKO moves are banned
|rule|Evasion Items Clause: Evasion items are banned
|rule|Evasion Moves Clause: Evasion moves are banned
|rule|Sleep Moves Clause: Sleep-inducing moves are banned
|clearpoke
|poke|p1|Gumshoos, F|
|poke|p1|Mandibuzz, F|
|poke|p1|Clodsire, F|
|poke|p1|Tauros-Paldea-Aqua, M|
|poke|p1|Espeon, M|
|poke|p1|Scizor, F|
|poke|p2|Primarina, M|
|poke|p2|Gholdengo|
|poke|p2|Kingambit, F|
|poke|p2|Landorus-Therian, M|
|poke|p2|Dragapult, F|
|poke|p2|Iron Moth|
|teampreview
|inactive|Battle timer is ON: inactive players will automatically lose when time's up. (requested by WillemLee)
|
|t:|1743842826
|start
|switch|p1a: Tonald Drump|Gumshoos, F, shiny|100/100
|switch|p2a: Gholdengo|Gholdengo|100/100
|-item|p2a: Gholdengo|Air Balloon
|turn|1
|
|t:|1743842834
|move|p2a: Gholdengo|Nasty Plot|p2a: Gholdengo
|-boost|p2a: Gholdengo|spa|2
|move|p1a: Tonald Drump|Knock Off|p2a: Gholdengo
|-supereffective|p2a: Gholdengo
|-damage|p2a: Gholdengo|0 fnt
|-enditem|p2a: Gholdengo|Air Balloon
|faint|p2a: Gholdengo
|
|upkeep
|
|t:|1743842845
|switch|p2a: Landorus|Landorus-Therian, M|100/100
|-ability|p2a: Landorus|Intimidate|boost
|-unboost|p1a: Tonald Drump|atk|1
|turn|2
|
|t:|1743842850
|switch|p1a: tons of earwax|Espeon, M|100/100
|move|p2a: Landorus|U-turn|p1a: tons of earwax
|-supereffective|p1a: tons of earwax
|-damage|p1a: tons of earwax|0 fnt
|faint|p1a: tons of earwax
|
|t:|1743842861
|switch|p2a: Dragapult|Dragapult, F|100/100|[from] U-turn
|
|upkeep
|
|t:|1743842870
|switch|p1a: Mayor Thicccums|Mandibuzz, F|100/100
|turn|3
|
|t:|1743842891
|move|p2a: Dragapult|U-turn|p1a: Mayor Thicccums
|-damage|p1a: Mayor Thicccums|87/100
|
|t:|1743842894
|switch|p2a: Landorus|Landorus-Therian, M|100/100|[from] U-turn
|-ability|p2a: Landorus|Intimidate|boost
|-unboost|p1a: Mayor Thicccums|atk|1
|move|p1a: Mayor Thicccums|Toxic|p2a: Landorus
|-status|p2a: Landorus|tox
|
|-damage|p2a: Landorus|94/100 tox|[from] psn
|upkeep
|turn|4
|
|t:|1743842908
|switch|p1a: Tonald Drump|Gumshoos, F, shiny|100/100
|move|p2a: Landorus|Stealth Rock|p1a: Tonald Drump
|-sidestart|p1: 420Pimmelberger|move: Stealth Rock
|
|-damage|p2a: Landorus|82/100 tox|[from] psn
|upkeep
|turn|5
|inactive|420Pimmelberger has 120 seconds left.
|
|t:|1743842938
|move|p2a: Landorus|U-turn|p1a: Tonald Drump
|-damage|p1a: Tonald Drump|67/100
|
|t:|1743842943
|switch|p2a: Iron Moth|Iron Moth|100/100|[from] U-turn
|-enditem|p2a: Iron Moth|Booster Energy
|-activate|p2a: Iron Moth|ability: Quark Drive|[fromitem]
|-start|p2a: Iron Moth|quarkdrivespa
|move|p1a: Tonald Drump|Earthquake|p2a: Iron Moth
|-supereffective|p2a: Iron Moth
|-damage|p2a: Iron Moth|0 fnt
|faint|p2a: Iron Moth
|-end|p2a: Iron Moth|Quark Drive|[silent]
|
|upkeep
|
|t:|1743842959
|switch|p2a: Primarina|Primarina, M|100/100
|turn|6
|
|t:|1743842969
|switch|p1a: Cool Guy|Scizor, F|100/100
|-damage|p1a: Cool Guy|88/100|[from] Stealth Rock
|move|p2a: Primarina|Sparkling Aria|p1a: Cool Guy
|-damage|p1a: Cool Guy|44/100
|
|-heal|p1a: Cool Guy|50/100|[from] item: Leftovers
|upkeep
|turn|7
|
|t:|1743842978
|move|p2a: Primarina|Psychic Noise|p1a: Cool Guy
|-resisted|p1a: Cool Guy
|-damage|p1a: Cool Guy|37/100
|-start|p1a: Cool Guy|move: Heal Block
|move|p1a: Cool Guy|Defog|p2a: Primarina
|-unboost|p2a: Primarina|evasion|1
|-sideend|p1: 420Pimmelberger|Stealth Rock|[from] move: Defog|[of] p1a: Cool Guy
|
|upkeep
|turn|8
|
|t:|1743842988
|switch|p1a: The Sire|Clodsire, F|100/100
|move|p2a: Primarina|Sparkling Aria|p1a: The Sire
|-supereffective|p1a: The Sire
|-damage|p1a: The Sire|49/100
|
|-heal|p1a: The Sire|55/100|[from] item: Leftovers
|upkeep
|turn|9
|
|t:|1743843004
|move|p2a: Primarina|Sparkling Aria|p1a: The Sire
|-supereffective|p1a: The Sire
|-crit|p1a: The Sire
|-damage|p1a: The Sire|0 fnt
|faint|p1a: The Sire
|
|upkeep
|
|t:|1743843012
|switch|p1a: Tonald Drump|Gumshoos, F, shiny|67/100
|turn|10
|inactive|420Pimmelberger has 120 seconds left.
|
|t:|1743843036
|move|p2a: Primarina|Sparkling Aria|p1a: Tonald Drump
|-damage|p1a: Tonald Drump|7/100
|move|p1a: Tonald Drump|Double-Edge|p2a: Primarina
|-damage|p2a: Primarina|0 fnt
|faint|p2a: Primarina
|-damage|p1a: Tonald Drump|0 fnt|[from] Recoil
|faint|p1a: Tonald Drump
|
|upkeep
|inactive|420Pimmelberger has 120 seconds left.
|
|t:|1743843049
|switch|p2a: Landorus|Landorus-Therian, M|82/100 tox
|switch|p1a: Chad|Tauros-Paldea-Aqua, M|100/100
|-ability|p1a: Chad|Intimidate|boost
|-unboost|p2a: Landorus|atk|1
|-ability|p2a: Landorus|Intimidate|boost
|-unboost|p1a: Chad|atk|1
|turn|11
|inactive|420Pimmelberger has 120 seconds left.
|
|t:|1743843060
|move|p1a: Chad|Bulk Up|p1a: Chad
|-boost|p1a: Chad|atk|1
|-boost|p1a: Chad|def|1
|move|p2a: Landorus|Rock Slide|p1a: Chad
|-resisted|p1a: Chad
|-damage|p1a: Chad|94/100
|
|-heal|p1a: Chad|99/100|[from] item: Leftovers
|-damage|p2a: Landorus|75/100 tox|[from] psn
|upkeep
|turn|12
|inactive|420Pimmelberger has 120 seconds left.
|
|t:|1743843077
|move|p1a: Chad|Bulk Up|p1a: Chad
|-boost|p1a: Chad|atk|1
|-boost|p1a: Chad|def|1
|move|p2a: Landorus|Stealth Rock|p1a: Chad
|-sidestart|p1: 420Pimmelberger|move: Stealth Rock
|
|-heal|p1a: Chad|100/100|[from] item: Leftovers
|-damage|p2a: Landorus|63/100 tox|[from] psn
|upkeep
|turn|13
|inactive|420Pimmelberger has 120 seconds left.
|
|t:|1743843089
|move|p1a: Chad|Aqua Jet|p2a: Landorus
|-supereffective|p2a: Landorus
|-damage|p2a: Landorus|0 fnt
|-damage|p1a: Chad|84/100|[from] item: Rocky Helmet|[of] p2a: Landorus
|faint|p2a: Landorus
|
|-heal|p1a: Chad|90/100|[from] item: Leftovers
|upkeep
|
|t:|1743843097
|switch|p2a: Dragapult|Dragapult, F|100/100
|turn|14
|inactive|420Pimmelberger has 120 seconds left.
|
|t:|1743843121
|switch|p1a: Mayor Thicccums|Mandibuzz, F|87/100
|move|p2a: Dragapult|Dragon Dance|p2a: Dragapult
|-boost|p2a: Dragapult|atk|1
|-boost|p2a: Dragapult|spe|1
|
|upkeep
|turn|15
|inactive|420Pimmelberger has 120 seconds left.
|
|t:|1743843131
|move|p2a: Dragapult|U-turn|p1a: Mayor Thicccums
|-damage|p1a: Mayor Thicccums|66/100
|
|t:|1743843133
|switch|p2a: Kingambit|Kingambit, F|100/100|[from] U-turn
|-activate|p2a: Kingambit|ability: Supreme Overlord
|-start|p2a: Kingambit|fallen4|[silent]
|move|p1a: Mayor Thicccums|Foul Play|p2a: Kingambit
|-resisted|p2a: Kingambit
|-damage|p2a: Kingambit|79/100
|
|upkeep
|turn|16
|
|t:|1743843147
|move|p1a: Mayor Thicccums|Iron Defense|p1a: Mayor Thicccums
|-boost|p1a: Mayor Thicccums|def|2
|move|p2a: Kingambit|Low Kick|p1a: Mayor Thicccums
|-damage|p1a: Mayor Thicccums|56/100
|
|upkeep
|turn|17
|
|t:|1743843158
|move|p1a: Mayor Thicccums|Foul Play|p2a: Kingambit
|-resisted|p2a: Kingambit
|-damage|p2a: Kingambit|55/100
|move|p2a: Kingambit|Iron Head|p1a: Mayor Thicccums
|-damage|p1a: Mayor Thicccums|39/100
|
|upkeep
|turn|18
|
|t:|1743843165
|move|p1a: Mayor Thicccums|Roost|p1a: Mayor Thicccums
|-heal|p1a: Mayor Thicccums|89/100
|-singleturn|p1a: Mayor Thicccums|move: Roost
|move|p2a: Kingambit|Iron Head|p1a: Mayor Thicccums
|-damage|p1a: Mayor Thicccums|70/100
|
|upkeep
|turn|19
|
|t:|1743843173
|move|p1a: Mayor Thicccums|Iron Defense|p1a: Mayor Thicccums
|-boost|p1a: Mayor Thicccums|def|2
|move|p2a: Kingambit|Iron Head|p1a: Mayor Thicccums
|-damage|p1a: Mayor Thicccums|58/100
|
|upkeep
|turn|20
|
|t:|1743843181
|move|p1a: Mayor Thicccums|Roost|p1a: Mayor Thicccums
|-heal|p1a: Mayor Thicccums|100/100
|-singleturn|p1a: Mayor Thicccums|move: Roost
|move|p2a: Kingambit|Iron Head|p1a: Mayor Thicccums
|-damage|p1a: Mayor Thicccums|87/100
|
|upkeep
|turn|21
|
|t:|1743843188
|move|p1a: Mayor Thicccums|Foul Play|p2a: Kingambit
|-resisted|p2a: Kingambit
|-damage|p2a: Kingambit|33/100
|move|p2a: Kingambit|Iron Head|p1a: Mayor Thicccums
|-damage|p1a: Mayor Thicccums|75/100
|
|upkeep
|turn|22
|
|t:|1743843194
|move|p1a: Mayor Thicccums|Foul Play|p2a: Kingambit
|-resisted|p2a: Kingambit
|-damage|p2a: Kingambit|9/100
|move|p2a: Kingambit|Iron Head|p1a: Mayor Thicccums
|-damage|p1a: Mayor Thicccums|64/100
|
|upkeep
|turn|23
|
|t:|1743843200
|move|p1a: Mayor Thicccums|Foul Play|p2a: Kingambit
|-resisted|p2a: Kingambit
|-damage|p2a: Kingambit|0 fnt
|faint|p2a: Kingambit
|-end|p2a: Kingambit|fallen4|[silent]
|
|upkeep
|
|t:|1743843205
|switch|p2a: Dragapult|Dragapult, F|100/100
|turn|24
|
|t:|1743843210
|move|p2a: Dragapult|Dragon Dance|p2a: Dragapult
|-boost|p2a: Dragapult|atk|1
|-boost|p2a: Dragapult|spe|1
|move|p1a: Mayor Thicccums|Foul Play|p2a: Dragapult
|-supereffective|p2a: Dragapult
|-enditem|p2a: Dragapult|Focus Sash
|-damage|p2a: Dragapult|1/100
|
|upkeep
|turn|25
|
|t:|1743843218
|move|p2a: Dragapult|Dragon Darts|p1a: Mayor Thicccums
|-damage|p1a: Mayor Thicccums|56/100
|-anim|p2a: Dragapult|Dragon Darts|p1a: Mayor Thicccums
|-damage|p1a: Mayor Thicccums|48/100
|move|p1a: Mayor Thicccums|Foul Play|p2a: Dragapult
|-supereffective|p2a: Dragapult
|-damage|p2a: Dragapult|0 fnt
|faint|p2a: Dragapult
|
|win|420Pimmelberger
|raw|420Pimmelberger's rating: 1208 &rarr; <strong>1231</strong><br />(+23 for winning)
|raw|WillemLee's rating: 1174 &rarr; <strong>1151</strong><br />(-23 for losing)
|l|☆420Pimmelberger
|player|p1|
|l|☆WillemLee
|player|p2|
