|j|☆BenjiKong14
|j|☆dadwadawdwa
|t:|1743934762
|gametype|singles
|player|p1|BenjiKong14|dancer|1123
|player|p2|dadwadawdwa|102|1172
|teamsize|p1|6
|teamsize|p2|6
|gen|9
|tier|[Gen 9] OU
|rated|
|rule|HP Percentage Mod: HP is shown in percentages
|rule|Endless Battle Clause: Forcing endless battles is banned
|rule|Species Clause: Limit one of each Pokémon
|rule|OHKO Clause: OHKO moves are banned
|rule|Evasion Items Clause: Evasion items are banned
|rule|Evasion Moves Clause: Evasion moves are banned
|rule|Sleep Moves Clause: Sleep-inducing moves are banned
|clearpoke
|poke|p1|Avalugg-Hisui, M|
|poke|p1|Tatsugiri-Droopy, M|
|poke|p1|Weezing-Galar, F|
|poke|p1|Metagross|
|poke|p1|Tauros-Paldea-Blaze, M|
|poke|p1|Arboliva, M|
|poke|p2|Magnezone|
|poke|p2|Iron Valiant|
|poke|p2|Kingambit, F|
|poke|p2|Ogerpon-Cornerstone, F|
|poke|p2|Deoxys-Speed|
|poke|p2|Dragonite, M|
|teampreview
|
|t:|1743934777
|start
|switch|p1a: Jawbreaker|Avalugg-Hisui, M|100/100
|switch|p2a: Deoxys|Deoxys-Speed|100/100
|-ability|p2a: Deoxys|Pressure
|turn|1
|
|t:|1743934803
|move|p2a: Deoxys|Taunt|p1a: Jawbreaker
|-start|p1a: Jawbreaker|move: Taunt
|cant|p1a: Jawbreaker|move: Taunt|Stealth Rock
|
|upkeep
|turn|2
|
|t:|1743934813
|move|p2a: Deoxys|Stealth Rock|p1a: Jawbreaker
|-sidestart|p1: BenjiKong14|move: Stealth Rock
|move|p1a: Jawbreaker|Mountain Gale|p2a: Deoxys|[miss]
|-miss|p1a: Jawbreaker|p2a: Deoxys
|
|upkeep
|turn|3
|inactive|Battle timer is ON: inactive players will automatically lose when time's up. (requested by BenjiKong14)
|
|t:|1743934822
|move|p2a: Deoxys|Psycho Boost|p1a: Jawbreaker
|-ability|p1a: Jawbreaker|Sturdy
|-damage|p1a: Jawbreaker|1/100
|-unboost|p2a: Deoxys|spa|2
|move|p1a: Jawbreaker|Mountain Gale|p2a: Deoxys
|-damage|p2a: Deoxys|30/100
|
|-end|p1a: Jawbreaker|move: Taunt
|upkeep
|turn|4
|-enditem|p1a: Jawbreaker|Custap Berry|[eat]
|-activate|p1a: Jawbreaker|item: Custap Berry|[consumed]
|
|t:|1743934835
|move|p1a: Jawbreaker|Earthquake|p2a: Deoxys
|-damage|p2a: Deoxys|0 fnt
|faint|p2a: Deoxys
|
|upkeep
|
|t:|1743934848
|switch|p2a: Ogerpon|Ogerpon-Cornerstone, F|100/100
|turn|5
|
|t:|1743934853
|move|p2a: Ogerpon|Swords Dance|p2a: Ogerpon
|-boost|p2a: Ogerpon|atk|2
|move|p1a: Jawbreaker|Body Press|p2a: Ogerpon
|-supereffective|p2a: Ogerpon
|-damage|p2a: Ogerpon|2/100
|
|upkeep
|turn|6
|
|t:|1743934861
|move|p2a: Ogerpon|Ivy Cudgel|p1a: Jawbreaker|[anim] Ivy Cudgel Rock
|-supereffective|p1a: Jawbreaker
|-crit|p1a: Jawbreaker
|-damage|p1a: Jawbreaker|0 fnt
|faint|p1a: Jawbreaker
|
|upkeep
|
|t:|1743934867
|switch|p1a: Metagross|Metagross|100/100
|-damage|p1a: Metagross|94/100|[from] Stealth Rock
|turn|7
|
|t:|1743934873
|move|p2a: Ogerpon|Superpower|p1a: Metagross
|-damage|p1a: Metagross|25/100
|-unboost|p2a: Ogerpon|atk|1
|-unboost|p2a: Ogerpon|def|1
|move|p1a: Metagross|Meteor Mash|p2a: Ogerpon
|-supereffective|p2a: Ogerpon
|-damage|p2a: Ogerpon|0 fnt
|faint|p2a: Ogerpon
|
|upkeep
|
|t:|1743934886
|switch|p2a: Dragonite|Dragonite, M|100/100
|turn|8
|
|t:|1743934891
|-terastallize|p2a: Dragonite|Normal
|move|p2a: Dragonite|Dragon Dance|p2a: Dragonite
|-boost|p2a: Dragonite|atk|1
|-boost|p2a: Dragonite|spe|1
|move|p1a: Metagross|Knock Off|p2a: Dragonite
|-damage|p2a: Dragonite|81/100
|-enditem|p2a: Dragonite|Heavy-Duty Boots|[from] move: Knock Off|[of] p1a: Metagross
|
|upkeep
|turn|9
|
|t:|1743934901
|move|p2a: Dragonite|Dragon Dance|p2a: Dragonite
|-boost|p2a: Dragonite|atk|1
|-boost|p2a: Dragonite|spe|1
|move|p1a: Metagross|Hammer Arm|p2a: Dragonite
|-supereffective|p2a: Dragonite
|-damage|p2a: Dragonite|0 fnt
|-unboost|p1a: Metagross|spe|1
|faint|p2a: Dragonite
|
|upkeep
|
|t:|1743934907
|switch|p2a: Magnezone|Magnezone|100/100
|-item|p2a: Magnezone|Air Balloon
|turn|10
|
|t:|1743934925
|move|p2a: Magnezone|Volt Switch|p1a: Metagross
|-damage|p1a: Metagross|0 fnt
|faint|p1a: Metagross
|
|t:|1743934940
|switch|p2a: Iron Valiant|Iron Valiant|100/100|[from] Volt Switch
|-enditem|p2a: Iron Valiant|Booster Energy
|-activate|p2a: Iron Valiant|ability: Quark Drive|[fromitem]
|-start|p2a: Iron Valiant|quarkdrivespe
|
|upkeep
|
|t:|1743934948
|switch|p1a: Steaming|Weezing-Galar, F|100/100
|-damage|p1a: Steaming|88/100|[from] Stealth Rock
|turn|11
|
|t:|1743934960
|-end|p2a: Iron Valiant|Quark Drive|[silent]
|switch|p2a: Magnezone|Magnezone|100/100
|-item|p2a: Magnezone|Air Balloon
|move|p1a: Steaming|Will-O-Wisp|p2a: Magnezone
|-status|p2a: Magnezone|brn
|
|-damage|p2a: Magnezone|94/100 brn|[from] brn
|upkeep
|turn|12
|
|t:|1743934979
|switch|p1a: Tauros|Tauros-Paldea-Blaze, M|100/100
|-damage|p1a: Tauros|88/100|[from] Stealth Rock
|-ability|p1a: Tauros|Intimidate|boost
|-unboost|p2a: Magnezone|atk|1
|move|p2a: Magnezone|Flash Cannon|p1a: Tauros
|-resisted|p1a: Tauros
|-crit|p1a: Tauros
|-damage|p1a: Tauros|34/100
|
|-damage|p2a: Magnezone|88/100 brn|[from] brn
|upkeep
|turn|13
|
|t:|1743934997
|switch|p2a: Kingambit|Kingambit, F|100/100
|-activate|p2a: Kingambit|ability: Supreme Overlord
|-start|p2a: Kingambit|fallen3|[silent]
|move|p1a: Tauros|Flame Charge|p2a: Kingambit
|-supereffective|p2a: Kingambit
|-damage|p2a: Kingambit|54/100
|-boost|p1a: Tauros|spe|1
|
|upkeep
|turn|14
|
|t:|1743935010
|move|p2a: Kingambit|Sucker Punch|p1a: Tauros
|-resisted|p1a: Tauros
|-damage|p1a: Tauros|0 fnt
|faint|p1a: Tauros
|
|upkeep
|
|t:|1743935018
|switch|p1a: Steaming|Weezing-Galar, F|88/100
|-damage|p1a: Steaming|75/100|[from] Stealth Rock
|turn|15
|
|t:|1743935024
|move|p2a: Kingambit|Kowtow Cleave|p1a: Steaming
|-resisted|p1a: Steaming
|-damage|p1a: Steaming|40/100
|move|p1a: Steaming|Will-O-Wisp|p2a: Kingambit
|-status|p2a: Kingambit|brn
|
|-damage|p2a: Kingambit|48/100 brn|[from] brn
|upkeep
|turn|16
|
|t:|1743935037
|move|p2a: Kingambit|Kowtow Cleave|p1a: Steaming
|-resisted|p1a: Steaming
|-damage|p1a: Steaming|23/100
|-enditem|p1a: Steaming|Aguav Berry|[eat]
|-heal|p1a: Steaming|56/100|[from] item: Aguav Berry
|move|p1a: Steaming|Fire Blast|p2a: Kingambit
|-supereffective|p2a: Kingambit
|-damage|p2a: Kingambit|0 fnt
|faint|p2a: Kingambit
|-end|p2a: Kingambit|fallen3|[silent]
|
|upkeep
|
|t:|1743935044
|switch|p2a: Magnezone|Magnezone|88/100 brn
|-item|p2a: Magnezone|Air Balloon
|turn|17
|
|t:|1743935059
|-terastallize|p1a: Steaming|Fire
|move|p2a: Magnezone|Flash Cannon|p1a: Steaming
|-resisted|p1a: Steaming
|-damage|p1a: Steaming|35/100
|move|p1a: Steaming|Fire Blast|p2a: Magnezone
|-supereffective|p2a: Magnezone
|-damage|p2a: Magnezone|4/100 brn
|-enditem|p2a: Magnezone|Air Balloon
|
|-damage|p2a: Magnezone|0 fnt|[from] brn
|faint|p2a: Magnezone
|upkeep
|
|t:|1743935065
|switch|p2a: Iron Valiant|Iron Valiant|100/100
|turn|18
|
|t:|1743935078
|move|p2a: Iron Valiant|Aura Sphere|p1a: Steaming
|-damage|p1a: Steaming|0 fnt
|faint|p1a: Steaming
|
|upkeep
|
|t:|1743935087
|switch|p1a: Arboliva|Arboliva, M|100/100
|-damage|p1a: Arboliva|88/100|[from] Stealth Rock
|turn|19
|
|t:|1743935096
|move|p2a: Iron Valiant|Aura Sphere|p1a: Arboliva
|-supereffective|p1a: Arboliva
|-damage|p1a: Arboliva|19/100
|-fieldstart|move: Grassy Terrain|[from] ability: Seed Sower|[of] p1a: Arboliva
|move|p1a: Arboliva|Giga Drain|p2a: Iron Valiant
|-damage|p2a: Iron Valiant|8/100
|-heal|p1a: Arboliva|56/100|[from] drain|[of] p2a: Iron Valiant
|
|-heal|p2a: Iron Valiant|14/100|[from] Grassy Terrain
|-heal|p1a: Arboliva|63/100|[from] Grassy Terrain
|upkeep
|turn|20
|
|t:|1743935110
|move|p2a: Iron Valiant|Aura Sphere|p1a: Arboliva
|-supereffective|p1a: Arboliva
|-damage|p1a: Arboliva|0 fnt
|faint|p1a: Arboliva
|
|-heal|p2a: Iron Valiant|20/100|[from] Grassy Terrain
|upkeep
|
|t:|1743935117
|switch|p1a: Makizushi|Tatsugiri-Droopy, M|100/100
|turn|21
|
|t:|1743935122
|move|p2a: Iron Valiant|Moonblast|p1a: Makizushi
|-supereffective|p1a: Makizushi
|-damage|p1a: Makizushi|0 fnt
|faint|p1a: Makizushi
|
|win|dadwadawdwa
|raw|BenjiKong14's rating: 1123 &rarr; <strong>1102</strong><br />(-21 for losing)
|raw|dadwadawdwa's rating: 1172 &rarr; <strong>1193</strong><br />(+21 for winning)
|l|☆dadwadawdwa
|player|p2|
|l|☆BenjiKong14
|player|p1|
