|j|☆Nsnajaakak
|j|‽JustT2
|t:|1743925417
|gametype|singles
|player|p1|Nsnajaakak|policeman-gen4|1268
|player|p2|JustT2|ghetsis|1334
|teamsize|p1|6
|teamsize|p2|6
|gen|9
|tier|[Gen 9] OU
|rated|
|rule|HP Percentage Mod: HP is shown in percentages
|rule|Endless Battle Clause: Forcing endless battles is banned
|rule|Species Clause: Limit one of each Pokémon
|rule|OHKO Clause: OHKO moves are banned
|rule|Evasion Items Clause: Evasion items are banned
|rule|Evasion Moves Clause: Evasion moves are banned
|rule|Sleep Moves Clause: Sleep-inducing moves are banned
|clearpoke
|poke|p1|Darkrai|
|poke|p1|Cresselia, F|
|poke|p1|Dragonite, F|
|poke|p1|Iron Treads|
|poke|p1|Ogerpon-Wellspring, F|
|poke|p1|Slowking-Galar, F|
|poke|p2|Raging Bolt|
|poke|p2|Greninja-*, M|
|poke|p2|Barraskewda, M|
|poke|p2|Ting-Lu|
|poke|p2|Pelipper, M|
|poke|p2|Scizor, F|
|teampreview
|inactive|Battle timer is ON: inactive players will automatically lose when time's up. (requested by JustT2)
|
|t:|1743925431
|start
|switch|p1a: Iron Treads|Iron Treads|100/100
|switch|p2a: Pelipper|Pelipper, M|100/100
|-weather|RainDance|[from] ability: Drizzle|[of] p2a: Pelipper
|-enditem|p1a: Iron Treads|Booster Energy
|-activate|p1a: Iron Treads|ability: Quark Drive|[fromitem]
|-start|p1a: Iron Treads|quarkdrivespe
|turn|1
|
|t:|1743925436
|move|p1a: Iron Treads|Stealth Rock|p2a: Pelipper
|-sidestart|p2: JustT2|move: Stealth Rock
|move|p2a: Pelipper|Surf|p1a: Iron Treads
|-supereffective|p1a: Iron Treads
|-damage|p1a: Iron Treads|0 fnt
|faint|p1a: Iron Treads
|-end|p1a: Iron Treads|Quark Drive|[silent]
|
|-weather|RainDance|[upkeep]
|upkeep
|
|t:|1743925440
|switch|p1a: Darkrai|Darkrai|100/100
|turn|2
|
|t:|1743925445
|move|p1a: Darkrai|Dark Pulse|p2a: Pelipper
|-damage|p2a: Pelipper|14/100
|move|p2a: Pelipper|Hurricane|p1a: Darkrai
|-damage|p1a: Darkrai|54/100
|
|-weather|RainDance|[upkeep]
|upkeep
|turn|3
|
|t:|1743925452
|move|p1a: Darkrai|Dark Pulse|p2a: Pelipper
|-damage|p2a: Pelipper|0 fnt
|faint|p2a: Pelipper
|
|-weather|RainDance|[upkeep]
|upkeep
|
|t:|1743925457
|switch|p2a: Greninja|Greninja, M|100/100
|-damage|p2a: Greninja|88/100|[from] Stealth Rock
|turn|4
|
|t:|1743925466
|switch|p1a: Dragonite|Dragonite, F|100/100
|move|p2a: Greninja|Ice Beam|p1a: Dragonite
|-supereffective|p1a: Dragonite
|-damage|p1a: Dragonite|36/100
|-damage|p2a: Greninja|78/100|[from] item: Life Orb
|
|-weather|RainDance|[upkeep]
|upkeep
|turn|5
|
|t:|1743925474
|move|p1a: Dragonite|Extreme Speed|p2a: Greninja
|-damage|p2a: Greninja|27/100
|move|p2a: Greninja|Ice Beam|p1a: Dragonite
|-supereffective|p1a: Dragonite
|-damage|p1a: Dragonite|0 fnt
|faint|p1a: Dragonite
|-ability|p2a: Greninja|Battle Bond|boost
|-boost|p2a: Greninja|atk|1
|-boost|p2a: Greninja|spa|1
|-boost|p2a: Greninja|spe|1
|-activate|p2a: Greninja|ability: Battle Bond
|-damage|p2a: Greninja|17/100|[from] item: Life Orb
|
|-weather|RainDance|[upkeep]
|upkeep
|
|t:|1743925485
|switch|p1a: Ogerpon|Ogerpon-Wellspring, F|100/100
|turn|6
|
|t:|1743925490
|move|p2a: Greninja|Dark Pulse|p1a: Ogerpon
|-damage|p1a: Ogerpon|19/100
|-damage|p2a: Greninja|7/100|[from] item: Life Orb
|move|p1a: Ogerpon|Power Whip|p2a: Greninja
|-supereffective|p2a: Greninja
|-damage|p2a: Greninja|0 fnt
|faint|p2a: Greninja
|
|-weather|RainDance|[upkeep]
|upkeep
|-message|JustT2 forfeited.
|
|win|Nsnajaakak
|raw|Nsnajaakak's rating: 1268 &rarr; <strong>1298</strong><br />(+30 for winning)
|raw|JustT2's rating: 1334 &rarr; <strong>1310</strong><br />(-24 for losing)
|l|‽JustT2
|player|p2|
