|j|☆KalebsShizz
|j|☆LostInTheTallGrass
|t:|1743794376
|gametype|singles
|player|p1|KalebsShizz|skyla|1226
|player|p2|LostInTheTallGrass|hiker-gen4|1245
|teamsize|p1|6
|teamsize|p2|6
|gen|9
|tier|[Gen 9] OU
|rated|
|rule|HP Percentage Mod: HP is shown in percentages
|rule|Endless Battle Clause: Forcing endless battles is banned
|rule|Species Clause: Limit one of each Pokémon
|rule|OHKO Clause: OHKO moves are banned
|rule|Evasion Items Clause: Evasion items are banned
|rule|Evasion Moves Clause: Evasion moves are banned
|rule|Sleep Moves Clause: Sleep-inducing moves are banned
|clearpoke
|poke|p1|Squawkabilly-Blue, M|
|poke|p1|Spidops, M|
|poke|p1|Typhlosion-Hisui, F|
|poke|p1|Iron Treads|
|poke|p1|Volcanion|
|poke|p1|Salamence, F|
|poke|p2|Slowking-Galar, F|
|poke|p2|Kyurem|
|poke|p2|Blissey, F|
|poke|p2|Gliscor, F|
|poke|p2|Corviknight, F|
|poke|p2|Clefable, F|
|teampreview
|inactive|Battle timer is ON: inactive players will automatically lose when time's up. (requested by LostInTheTallGrass)
|
|t:|1743794395
|start
|switch|p1a: Volcanion|Volcanion|100/100
|switch|p2a: Slowking|Slowking-Galar, F|100/100
|turn|1
|
|t:|1743794400
|move|p1a: Volcanion|Earth Power|p2a: Slowking
|-supereffective|p2a: Slowking
|-damage|p2a: Slowking|60/100
|-prepare|p2a: Slowking|Chilly Reception|[premajor]
|move|p2a: Slowking|Chilly Reception|p2a: Slowking
|-weather|Snowscape
|
|t:|1743794403
|switch|p2a: Kyurem|Kyurem|100/100|[from] Chilly Reception
|-ability|p2a: Kyurem|Pressure
|
|-weather|Snowscape|[upkeep]
|upkeep
|turn|2
|
|t:|1743794408
|move|p2a: Kyurem|Freeze-Dry|p1a: Volcanion
|-damage|p1a: Volcanion|79/100
|-status|p1a: Volcanion|frz
|-curestatus|p1a: Volcanion|frz|[from] move: Steam Eruption
|move|p1a: Volcanion|Steam Eruption|p2a: Kyurem
|-resisted|p2a: Kyurem
|-damage|p2a: Kyurem|74/100
|-status|p2a: Kyurem|brn
|
|-weather|Snowscape|[upkeep]
|-heal|p2a: Kyurem|80/100 brn|[from] item: Leftovers
|-damage|p2a: Kyurem|74/100 brn|[from] brn
|upkeep
|turn|3
|
|t:|1743794426
|switch|p1a: Spidops|Spidops, M|100/100
|move|p2a: Kyurem|Dragon Tail|p1a: Spidops
|-damage|p1a: Spidops|85/100
|drag|p1a: Typhlosion|Typhlosion-Hisui, F|100/100
|
|-weather|Snowscape|[upkeep]
|-heal|p2a: Kyurem|80/100 brn|[from] item: Leftovers
|-damage|p2a: Kyurem|74/100 brn|[from] brn
|upkeep
|turn|4
|
|t:|1743794435
|move|p1a: Typhlosion|Eruption|p2a: Kyurem
|-damage|p2a: Kyurem|2/100 brn
|move|p2a: Kyurem|Dragon Claw|p1a: Typhlosion
|-damage|p1a: Typhlosion|77/100
|
|-weather|Snowscape|[upkeep]
|-heal|p2a: Kyurem|8/100 brn|[from] item: Leftovers
|-damage|p2a: Kyurem|2/100 brn|[from] brn
|upkeep
|turn|5
|
|t:|1743794445
|switch|p2a: Blissey|Blissey, F|100/100
|move|p1a: Typhlosion|Eruption|p2a: Blissey
|-damage|p2a: Blissey|85/100
|
|-weather|none
|upkeep
|turn|6
|
|t:|1743794450
|switch|p1a: Spidops|Spidops, M|85/100
|move|p2a: Blissey|Shadow Ball|p1a: Spidops
|-damage|p1a: Spidops|66/100
|
|upkeep
|turn|7
|
|t:|1743794455
|switch|p2a: Clefable|Clefable, F|100/100
|move|p1a: Spidops|Sticky Web|p2a: Clefable
|-sidestart|p2: LostInTheTallGrass|move: Sticky Web
|
|upkeep
|turn|8
|
|t:|1743794459
|move|p2a: Clefable|Wish|p2a: Clefable
|move|p1a: Spidops|Knock Off|p2a: Clefable
|-resisted|p2a: Clefable
|-damage|p2a: Clefable|88/100
|-enditem|p2a: Clefable|Heavy-Duty Boots|[from] move: Knock Off|[of] p1a: Spidops
|
|upkeep
|turn|9
|
|t:|1743794464
|move|p2a: Clefable|Moonblast|p1a: Spidops
|-damage|p1a: Spidops|26/100
|move|p1a: Spidops|Spikes|p2a: Clefable
|-sidestart|p2: LostInTheTallGrass|Spikes
|
|-heal|p2a: Clefable|100/100|[from] move: Wish|[wisher] Clefable
|upkeep
|turn|10
|
|t:|1743794471
|switch|p2a: Corviknight|Corviknight, F|100/100
|-ability|p2a: Corviknight|Pressure
|move|p1a: Spidops|Spikes|p2a: Corviknight
|-sidestart|p2: LostInTheTallGrass|Spikes
|
|upkeep
|turn|11
|
|t:|1743794474
|move|p2a: Corviknight|Defog|p1a: Spidops
|-unboost|p1a: Spidops|evasion|1
|-sideend|p2: LostInTheTallGrass|Spikes|[from] move: Defog|[of] p2a: Corviknight
|-sideend|p2: LostInTheTallGrass|Sticky Web|[from] move: Defog|[of] p2a: Corviknight
|move|p1a: Spidops|Knock Off|p2a: Corviknight
|-damage|p2a: Corviknight|83/100
|-damage|p1a: Spidops|9/100|[from] item: Rocky Helmet|[of] p2a: Corviknight
|-enditem|p2a: Corviknight|Rocky Helmet|[from] move: Knock Off|[of] p1a: Spidops
|
|upkeep
|turn|12
|
|t:|1743794476
|move|p2a: Corviknight|Body Press|p1a: Spidops
|-resisted|p1a: Spidops
|-damage|p1a: Spidops|0 fnt
|faint|p1a: Spidops
|
|upkeep
|
|t:|1743794478
|switch|p1a: Volcanion|Volcanion|79/100
|turn|13
|
|t:|1743794482
|switch|p2a: Blissey|Blissey, F|85/100
|move|p1a: Volcanion|Sludge Bomb|p2a: Blissey
|-damage|p2a: Blissey|75/100
|
|upkeep
|turn|14
|
|t:|1743794485
|move|p1a: Volcanion|Sludge Bomb|p2a: Blissey
|-damage|p2a: Blissey|65/100
|move|p2a: Blissey|Calm Mind|p2a: Blissey
|-boost|p2a: Blissey|spa|1
|-boost|p2a: Blissey|spd|1
|
|upkeep
|turn|15
|
|t:|1743794488
|move|p1a: Volcanion|Sludge Bomb|p2a: Blissey
|-damage|p2a: Blissey|59/100
|move|p2a: Blissey|Shadow Ball|p1a: Volcanion
|-damage|p1a: Volcanion|65/100
|
|upkeep
|turn|16
|
|t:|1743794492
|move|p1a: Volcanion|Sludge Bomb|p2a: Blissey
|-damage|p2a: Blissey|52/100
|move|p2a: Blissey|Soft-Boiled|p2a: Blissey
|-heal|p2a: Blissey|100/100
|
|upkeep
|turn|17
|l|☆KalebsShizz
|inactive|KalebsShizz disconnected and has a minute to reconnect!
|player|p1|
|inactive|KalebsShizz has 30 seconds to reconnect!
|inactive|KalebsShizz has 20 seconds to reconnect!
|inactive|KalebsShizz has 15 seconds to reconnect!
|inactive|KalebsShizz has 10 seconds to reconnect!
|inactive|KalebsShizz has 5 seconds to reconnect!
|-message|KalebsShizz lost due to inactivity.
|
|win|LostInTheTallGrass
|raw|KalebsShizz's rating: 1226 &rarr; <strong>1202</strong><br />(-24 for losing)
|raw|LostInTheTallGrass's rating: 1245 &rarr; <strong>1269</strong><br />(+24 for winning)
|l|☆LostInTheTallGrass
|player|p2|
