|j|‽Wester II
|j|☆SpaghettiFreak
|t:|1743825975
|gametype|singles
|player|p1|Wester II|101|1459
|player|p2|SpaghettiFreak|2|1464
|teamsize|p1|6
|teamsize|p2|6
|gen|9
|tier|[Gen 9] OU
|rated|
|rule|HP Percentage Mod: HP is shown in percentages
|rule|Endless Battle Clause: Forcing endless battles is banned
|rule|Species Clause: Limit one of each Pokémon
|rule|OHKO Clause: OHKO moves are banned
|rule|Evasion Items Clause: Evasion items are banned
|rule|Evasion Moves Clause: Evasion moves are banned
|rule|Sleep Moves Clause: Sleep-inducing moves are banned
|clearpoke
|poke|p1|Iron Valiant|
|poke|p1|Iron Moth|
|poke|p1|Kingambit, F|
|poke|p1|Pecharunt|
|poke|p1|Zamazenta-*|
|poke|p1|Landorus-Therian, M|
|poke|p2|Dragapult, F|
|poke|p2|Clefable, F|
|poke|p2|Kingambit, M|
|poke|p2|Moltres|
|poke|p2|Ogerpon-Wellspring, F|
|poke|p2|Slowking-Galar, F|
|teampreview
|inactive|Battle timer is ON: inactive players will automatically lose when time's up. (requested by Wester II)
|
|t:|1743825994
|start
|switch|p1a: Landorus|Landorus-Therian, M|100/100
|switch|p2a: Ogerpon|Ogerpon-Wellspring, F|100/100
|-ability|p1a: Landorus|Intimidate|boost
|-unboost|p2a: Ogerpon|atk|1
|turn|1
|
|t:|1743826003
|switch|p1a: Pecharunt|Pecharunt|100/100
|move|p2a: Ogerpon|Ivy Cudgel|p1a: Pecharunt|[anim] Ivy Cudgel Water
|-damage|p1a: Pecharunt|78/100
|
|-heal|p1a: Pecharunt|84/100|[from] item: Leftovers
|upkeep
|turn|2
|
|t:|1743826010
|switch|p2a: Kingambit|Kingambit, M|100/100
|move|p1a: Pecharunt|Malignant Chain|p2a: Kingambit
|-immune|p2a: Kingambit
|
|-heal|p1a: Pecharunt|90/100|[from] item: Leftovers
|upkeep
|turn|3
|
|t:|1743826016
|switch|p1a: Landorus|Landorus-Therian, M|100/100
|-ability|p1a: Landorus|Intimidate|boost
|-unboost|p2a: Kingambit|atk|1
|move|p2a: Kingambit|Iron Head|p1a: Landorus
|-damage|p1a: Landorus|71/100
|-damage|p2a: Kingambit|84/100|[from] item: Rocky Helmet|[of] p1a: Landorus
|
|-heal|p2a: Kingambit|90/100|[from] item: Leftovers
|upkeep
|turn|4
|
|t:|1743826025
|-end|p2a: Kingambit|fallenundefined|[silent]
|switch|p2a: Moltres|Moltres|100/100
|move|p1a: Landorus|Stealth Rock|p2a: Moltres
|-sidestart|p2: SpaghettiFreak|move: Stealth Rock
|
|upkeep
|turn|5
|
|t:|1743826029
|switch|p1a: Pecharunt|Pecharunt|90/100
|move|p2a: Moltres|Flamethrower|p1a: Pecharunt
|-damage|p1a: Pecharunt|54/100
|
|-heal|p1a: Pecharunt|60/100|[from] item: Leftovers
|upkeep
|turn|6
|
|t:|1743826036
|move|p1a: Pecharunt|Malignant Chain|p2a: Moltres
|-damage|p2a: Moltres|70/100
|move|p2a: Moltres|U-turn|p1a: Pecharunt
|-resisted|p1a: Pecharunt
|-damage|p1a: Pecharunt|58/100
|
|t:|1743826054
|switch|p2a: Kingambit|Kingambit, M|90/100|[from] U-turn
|-damage|p2a: Kingambit|84/100|[from] Stealth Rock
|
|-heal|p1a: Pecharunt|64/100|[from] item: Leftovers
|-heal|p2a: Kingambit|90/100|[from] item: Leftovers
|upkeep
|turn|7
|
|t:|1743826061
|switch|p1a: Landorus|Landorus-Therian, M|71/100
|-ability|p1a: Landorus|Intimidate|boost
|-unboost|p2a: Kingambit|atk|1
|move|p2a: Kingambit|Iron Head|p1a: Landorus
|-damage|p1a: Landorus|40/100
|-damage|p2a: Kingambit|74/100|[from] item: Rocky Helmet|[of] p1a: Landorus
|
|-heal|p2a: Kingambit|80/100|[from] item: Leftovers
|upkeep
|turn|8
|
|t:|1743826069
|-end|p2a: Kingambit|fallenundefined|[silent]
|switch|p2a: Moltres|Moltres|70/100
|move|p1a: Landorus|U-turn|p2a: Moltres
|-resisted|p2a: Moltres
|-damage|p2a: Moltres|66/100
|
|t:|1743826078
|switch|p1a: Pecharunt|Pecharunt|64/100|[from] U-turn
|
|-heal|p1a: Pecharunt|70/100|[from] item: Leftovers
|upkeep
|turn|9
|
|t:|1743826083
|switch|p1a: Zamazenta|Zamazenta|100/100
|-ability|p1a: Zamazenta|Dauntless Shield|boost
|-boost|p1a: Zamazenta|def|1
|move|p2a: Moltres|Roost|p2a: Moltres
|-heal|p2a: Moltres|100/100
|-singleturn|p2a: Moltres|move: Roost
|
|upkeep
|turn|10
|
|t:|1743826099
|switch|p1a: Pecharunt|Pecharunt|70/100
|switch|p2a: Slowking|Slowking-Galar, F|100/100
|-damage|p2a: Slowking|88/100|[from] Stealth Rock
|
|-heal|p1a: Pecharunt|76/100|[from] item: Leftovers
|upkeep
|turn|11
|
|t:|1743826108
|move|p1a: Pecharunt|Shadow Ball|p2a: Slowking
|-supereffective|p2a: Slowking
|-damage|p2a: Slowking|64/100
|-unboost|p2a: Slowking|spd|1
|move|p2a: Slowking|Future Sight|p1a: Pecharunt
|-start|p2a: Slowking|move: Future Sight
|
|-heal|p1a: Pecharunt|82/100|[from] item: Leftovers
|upkeep
|turn|12
|
|t:|1743826121
|switch|p1a: Kingambit|Kingambit, F|100/100
|move|p2a: Slowking|Flamethrower|p1a: Kingambit
|-supereffective|p1a: Kingambit
|-damage|p1a: Kingambit|61/100
|
|-heal|p1a: Kingambit|67/100|[from] item: Leftovers
|upkeep
|turn|13
|
|t:|1743826131
|switch|p2a: Moltres|Moltres|100/100
|move|p1a: Kingambit|Kowtow Cleave|p2a: Moltres
|-damage|p2a: Moltres|64/100
|
|-end|p1a: Kingambit|move: Future Sight
|-immune|p1a: Kingambit
|-heal|p1a: Kingambit|73/100|[from] item: Leftovers
|upkeep
|turn|14
|
|t:|1743826139
|-end|p1a: Kingambit|fallenundefined|[silent]
|switch|p1a: Landorus|Landorus-Therian, M|40/100
|-ability|p1a: Landorus|Intimidate|boost
|-unboost|p2a: Moltres|atk|1
|move|p2a: Moltres|Flamethrower|p1a: Landorus
|-damage|p1a: Landorus|0 fnt
|faint|p1a: Landorus
|
|upkeep
|
|t:|1743826157
|switch|p1a: Iron Valiant|Iron Valiant|100/100
|-enditem|p1a: Iron Valiant|Booster Energy
|-activate|p1a: Iron Valiant|ability: Quark Drive|[fromitem]
|-start|p1a: Iron Valiant|quarkdrivespe
|turn|15
|
|t:|1743826162
|move|p1a: Iron Valiant|Calm Mind|p1a: Iron Valiant
|-boost|p1a: Iron Valiant|spa|1
|-boost|p1a: Iron Valiant|spd|1
|move|p2a: Moltres|Brave Bird|p1a: Iron Valiant
|-supereffective|p1a: Iron Valiant
|-damage|p1a: Iron Valiant|29/100
|-damage|p2a: Moltres|47/100|[from] Recoil
|
|upkeep
|turn|16
|
|t:|1743826174
|move|p1a: Iron Valiant|Shadow Ball|p2a: Moltres
|-damage|p2a: Moltres|7/100
|move|p2a: Moltres|Brave Bird|p1a: Iron Valiant
|-supereffective|p1a: Iron Valiant
|-damage|p1a: Iron Valiant|0 fnt
|faint|p1a: Iron Valiant
|-end|p1a: Iron Valiant|Quark Drive|[silent]
|-damage|p2a: Moltres|0 fnt|[from] Recoil
|faint|p2a: Moltres
|
|upkeep
|
|t:|1743826187
|switch|p1a: Zamazenta|Zamazenta|100/100
|switch|p2a: Dragapult|Dragapult, F|100/100
|turn|17
|
|t:|1743826192
|move|p2a: Dragapult|Thunder Wave|p1a: Zamazenta
|-status|p1a: Zamazenta|par
|move|p1a: Zamazenta|Crunch|p2a: Dragapult
|-supereffective|p2a: Dragapult
|-damage|p2a: Dragapult|46/100
|
|upkeep
|turn|18
|
|t:|1743826198
|move|p2a: Dragapult|U-turn|p1a: Zamazenta
|-resisted|p1a: Zamazenta
|-damage|p1a: Zamazenta|91/100 par
|
|t:|1743826200
|switch|p2a: Clefable|Clefable, F|100/100|[from] U-turn
|move|p1a: Zamazenta|Iron Defense|p1a: Zamazenta
|-boost|p1a: Zamazenta|def|2
|
|-heal|p1a: Zamazenta|97/100 par|[from] item: Leftovers
|upkeep
|turn|19
|
|t:|1743826209
|move|p2a: Clefable|Knock Off|p1a: Zamazenta
|-resisted|p1a: Zamazenta
|-damage|p1a: Zamazenta|91/100 par
|-enditem|p1a: Zamazenta|Leftovers|[from] move: Knock Off|[of] p2a: Clefable
|move|p1a: Zamazenta|Roar|p2a: Clefable
|drag|p2a: Slowking|Slowking-Galar, F|97/100
|-damage|p2a: Slowking|85/100|[from] Stealth Rock
|
|upkeep
|turn|20
|
|t:|1743826217
|move|p1a: Zamazenta|Crunch|p2a: Slowking
|-supereffective|p2a: Slowking
|-damage|p2a: Slowking|50/100
|move|p2a: Slowking|Future Sight|p1a: Zamazenta
|-start|p2a: Slowking|move: Future Sight
|
|upkeep
|turn|21
|
|t:|1743826227
|switch|p1a: Pecharunt|Pecharunt|82/100
|switch|p2a: Clefable|Clefable, F|100/100
|
|-heal|p1a: Pecharunt|88/100|[from] item: Leftovers
|upkeep
|turn|22
|
|t:|1743826236
|move|p1a: Pecharunt|Shadow Ball|p2a: Clefable
|-damage|p2a: Clefable|80/100
|move|p2a: Clefable|Knock Off|p1a: Pecharunt
|-supereffective|p1a: Pecharunt
|-damage|p1a: Pecharunt|72/100
|-enditem|p1a: Pecharunt|Leftovers|[from] move: Knock Off|[of] p2a: Clefable
|
|-end|p1a: Pecharunt|move: Future Sight
|-supereffective|p1a: Pecharunt
|-damage|p1a: Pecharunt|0 fnt
|faint|p1a: Pecharunt
|upkeep
|
|t:|1743826241
|switch|p1a: Iron Moth|Iron Moth|100/100
|-enditem|p1a: Iron Moth|Booster Energy
|-activate|p1a: Iron Moth|ability: Quark Drive|[fromitem]
|-start|p1a: Iron Moth|quarkdrivespe
|turn|23
|
|t:|1743826256
|move|p1a: Iron Moth|Fiery Dance|p2a: Clefable
|-damage|p2a: Clefable|47/100
|move|p2a: Clefable|Stealth Rock|p1a: Iron Moth
|-sidestart|p1: Wester II|move: Stealth Rock
|
|upkeep
|turn|24
|
|t:|1743826261
|move|p1a: Iron Moth|Fiery Dance|p2a: Clefable
|-crit|p2a: Clefable
|-damage|p2a: Clefable|0 fnt
|-boost|p1a: Iron Moth|spa|1
|faint|p2a: Clefable
|
|upkeep
|
|t:|1743826266
|switch|p2a: Ogerpon|Ogerpon-Wellspring, F|100/100
|-damage|p2a: Ogerpon|88/100|[from] Stealth Rock
|turn|25
|
|t:|1743826271
|-terastallize|p2a: Ogerpon|Water
|detailschange|p2a: Ogerpon|Ogerpon-Wellspring-Tera, F, tera:Water
|-ability|p2a: Ogerpon|Embody Aspect (Wellspring)|boost
|-boost|p2a: Ogerpon|spd|1
|move|p1a: Iron Moth|Sludge Wave|p2a: Ogerpon
|-damage|p2a: Ogerpon|30/100
|move|p2a: Ogerpon|Ivy Cudgel|p1a: Iron Moth|[anim] Ivy Cudgel Water
|-supereffective|p1a: Iron Moth
|-damage|p1a: Iron Moth|0 fnt
|faint|p1a: Iron Moth
|-end|p1a: Iron Moth|Quark Drive|[silent]
|
|upkeep
|
|t:|1743826288
|switch|p1a: Kingambit|Kingambit, F|73/100
|-damage|p1a: Kingambit|67/100|[from] Stealth Rock
|-activate|p1a: Kingambit|ability: Supreme Overlord
|-start|p1a: Kingambit|fallen4|[silent]
|turn|26
|
|t:|1743826296
|move|p1a: Kingambit|Sucker Punch|p2a: Ogerpon
|-damage|p2a: Ogerpon|0 fnt
|faint|p2a: Ogerpon
|
|-heal|p1a: Kingambit|73/100|[from] item: Leftovers
|upkeep
|
|t:|1743826299
|switch|p2a: Kingambit|Kingambit, M|80/100
|-damage|p2a: Kingambit|74/100|[from] Stealth Rock
|-activate|p2a: Kingambit|ability: Supreme Overlord
|-start|p2a: Kingambit|fallen3|[silent]
|turn|27
|
|t:|1743826307
|-end|p1a: Kingambit|fallen4|[silent]
|switch|p1a: Zamazenta|Zamazenta|91/100 par
|-damage|p1a: Zamazenta|85/100 par|[from] Stealth Rock
|move|p2a: Kingambit|Swords Dance|p2a: Kingambit
|-boost|p2a: Kingambit|atk|2
|
|-heal|p2a: Kingambit|80/100|[from] item: Leftovers
|upkeep
|turn|28
|
|t:|1743826312
|-end|p2a: Kingambit|fallen3|[silent]
|switch|p2a: Slowking|Slowking-Galar, F|83/100
|-damage|p2a: Slowking|71/100|[from] Stealth Rock
|move|p1a: Zamazenta|Body Press|p2a: Slowking
|-resisted|p2a: Slowking
|-damage|p2a: Slowking|65/100
|
|upkeep
|turn|29
|
|t:|1743826318
|move|p1a: Zamazenta|Iron Defense|p1a: Zamazenta
|-boost|p1a: Zamazenta|def|2
|move|p2a: Slowking|Future Sight|p1a: Zamazenta
|-start|p2a: Slowking|move: Future Sight
|
|upkeep
|turn|30
|
|t:|1743826323
|move|p1a: Zamazenta|Crunch|p2a: Slowking
|-supereffective|p2a: Slowking
|-damage|p2a: Slowking|32/100
|move|p2a: Slowking|Sludge Bomb|p1a: Zamazenta
|-damage|p1a: Zamazenta|56/100 par
|
|upkeep
|turn|31
|
|t:|1743826331
|cant|p1a: Zamazenta|par
|move|p2a: Slowking|Flamethrower|p1a: Zamazenta
|-crit|p1a: Zamazenta
|-damage|p1a: Zamazenta|28/100 par
|
|-end|p1a: Zamazenta|move: Future Sight
|-supereffective|p1a: Zamazenta
|-damage|p1a: Zamazenta|0 fnt
|faint|p1a: Zamazenta
|upkeep
|
|t:|1743826333
|switch|p1a: Kingambit|Kingambit, F|73/100
|-damage|p1a: Kingambit|67/100|[from] Stealth Rock
|-activate|p1a: Kingambit|ability: Supreme Overlord
|-start|p1a: Kingambit|fallen5|[silent]
|turn|32
|
|t:|1743826337
|move|p1a: Kingambit|Swords Dance|p1a: Kingambit
|-boost|p1a: Kingambit|atk|2
|move|p2a: Slowking|Flamethrower|p1a: Kingambit
|-supereffective|p1a: Kingambit
|-damage|p1a: Kingambit|25/100
|
|-heal|p1a: Kingambit|32/100|[from] item: Leftovers
|upkeep
|turn|33
|
|t:|1743826348
|move|p1a: Kingambit|Kowtow Cleave|p2a: Slowking
|-supereffective|p2a: Slowking
|-damage|p2a: Slowking|0 fnt
|faint|p2a: Slowking
|
|-heal|p1a: Kingambit|38/100|[from] item: Leftovers
|upkeep
|
|t:|1743826351
|switch|p2a: Kingambit|Kingambit, M|80/100
|-damage|p2a: Kingambit|74/100|[from] Stealth Rock
|-activate|p2a: Kingambit|ability: Supreme Overlord
|-start|p2a: Kingambit|fallen4|[silent]
|turn|34
|
|t:|1743826355
|move|p1a: Kingambit|Sucker Punch|p2a: Kingambit
|-resisted|p2a: Kingambit
|-damage|p2a: Kingambit|27/100
|move|p2a: Kingambit|Iron Head|p1a: Kingambit
|-resisted|p1a: Kingambit
|-damage|p1a: Kingambit|14/100
|
|-heal|p2a: Kingambit|34/100|[from] item: Leftovers
|-heal|p1a: Kingambit|20/100|[from] item: Leftovers
|upkeep
|turn|35
|
|t:|1743826360
|move|p1a: Kingambit|Sucker Punch||[still]
|-fail|p1a: Kingambit
|move|p2a: Kingambit|Swords Dance|p2a: Kingambit
|-boost|p2a: Kingambit|atk|2
|
|-heal|p2a: Kingambit|40/100|[from] item: Leftovers
|-heal|p1a: Kingambit|26/100|[from] item: Leftovers
|upkeep
|turn|36
|
|t:|1743826364
|move|p2a: Kingambit|Sucker Punch|p1a: Kingambit
|-resisted|p1a: Kingambit
|-damage|p1a: Kingambit|0 fnt
|faint|p1a: Kingambit
|-end|p1a: Kingambit|fallen5|[silent]
|
|win|SpaghettiFreak
|raw|Wester II's rating: 1459 &rarr; <strong>1439</strong><br />(-20 for losing)
|raw|SpaghettiFreak's rating: 1464 &rarr; <strong>1484</strong><br />(+20 for winning)
|l|☆SpaghettiFreak
|player|p2|
|l|‽Wester II
|player|p1|
