|j|☆Kidday
|j|☆sunluochen孙洛尘
|t:|1743837080
|gametype|singles
|player|p1|Kidday|psychic|1207
|player|p2|sunluochen孙洛尘|lucas|1236
|teamsize|p1|6
|teamsize|p2|6
|gen|9
|tier|[Gen 9] OU
|rated|
|rule|HP Percentage Mod: HP is shown in percentages
|rule|Endless Battle Clause: Forcing endless battles is banned
|rule|Species Clause: Limit one of each Pokémon
|rule|OHKO Clause: OHKO moves are banned
|rule|Evasion Items Clause: Evasion items are banned
|rule|Evasion Moves Clause: Evasion moves are banned
|rule|Sleep Moves Clause: Sleep-inducing moves are banned
|clearpoke
|poke|p1|Blastoise, M|
|poke|p1|Sceptile, M|
|poke|p1|Golurk|
|poke|p1|Kingambit, M|
|poke|p1|Magmortar, M|
|poke|p1|Grimmsnarl, M|
|poke|p2|Meowscarada, F|
|poke|p2|Landorus-Therian, M|
|poke|p2|Gholdengo|
|poke|p2|Glimmora, F|
|poke|p2|Garganacl, M|
|poke|p2|Dondozo, M|
|teampreview
|
|t:|1743837086
|start
|switch|p1a: Grimmsnarl|Grimmsnarl, M, shiny|100/100
|switch|p2a: Landorus|Landorus-Therian, M, shiny|100/100
|-ability|p2a: Landorus|Intimidate|boost
|-unboost|p1a: Grimmsnarl|atk|1
|turn|1
|
|t:|1743837092
|move|p1a: Grimmsnarl|Reflect|p1a: Grimmsnarl
|-sidestart|p1: Kidday|Reflect
|move|p2a: Landorus|Taunt|p1a: Grimmsnarl
|-start|p1a: Grimmsnarl|move: Taunt
|
|upkeep
|turn|2
|
|t:|1743837099
|move|p2a: Landorus|Stealth Rock|p1a: Grimmsnarl
|-sidestart|p1: Kidday|move: Stealth Rock
|move|p1a: Grimmsnarl|Spirit Break|p2a: Landorus
|-crit|p2a: Landorus
|-damage|p2a: Landorus|55/100
|-unboost|p2a: Landorus|spa|1
|-damage|p1a: Grimmsnarl|84/100|[from] item: Rocky Helmet|[of] p2a: Landorus
|
|upkeep
|turn|3
|
|t:|1743837108
|move|p2a: Landorus|U-turn|p1a: Grimmsnarl
|-damage|p1a: Grimmsnarl|74/100
|
|t:|1743837115
|switch|p2a: Meowscarada|Meowscarada, F, shiny|100/100|[from] U-turn
|move|p1a: Grimmsnarl|Spirit Break|p2a: Meowscarada
|-supereffective|p2a: Meowscarada
|-damage|p2a: Meowscarada|43/100
|-unboost|p2a: Meowscarada|spa|1
|
|upkeep
|turn|4
|
|t:|1743837127
|switch|p1a: Magmortar|Magmortar, M, shiny|100/100
|-damage|p1a: Magmortar|76/100|[from] Stealth Rock
|move|p2a: Meowscarada|Knock Off|p1a: Magmortar
|-start|p2a: Meowscarada|typechange|Dark|[from] ability: Protean
|-damage|p1a: Magmortar|28/100
|-status|p2a: Meowscarada|brn|[from] ability: Flame Body|[of] p1a: Magmortar
|-enditem|p1a: Magmortar|Assault Vest|[from] move: Knock Off|[of] p2a: Meowscarada
|
|-damage|p2a: Meowscarada|37/100 brn|[from] brn
|upkeep
|turn|5
|
|t:|1743837143
|switch|p2a: Garganacl|Garganacl, M, shiny|100/100
|move|p1a: Magmortar|Flamethrower|p2a: Garganacl
|-resisted|p2a: Garganacl
|-damage|p2a: Garganacl|79/100
|
|-heal|p2a: Garganacl|85/100|[from] item: Leftovers
|upkeep
|turn|6
|
|t:|1743837152
|move|p1a: Magmortar|Scorching Sands|p2a: Garganacl
|-supereffective|p2a: Garganacl
|-damage|p2a: Garganacl|41/100
|move|p2a: Garganacl|Salt Cure|p1a: Magmortar
|-supereffective|p1a: Magmortar
|-damage|p1a: Magmortar|8/100
|-start|p1a: Magmortar|Salt Cure
|
|-heal|p2a: Garganacl|47/100|[from] item: Leftovers
|-damage|p1a: Magmortar|0 fnt|[from] Salt Cure
|faint|p1a: Magmortar
|upkeep
|inactive|Battle timer is ON: inactive players will automatically lose when time's up. (requested by sunluochen孙洛尘)
|
|t:|1743837196
|switch|p1a: Blastoise|Blastoise, M, shiny|100/100
|-damage|p1a: Blastoise|88/100|[from] Stealth Rock
|turn|7
|
|t:|1743837201
|-terastallize|p2a: Garganacl|Ghost
|move|p1a: Blastoise|Surf|p2a: Garganacl
|-crit|p2a: Garganacl
|-damage|p2a: Garganacl|0 fnt
|faint|p2a: Garganacl
|
|upkeep
|
|t:|1743837207
|switch|p2a: Meowscarada|Meowscarada, F, shiny|37/100 brn
|turn|8
|
|t:|1743837214
|switch|p1a: Sceptile|Sceptile, M|100/100
|-damage|p1a: Sceptile|88/100|[from] Stealth Rock
|move|p2a: Meowscarada|Flower Trick|p1a: Sceptile
|-start|p2a: Meowscarada|typechange|Grass|[from] ability: Protean
|-resisted|p1a: Sceptile
|-crit|p1a: Sceptile
|-damage|p1a: Sceptile|58/100
|
|-damage|p2a: Meowscarada|31/100 brn|[from] brn
|-sideend|p1: Kidday|Reflect
|upkeep
|turn|9
|
|t:|1743837244
|switch|p2a: Gholdengo|Gholdengo, shiny|100/100
|move|p1a: Sceptile|Leaf Storm|p2a: Gholdengo
|-resisted|p2a: Gholdengo
|-damage|p2a: Gholdengo|67/100
|-unboost|p1a: Sceptile|spa|2
|-enditem|p1a: Sceptile|White Herb
|-clearnegativeboost|p1a: Sceptile|[silent]
|
|upkeep
|turn|10
|
|t:|1743837253
|-terastallize|p1a: Sceptile|Electric
|move|p1a: Sceptile|Tera Blast|p2a: Gholdengo|[anim] Tera Blast Electric
|-damage|p2a: Gholdengo|26/100
|move|p2a: Gholdengo|Make It Rain|p1a: Sceptile
|-resisted|p1a: Sceptile
|-damage|p1a: Sceptile|11/100
|-unboost|p2a: Gholdengo|spa|1
|
|upkeep
|turn|11
|
|t:|1743837269
|switch|p2a: Landorus|Landorus-Therian, M, shiny|55/100
|-ability|p2a: Landorus|Intimidate|boost
|-unboost|p1a: Sceptile|atk|1
|move|p1a: Sceptile|Tera Blast|p2a: Landorus|[anim] Tera Blast Electric
|-immune|p2a: Landorus
|
|upkeep
|turn|12
|
|t:|1743837278
|move|p1a: Sceptile|Leaf Storm|p2a: Landorus
|-damage|p2a: Landorus|0 fnt
|-unboost|p1a: Sceptile|spa|2
|faint|p2a: Landorus
|
|upkeep
|
|t:|1743837285
|switch|p2a: Meowscarada|Meowscarada, F, shiny|31/100 brn
|turn|13
|inactive|Kidday has 120 seconds left.
|
|t:|1743837316
|move|p1a: Sceptile|Tera Blast|p2a: Meowscarada|[anim] Tera Blast Electric
|-resisted|p2a: Meowscarada
|-damage|p2a: Meowscarada|17/100 brn
|move|p2a: Meowscarada|U-turn|p1a: Sceptile
|-start|p2a: Meowscarada|typechange|Bug|[from] ability: Protean
|-damage|p1a: Sceptile|0 fnt
|faint|p1a: Sceptile
|
|t:|1743837325
|switch|p2a: Glimmora|Glimmora, F, shiny|100/100|[from] U-turn
|-item|p2a: Glimmora|Air Balloon
|
|upkeep
|inactive|Kidday has 120 seconds left.
|
|t:|1743837342
|switch|p1a: Grimmsnarl|Grimmsnarl, M, shiny|74/100
|-damage|p1a: Grimmsnarl|62/100|[from] Stealth Rock
|turn|14
|
|t:|1743837348
|move|p1a: Grimmsnarl|Parting Shot|p2a: Glimmora
|-unboost|p2a: Glimmora|atk|1
|-unboost|p2a: Glimmora|spa|1
|
|t:|1743837352
|switch|p1a: Kingambit|Kingambit, M, shiny|100/100|[from] Parting Shot
|-damage|p1a: Kingambit|94/100|[from] Stealth Rock
|-activate|p1a: Kingambit|ability: Supreme Overlord
|-start|p1a: Kingambit|fallen2|[silent]
|move|p2a: Glimmora|Mortal Spin|p1a: Kingambit
|-immune|p1a: Kingambit
|
|upkeep
|turn|15
|
|t:|1743837364
|-end|p1a: Kingambit|fallen2|[silent]
|switch|p1a: Blastoise|Blastoise, M, shiny|88/100
|-damage|p1a: Blastoise|76/100|[from] Stealth Rock
|move|p2a: Glimmora|Spiky Shield||[still]
|-fail|p2a: Glimmora
|
|upkeep
|turn|16
|
|t:|1743837370
|move|p2a: Glimmora|Energy Ball|p1a: Blastoise
|-supereffective|p1a: Blastoise
|-damage|p1a: Blastoise|39/100
|move|p1a: Blastoise|Surf|p2a: Glimmora
|-supereffective|p2a: Glimmora
|-damage|p2a: Glimmora|0 fnt
|-enditem|p2a: Glimmora|Air Balloon
|faint|p2a: Glimmora
|
|upkeep
|
|t:|1743837375
|switch|p2a: Meowscarada|Meowscarada, F, shiny|17/100 brn
|turn|17
|
|t:|1743837381
|switch|p1a: Grimmsnarl|Grimmsnarl, M, shiny|62/100
|-damage|p1a: Grimmsnarl|49/100|[from] Stealth Rock
|move|p2a: Meowscarada|Flower Trick|p1a: Grimmsnarl
|-start|p2a: Meowscarada|typechange|Grass|[from] ability: Protean
|-crit|p1a: Grimmsnarl
|-damage|p1a: Grimmsnarl|18/100
|
|-damage|p2a: Meowscarada|11/100 brn|[from] brn
|upkeep
|turn|18
|c|☆Kidday|IQ
|c|☆Kidday|no poison spikes
|
|t:|1743837402
|move|p1a: Grimmsnarl|Reflect|p1a: Grimmsnarl
|-sidestart|p1: Kidday|Reflect
|move|p2a: Meowscarada|Flower Trick|p1a: Grimmsnarl
|-crit|p1a: Grimmsnarl
|-damage|p1a: Grimmsnarl|0 fnt
|faint|p1a: Grimmsnarl
|
|-damage|p2a: Meowscarada|5/100 brn|[from] brn
|upkeep
|inactive|Kidday has 120 seconds left.
|
|t:|1743837431
|switch|p1a: Kingambit|Kingambit, M, shiny|94/100
|-damage|p1a: Kingambit|88/100|[from] Stealth Rock
|-activate|p1a: Kingambit|ability: Supreme Overlord
|-start|p1a: Kingambit|fallen3|[silent]
|turn|19
|
|t:|1743837442
|switch|p2a: Dondozo|Dondozo, M, shiny|100/100
|move|p1a: Kingambit|Sucker Punch||[still]
|-fail|p1a: Kingambit
|
|upkeep
|turn|20
|
|t:|1743837452
|move|p1a: Kingambit|Iron Head|p2a: Dondozo
|-resisted|p2a: Dondozo
|-damage|p2a: Dondozo|82/100
|move|p2a: Dondozo|Earthquake|p1a: Kingambit
|-supereffective|p1a: Kingambit
|-damage|p1a: Kingambit|72/100
|-enditem|p1a: Kingambit|Weakness Policy
|-boost|p1a: Kingambit|atk|2|[from] item: Weakness Policy
|-boost|p1a: Kingambit|spa|2|[from] item: Weakness Policy
|
|upkeep
|turn|21
|
|t:|1743837465
|move|p1a: Kingambit|Kowtow Cleave|p2a: Dondozo
|-damage|p2a: Dondozo|43/100
|move|p2a: Dondozo|Earthquake|p1a: Kingambit
|-supereffective|p1a: Kingambit
|-damage|p1a: Kingambit|54/100
|
|upkeep
|turn|22
|
|t:|1743837473
|move|p1a: Kingambit|Kowtow Cleave|p2a: Dondozo
|-damage|p2a: Dondozo|2/100
|move|p2a: Dondozo|Liquidation|p1a: Kingambit
|-damage|p1a: Kingambit|42/100
|
|upkeep
|turn|23
|
|t:|1743837480
|move|p1a: Kingambit|Kowtow Cleave|p2a: Dondozo
|-damage|p2a: Dondozo|0 fnt
|faint|p2a: Dondozo
|
|upkeep
|
|t:|1743837483
|switch|p2a: Gholdengo|Gholdengo, shiny|26/100
|turn|24
|
|t:|1743837489
|move|p1a: Kingambit|Sucker Punch||[still]
|-fail|p1a: Kingambit
|move|p2a: Gholdengo|Trick|p1a: Kingambit
|-activate|p2a: Gholdengo|move: Trick|[of] p1a: Kingambit
|-item|p1a: Kingambit|Choice Scarf|[from] move: Trick
|-enditem|p2a: Gholdengo|Choice Scarf|[silent]|[from] move: Trick
|
|upkeep
|turn|25
|
|t:|1743837506
|switch|p2a: Meowscarada|Meowscarada, F, shiny|5/100 brn
|move|p1a: Kingambit|Sucker Punch||[still]
|-fail|p1a: Kingambit
|
|-damage|p2a: Meowscarada|0 fnt|[from] brn
|faint|p2a: Meowscarada
|-sideend|p1: Kidday|Reflect
|upkeep
|
|t:|1743837512
|switch|p2a: Gholdengo|Gholdengo, shiny|26/100
|turn|26
|
|t:|1743837515
|move|p1a: Kingambit|Sucker Punch||[still]
|-fail|p1a: Kingambit
|move|p2a: Gholdengo|Thunder Wave|p1a: Kingambit
|-status|p1a: Kingambit|par
|
|upkeep
|turn|27
|
|t:|1743837525
|move|p1a: Kingambit|Sucker Punch|p2a: Gholdengo
|-supereffective|p2a: Gholdengo
|-damage|p2a: Gholdengo|0 fnt
|faint|p2a: Gholdengo
|
|win|Kidday
|raw|Kidday's rating: 1207 &rarr; <strong>1234</strong><br />(+27 for winning)
|raw|sunluochen孙洛尘's rating: 1236 &rarr; <strong>1209</strong><br />(-27 for losing)
|l|☆sunluochen孙洛尘
|player|p2|
|l|☆Kidday
|player|p1|
