|j|☆Migstaper
|j|☆owl _with_scarf
|t:|1743888898
|gametype|singles
|player|p1|Migstaper|ltsurge|1577
|player|p2|owl _with_scarf|#owlwithscarf|1572
|teamsize|p1|6
|teamsize|p2|6
|gen|9
|tier|[Gen 9] OU
|rated|
|rule|HP Percentage Mod: HP is shown in percentages
|rule|Endless Battle Clause: Forcing endless battles is banned
|rule|Species Clause: Limit one of each Pokémon
|rule|OHKO Clause: OHKO moves are banned
|rule|Evasion Items Clause: Evasion items are banned
|rule|Evasion Moves Clause: Evasion moves are banned
|rule|Sleep Moves Clause: Sleep-inducing moves are banned
|clearpoke
|poke|p1|Dragapult, M|
|poke|p1|Enamorus, F|
|poke|p1|Dragonite, M|
|poke|p1|Heatran, M|
|poke|p1|Great Tusk|
|poke|p1|Kingambit, M|
|poke|p2|Hydreigon, M|
|poke|p2|Corviknight, F|
|poke|p2|Garganacl, M|
|poke|p2|Weavile, M|
|poke|p2|Zamazenta-*|
|poke|p2|Ogerpon-Wellspring, F|
|teampreview
|inactive|Battle timer is ON: inactive players will automatically lose when time's up. (requested by Migstaper)
|
|t:|1743888931
|start
|switch|p1a: Heatran|Heatran, M, shiny|100/100
|switch|p2a: Garganacl|Garganacl, M|100/100
|turn|1
|
|t:|1743888937
|move|p1a: Heatran|Flash Cannon|p2a: Garganacl
|-supereffective|p2a: Garganacl
|-damage|p2a: Garganacl|10/100
|move|p2a: Garganacl|Salt Cure|p1a: Heatran
|-damage|p1a: Heatran|90/100
|-start|p1a: Heatran|Salt Cure
|
|-heal|p1a: Heatran|96/100|[from] item: Leftovers
|-heal|p2a: Garganacl|16/100|[from] item: Leftovers
|-damage|p1a: Heatran|71/100|[from] Salt Cure
|upkeep
|turn|2
|
|t:|1743888949
|move|p2a: Garganacl|Protect|p2a: Garganacl
|-singleturn|p2a: Garganacl|Protect
|move|p1a: Heatran|Earth Power|p2a: Garganacl
|-activate|p2a: Garganacl|move: Protect
|
|-heal|p1a: Heatran|77/100|[from] item: Leftovers
|-heal|p2a: Garganacl|22/100|[from] item: Leftovers
|-damage|p1a: Heatran|52/100|[from] Salt Cure
|upkeep
|turn|3
|
|t:|1743888960
|switch|p2a: Ogerpon|Ogerpon-Wellspring, F|100/100
|move|p1a: Heatran|Flash Cannon|p2a: Ogerpon
|-resisted|p2a: Ogerpon
|-damage|p2a: Ogerpon|73/100
|
|-heal|p1a: Heatran|59/100|[from] item: Leftovers
|-damage|p1a: Heatran|34/100|[from] Salt Cure
|upkeep
|turn|4
|
|t:|1743888972
|move|p2a: Ogerpon|Spikes|p1a: Heatran
|-sidestart|p1: Migstaper|Spikes
|move|p1a: Heatran|Lava Plume|p2a: Ogerpon
|-damage|p2a: Ogerpon|16/100
|
|-heal|p1a: Heatran|40/100|[from] item: Leftovers
|-damage|p1a: Heatran|15/100|[from] Salt Cure
|upkeep
|turn|5
|
|t:|1743888981
|move|p2a: Ogerpon|Ivy Cudgel|p1a: Heatran|[anim] Ivy Cudgel Water
|-supereffective|p1a: Heatran
|-damage|p1a: Heatran|0 fnt
|faint|p1a: Heatran
|
|upkeep
|
|t:|1743888993
|switch|p1a: Dragapult|Dragapult, M, shiny|100/100
|-damage|p1a: Dragapult|88/100|[from] Spikes
|turn|6
|
|t:|1743889000
|move|p2a: Ogerpon|Spikes|p1a: Dragapult
|-sidestart|p1: Migstaper|Spikes
|move|p1a: Dragapult|Shadow Ball|p2a: Ogerpon
|-damage|p2a: Ogerpon|0 fnt
|faint|p2a: Ogerpon
|-damage|p1a: Dragapult|78/100|[from] item: Life Orb
|
|upkeep
|
|t:|1743889007
|switch|p2a: Weavile|Weavile, M|100/100
|-ability|p2a: Weavile|Pressure
|turn|7
|
|t:|1743889018
|switch|p1a: Kingambit|Kingambit, M, shiny|100/100
|-damage|p1a: Kingambit|84/100|[from] Spikes
|-activate|p1a: Kingambit|ability: Supreme Overlord
|-start|p1a: Kingambit|fallen1|[silent]
|move|p2a: Weavile|Knock Off|p1a: Kingambit
|-resisted|p1a: Kingambit
|-damage|p1a: Kingambit|68/100
|-enditem|p1a: Kingambit|Assault Vest|[from] move: Knock Off|[of] p2a: Weavile
|
|upkeep
|turn|8
|
|t:|1743889043
|switch|p2a: Zamazenta|Zamazenta|100/100
|-ability|p2a: Zamazenta|Dauntless Shield|boost
|-boost|p2a: Zamazenta|def|1
|-terastallize|p1a: Kingambit|Fairy
|move|p1a: Kingambit|Iron Head|p2a: Zamazenta
|-crit|p2a: Zamazenta
|-damage|p2a: Zamazenta|24/100
|
|upkeep
|turn|9
|
|t:|1743889054
|move|p2a: Zamazenta|Close Combat|p1a: Kingambit
|-resisted|p1a: Kingambit
|-damage|p1a: Kingambit|45/100
|-unboost|p2a: Zamazenta|def|1
|-unboost|p2a: Zamazenta|spd|1
|move|p1a: Kingambit|Low Kick|p2a: Zamazenta
|-damage|p2a: Zamazenta|0 fnt
|faint|p2a: Zamazenta
|
|upkeep
|
|t:|1743889057
|switch|p2a: Hydreigon|Hydreigon, M|100/100
|turn|10
|
|t:|1743889068
|move|p2a: Hydreigon|Flash Cannon|p1a: Kingambit
|-supereffective|p1a: Kingambit
|-damage|p1a: Kingambit|0 fnt
|faint|p1a: Kingambit
|-end|p1a: Kingambit|fallen1|[silent]
|
|upkeep
|
|t:|1743889078
|switch|p1a: Enamorus|Enamorus, F, shiny|100/100
|turn|11
|
|t:|1743889085
|-terastallize|p2a: Hydreigon|Poison
|move|p1a: Enamorus|Moonblast|p2a: Hydreigon
|-resisted|p2a: Hydreigon
|-damage|p2a: Hydreigon|70/100
|move|p2a: Hydreigon|Flash Cannon|p1a: Enamorus
|-supereffective|p1a: Enamorus
|-damage|p1a: Enamorus|27/100
|
|-heal|p2a: Hydreigon|76/100|[from] item: Leftovers
|upkeep
|turn|12
|
|t:|1743889098
|move|p1a: Enamorus|Mystical Fire|p2a: Hydreigon
|-damage|p2a: Hydreigon|40/100
|-unboost|p2a: Hydreigon|spa|1
|move|p2a: Hydreigon|Flash Cannon|p1a: Enamorus
|-supereffective|p1a: Enamorus
|-damage|p1a: Enamorus|0 fnt
|faint|p1a: Enamorus
|
|-heal|p2a: Hydreigon|46/100|[from] item: Leftovers
|upkeep
|
|t:|1743889118
|switch|p1a: Great Tusk|Great Tusk, shiny|100/100
|-damage|p1a: Great Tusk|84/100|[from] Spikes
|-enditem|p1a: Great Tusk|Booster Energy
|-activate|p1a: Great Tusk|ability: Protosynthesis|[fromitem]
|-start|p1a: Great Tusk|protosynthesisatk
|turn|13
|
|t:|1743889124
|switch|p2a: Corviknight|Corviknight, F|100/100
|-ability|p2a: Corviknight|Pressure
|move|p1a: Great Tusk|Rapid Spin|p2a: Corviknight
|-resisted|p2a: Corviknight
|-damage|p2a: Corviknight|92/100
|-boost|p1a: Great Tusk|spe|1
|-damage|p1a: Great Tusk|68/100|[from] item: Rocky Helmet|[of] p2a: Corviknight
|-sideend|p1: Migstaper|Spikes|[from] move: Rapid Spin|[of] p1a: Great Tusk
|
|upkeep
|turn|14
|
|t:|1743889134
|-end|p1a: Great Tusk|Protosynthesis|[silent]
|switch|p1a: Dragapult|Dragapult, M, shiny|78/100
|move|p2a: Corviknight|Brave Bird|p1a: Dragapult
|-damage|p1a: Dragapult|19/100
|-damage|p2a: Corviknight|76/100|[from] Recoil
|
|upkeep
|turn|15
|
|t:|1743889141
|switch|p2a: Garganacl|Garganacl, M|22/100
|move|p1a: Dragapult|Shadow Ball|p2a: Garganacl
|-damage|p2a: Garganacl|3/100
|-damage|p1a: Dragapult|10/100|[from] item: Life Orb
|
|-heal|p2a: Garganacl|9/100|[from] item: Leftovers
|upkeep
|turn|16
|
|t:|1743889152
|move|p1a: Dragapult|Shadow Ball|p2a: Garganacl
|-damage|p2a: Garganacl|0 fnt
|faint|p2a: Garganacl
|-damage|p1a: Dragapult|0 fnt|[from] item: Life Orb
|faint|p1a: Dragapult
|
|upkeep
|
|t:|1743889159
|switch|p1a: Dragonite|Dragonite, M, shiny|100/100
|switch|p2a: Weavile|Weavile, M|100/100
|-ability|p2a: Weavile|Pressure
|turn|17
|
|t:|1743889165
|move|p2a: Weavile|Triple Axel|p1a: Dragonite
|-supereffective|p1a: Dragonite
|-damage|p1a: Dragonite|79/100
|-supereffective|p1a: Dragonite
|-damage|p1a: Dragonite|0 fnt
|faint|p1a: Dragonite
|-hitcount|p1: Dragonite|2
|
|upkeep
|c|☆owl _with_scarf|gg
|
|t:|1743889173
|switch|p1a: Great Tusk|Great Tusk, shiny|68/100
|turn|18
|
|t:|1743889176
|move|p2a: Weavile|Triple Axel|p1a: Great Tusk
|-supereffective|p1a: Great Tusk
|-damage|p1a: Great Tusk|53/100
|-supereffective|p1a: Great Tusk
|-damage|p1a: Great Tusk|22/100
|-supereffective|p1a: Great Tusk
|-damage|p1a: Great Tusk|0 fnt
|faint|p1a: Great Tusk
|-end|p1a: Great Tusk|Protosynthesis|[silent]
|-hitcount|p1: Great Tusk|3
|
|win|owl _with_scarf
|raw|Migstaper's rating: 1577 &rarr; <strong>1557</strong><br />(-20 for losing)
|raw|owl _with_scarf's rating: 1572 &rarr; <strong>1592</strong><br />(+20 for winning)
|l|☆owl _with_scarf
|player|p2|
