|j|☆lebronthegoat23
|j|☆Adumbad
|t:|1743876075
|gametype|singles
|player|p1|lebronthegoat23|hilda|1381
|player|p2|Adumbad|rood|1423
|teamsize|p1|6
|teamsize|p2|6
|gen|9
|tier|[Gen 9] OU
|rated|
|rule|HP Percentage Mod: HP is shown in percentages
|rule|Endless Battle Clause: Forcing endless battles is banned
|rule|Species Clause: Limit one of each Pokémon
|rule|OHKO Clause: OHKO moves are banned
|rule|Evasion Items Clause: Evasion items are banned
|rule|Evasion Moves Clause: Evasion moves are banned
|rule|Sleep Moves Clause: Sleep-inducing moves are banned
|clearpoke
|poke|p1|Iron Valiant|
|poke|p1|Ogerpon-Wellspring, F|
|poke|p1|Dragapult, F|
|poke|p1|Iron Moth|
|poke|p1|Great Tusk|
|poke|p1|Araquanid, F|
|poke|p2|Alomomola, F|
|poke|p2|Skeledirge, M|
|poke|p2|Excadrill, F|
|poke|p2|Tyranitar, F|
|poke|p2|Primarina, F|
|poke|p2|Lokix, M|
|teampreview
|
|t:|1743876084
|start
|switch|p1a: Ogerpon|Ogerpon-Wellspring, F|100/100
|switch|p2a: Godzilla|Tyranitar, F, shiny|100/100
|-weather|Sandstorm|[from] ability: Sand Stream|[of] p2a: Godzilla
|turn|1
|
|t:|1743876089
|switch|p2a: Djura|Lokix, M|100/100
|move|p1a: Ogerpon|Swords Dance|p1a: Ogerpon
|-boost|p1a: Ogerpon|atk|2
|
|-weather|Sandstorm|[upkeep]
|-damage|p1a: Ogerpon|95/100|[from] Sandstorm
|-damage|p2a: Djura|94/100|[from] Sandstorm
|upkeep
|turn|2
|
|t:|1743876092
|switch|p1a: Great Tusk|Great Tusk|100/100
|move|p2a: Djura|First Impression|p1a: Great Tusk
|-resisted|p1a: Great Tusk
|-damage|p1a: Great Tusk|76/100
|
|-weather|Sandstorm|[upkeep]
|-damage|p2a: Djura|88/100|[from] Sandstorm
|upkeep
|turn|3
|
|t:|1743876095
|move|p2a: Djura|U-turn|p1a: Great Tusk
|-resisted|p1a: Great Tusk
|-damage|p1a: Great Tusk|59/100
|
|t:|1743876097
|switch|p2a: Joudy|Alomomola, F|100/100|[from] U-turn
|move|p1a: Great Tusk|Close Combat|p2a: Joudy
|-damage|p2a: Joudy|69/100
|-unboost|p1a: Great Tusk|def|1
|-unboost|p1a: Great Tusk|spd|1
|-damage|p1a: Great Tusk|43/100|[from] item: Rocky Helmet|[of] p2a: Joudy
|
|-weather|Sandstorm|[upkeep]
|-damage|p2a: Joudy|63/100|[from] Sandstorm
|upkeep
|turn|4
|
|t:|1743876101
|-end|p1a: Great Tusk|Protosynthesis|[silent]
|switch|p1a: Araquanid|Araquanid, F|100/100
|move|p2a: Joudy|Wish|p2a: Joudy
|
|-weather|Sandstorm|[upkeep]
|-damage|p2a: Joudy|57/100|[from] Sandstorm
|-damage|p1a: Araquanid|94/100|[from] Sandstorm
|upkeep
|turn|5
|
|t:|1743876103
|move|p2a: Joudy|Flip Turn|p1a: Araquanid
|-heal|p1a: Araquanid|100/100|[from] ability: Water Absorb|[of] p2a: Joudy
|move|p1a: Araquanid|Sticky Web|p2a: Joudy
|-sidestart|p2: Adumbad|move: Sticky Web
|
|-weather|none
|-heal|p2a: Joudy|100/100|[from] move: Wish|[wisher] Joudy
|upkeep
|turn|6
|
|t:|1743876111
|switch|p2a: Djura|Lokix, M|88/100
|move|p1a: Araquanid|Infestation|p2a: Djura
|-supereffective|p2a: Djura
|-crit|p2a: Djura
|-damage|p2a: Djura|65/100
|-activate|p2a: Djura|move: Infestation|[of] p1a: Araquanid
|
|-damage|p2a: Djura|53/100|[from] move: Infestation|[partiallytrapped]
|upkeep
|turn|7
|
|t:|1743876118
|move|p2a: Djura|Knock Off|p1a: Araquanid
|-damage|p1a: Araquanid|46/100
|-enditem|p1a: Araquanid|Focus Sash|[from] move: Knock Off|[of] p2a: Djura
|move|p1a: Araquanid|Endeavor|p2a: Djura
|-immune|p2a: Djura
|
|-damage|p2a: Djura|40/100|[from] move: Infestation|[partiallytrapped]
|upkeep
|turn|8
|
|t:|1743876124
|switch|p1a: Great Tusk|Great Tusk|43/100
|move|p2a: Djura|U-turn|p1a: Great Tusk
|-resisted|p1a: Great Tusk
|-damage|p1a: Great Tusk|25/100
|
|t:|1743876136
|switch|p2a: Joudy|Alomomola, F|100/100|[from] U-turn
|-activate|p2a: Joudy|move: Sticky Web
|-unboost|p2a: Joudy|spe|1
|
|upkeep
|turn|9
|
|t:|1743876140
|-end|p1a: Great Tusk|Protosynthesis|[silent]
|switch|p1a: Araquanid|Araquanid, F|46/100
|move|p2a: Joudy|Wish|p2a: Joudy
|
|upkeep
|turn|10
|
|t:|1743876145
|switch|p2a: Djura|Lokix, M|40/100
|move|p1a: Araquanid|Infestation|p2a: Djura
|-supereffective|p2a: Djura
|-damage|p2a: Djura|25/100
|-activate|p2a: Djura|move: Infestation|[of] p1a: Araquanid
|
|-heal|p2a: Djura|100/100|[from] move: Wish|[wisher] Joudy
|-damage|p2a: Djura|88/100|[from] move: Infestation|[partiallytrapped]
|upkeep
|turn|11
|
|t:|1743876150
|move|p2a: Djura|First Impression|p1a: Araquanid
|-crit|p1a: Araquanid
|-damage|p1a: Araquanid|0 fnt
|faint|p1a: Araquanid
|
|-end|p2a: Djura|Infestation|[partiallytrapped]|[silent]
|upkeep
|
|t:|1743876155
|switch|p1a: Dragapult|Dragapult, F|100/100
|turn|12
|
|t:|1743876160
|move|p1a: Dragapult|Will-O-Wisp|p2a: Djura
|-status|p2a: Djura|brn
|move|p2a: Djura|Knock Off|p1a: Dragapult
|-supereffective|p1a: Dragapult
|-damage|p1a: Dragapult|28/100
|-enditem|p1a: Dragapult|Heavy-Duty Boots|[from] move: Knock Off|[of] p2a: Djura
|
|-damage|p2a: Djura|82/100 brn|[from] brn
|upkeep
|turn|13
|
|t:|1743876165
|move|p2a: Djura|Sucker Punch|p1a: Dragapult
|-supereffective|p1a: Dragapult
|-damage|p1a: Dragapult|0 fnt
|faint|p1a: Dragapult
|
|-damage|p2a: Djura|76/100 brn|[from] brn
|upkeep
|
|t:|1743876183
|switch|p1a: Ogerpon|Ogerpon-Wellspring, F|95/100
|turn|14
|
|t:|1743876185
|-terastallize|p1a: Ogerpon|Water
|detailschange|p1a: Ogerpon|Ogerpon-Wellspring-Tera, F, tera:Water
|-ability|p1a: Ogerpon|Embody Aspect (Wellspring)|boost
|-boost|p1a: Ogerpon|spd|1
|move|p1a: Ogerpon|Swords Dance|p1a: Ogerpon
|-boost|p1a: Ogerpon|atk|2
|move|p2a: Djura|U-turn|p1a: Ogerpon
|-damage|p1a: Ogerpon|73/100
|
|t:|1743876194
|switch|p2a: Aldia|Skeledirge, M|100/100|[from] U-turn
|
|upkeep
|turn|15
|
|t:|1743876197
|-terastallize|p2a: Aldia|Grass
|move|p1a: Ogerpon|Knock Off|p2a: Aldia
|-damage|p2a: Aldia|77/100
|-enditem|p2a: Aldia|Heavy-Duty Boots|[from] move: Knock Off|[of] p1a: Ogerpon
|move|p2a: Aldia|Will-O-Wisp|p1a: Ogerpon
|-status|p1a: Ogerpon|brn
|
|-damage|p1a: Ogerpon|67/100 brn|[from] brn
|upkeep
|turn|16
|
|t:|1743876207
|switch|p1a: Iron Moth|Iron Moth|100/100
|move|p2a: Aldia|Torch Song|p1a: Iron Moth
|-resisted|p1a: Iron Moth
|-damage|p1a: Iron Moth|89/100
|-boost|p2a: Aldia|spa|1
|
|upkeep
|turn|17
|
|t:|1743876209
|switch|p2a: Godzilla|Tyranitar, F, shiny|100/100
|-activate|p2a: Godzilla|move: Sticky Web
|-unboost|p2a: Godzilla|spe|1
|-weather|Sandstorm|[from] ability: Sand Stream|[of] p2a: Godzilla
|move|p1a: Iron Moth|Sludge Wave|p2a: Godzilla
|-resisted|p2a: Godzilla
|-damage|p2a: Godzilla|89/100
|
|-weather|Sandstorm|[upkeep]
|-damage|p1a: Iron Moth|83/100|[from] Sandstorm
|-heal|p2a: Godzilla|95/100|[from] item: Leftovers
|upkeep
|turn|18
|
|t:|1743876213
|-end|p1a: Iron Moth|Quark Drive|[silent]
|switch|p1a: Great Tusk|Great Tusk|25/100
|move|p2a: Godzilla|Knock Off|p1a: Great Tusk
|-resisted|p1a: Great Tusk
|-damage|p1a: Great Tusk|12/100
|-enditem|p1a: Great Tusk|Heavy-Duty Boots|[from] move: Knock Off|[of] p2a: Godzilla
|
|-weather|Sandstorm|[upkeep]
|-heal|p2a: Godzilla|100/100|[from] item: Leftovers
|upkeep
|turn|19
|
|t:|1743876217
|switch|p2a: Joudy|Alomomola, F|100/100
|-activate|p2a: Joudy|move: Sticky Web
|-unboost|p2a: Joudy|spe|1
|move|p1a: Great Tusk|Close Combat|p2a: Joudy
|-damage|p2a: Joudy|67/100
|-unboost|p1a: Great Tusk|def|1
|-unboost|p1a: Great Tusk|spd|1
|-damage|p1a: Great Tusk|0 fnt|[from] item: Rocky Helmet|[of] p2a: Joudy
|faint|p1a: Great Tusk
|-end|p1a: Great Tusk|Protosynthesis|[silent]
|
|-weather|Sandstorm|[upkeep]
|-damage|p2a: Joudy|61/100|[from] Sandstorm
|upkeep
|
|t:|1743876223
|switch|p1a: Iron Moth|Iron Moth|83/100
|turn|20
|
|t:|1743876227
|switch|p2a: Godzilla|Tyranitar, F, shiny|100/100
|-activate|p2a: Godzilla|move: Sticky Web
|-unboost|p2a: Godzilla|spe|1
|move|p1a: Iron Moth|Agility|p1a: Iron Moth
|-boost|p1a: Iron Moth|spe|2
|
|-weather|Sandstorm|[upkeep]
|-damage|p1a: Iron Moth|77/100|[from] Sandstorm
|upkeep
|turn|21
|
|t:|1743876230
|move|p1a: Iron Moth|Energy Ball|p2a: Godzilla
|-supereffective|p2a: Godzilla
|-damage|p2a: Godzilla|69/100
|move|p2a: Godzilla|Thunder Wave|p1a: Iron Moth
|-status|p1a: Iron Moth|par
|
|-weather|none
|-heal|p2a: Godzilla|75/100|[from] item: Leftovers
|upkeep
|turn|22
|
|t:|1743876234
|move|p1a: Iron Moth|Fiery Dance|p2a: Godzilla
|-resisted|p2a: Godzilla
|-damage|p2a: Godzilla|59/100
|move|p2a: Godzilla|Stealth Rock|p1a: Iron Moth
|-sidestart|p1: lebronthegoat23|move: Stealth Rock
|
|-heal|p2a: Godzilla|66/100|[from] item: Leftovers
|upkeep
|turn|23
|
|t:|1743876239
|move|p1a: Iron Moth|Fiery Dance|p2a: Godzilla
|-resisted|p2a: Godzilla
|-damage|p2a: Godzilla|50/100
|-boost|p1a: Iron Moth|spa|1
|move|p2a: Godzilla|Knock Off|p1a: Iron Moth
|-damage|p1a: Iron Moth|0 fnt
|-enditem|p1a: Iron Moth|Heavy-Duty Boots|[from] move: Knock Off|[of] p2a: Godzilla
|faint|p1a: Iron Moth
|-end|p1a: Iron Moth|Quark Drive|[silent]
|
|-heal|p2a: Godzilla|56/100|[from] item: Leftovers
|upkeep
|c|☆lebronthegoat23|gay as team
|l|☆lebronthegoat23
|player|p1|
|inactive|Battle timer is ON: inactive players will automatically lose when time's up. (requested by Adumbad)
|j|☆lebronthegoat23
|inactive|lebronthegoat23 reconnected and has 135 seconds left.
|player|p1|lebronthegoat23|hilda|
|-message|lebronthegoat23 forfeited.
|
|win|Adumbad
|raw|lebronthegoat23's rating: 1381 &rarr; <strong>1363</strong><br />(-18 for losing)
|raw|Adumbad's rating: 1423 &rarr; <strong>1441</strong><br />(+18 for winning)
|l|☆lebronthegoat23
|player|p1|
