|j|☆Sumerand
|j|☆whinniethepoh
|t:|1743878170
|gametype|singles
|player|p1|Sumerand|ghetsis|1000
|player|p2|whinniethepoh|cameraman|1000
|teamsize|p1|6
|teamsize|p2|6
|gen|9
|tier|[Gen 9] OU
|rated|
|rule|HP Percentage Mod: HP is shown in percentages
|rule|Endless Battle Clause: Forcing endless battles is banned
|rule|Species Clause: Limit one of each Pokémon
|rule|OHKO Clause: OHKO moves are banned
|rule|Evasion Items Clause: Evasion items are banned
|rule|Evasion Moves Clause: Evasion moves are banned
|rule|Sleep Moves Clause: Sleep-inducing moves are banned
|clearpoke
|poke|p1|Inteleon, M|
|poke|p1|Dragapult, M|
|poke|p1|Cinderace, M|
|poke|p1|Corviknight, F|
|poke|p1|Alomomola, M|
|poke|p1|Ting-Lu|
|poke|p2|Zapdos|
|poke|p2|Slowking-Galar, F|
|poke|p2|Walking Wake|
|poke|p2|Ting-Lu|
|poke|p2|Hatterene, F|
|poke|p2|Tyranitar, F|
|teampreview
|inactive|Battle timer is ON: inactive players will automatically lose when time's up. (requested by whinniethepoh)
|
|t:|1743878177
|start
|switch|p1a: Inteleon|Inteleon, M|100/100
|switch|p2a: Tyranitar|Tyranitar, F|100/100
|-weather|Sandstorm|[from] ability: Sand Stream|[of] p2a: Tyranitar
|turn|1
|
|t:|1743878190
|switch|p2a: Zapdos|Zapdos|100/100
|move|p1a: Inteleon|U-turn|p2a: Zapdos
|-resisted|p2a: Zapdos
|-damage|p2a: Zapdos|96/100
|
|t:|1743878197
|switch|p1a: Ting-Lu|Ting-Lu|100/100|[from] U-turn
|-ability|p1a: Ting-Lu|Vessel of Ruin
|
|-weather|Sandstorm|[upkeep]
|-damage|p2a: Zapdos|90/100|[from] Sandstorm
|upkeep
|turn|2
|
|t:|1743878206
|switch|p2a: Walking Wake|Walking Wake|100/100
|move|p1a: Ting-Lu|Ruination|p2a: Walking Wake
|-damage|p2a: Walking Wake|50/100
|
|-weather|Sandstorm|[upkeep]
|-damage|p2a: Walking Wake|44/100|[from] Sandstorm
|upkeep
|turn|3
|
|t:|1743878214
|move|p2a: Walking Wake|Surf|p1a: Ting-Lu
|-supereffective|p1a: Ting-Lu
|-damage|p1a: Ting-Lu|37/100
|move|p1a: Ting-Lu|Stealth Rock|p2a: Walking Wake
|-sidestart|p2: whinniethepoh|move: Stealth Rock
|
|-weather|Sandstorm|[upkeep]
|-damage|p2a: Walking Wake|38/100|[from] Sandstorm
|-heal|p1a: Ting-Lu|43/100|[from] item: Leftovers
|upkeep
|turn|4
|
|t:|1743878225
|switch|p1a: Alomomola|Alomomola, M|100/100
|move|p2a: Walking Wake|Surf|p1a: Alomomola
|-resisted|p1a: Alomomola
|-damage|p1a: Alomomola|63/100
|
|-weather|Sandstorm|[upkeep]
|-damage|p2a: Walking Wake|32/100|[from] Sandstorm
|-damage|p1a: Alomomola|57/100|[from] Sandstorm
|upkeep
|turn|5
|
|t:|1743878234
|-end|p2a: Walking Wake|Protosynthesis|[silent]
|switch|p2a: Tyranitar|Tyranitar, F|100/100
|-damage|p2a: Tyranitar|88/100|[from] Stealth Rock
|move|p1a: Alomomola|Flip Turn|p2a: Tyranitar
|-supereffective|p2a: Tyranitar
|-damage|p2a: Tyranitar|57/100
|
|t:|1743878243
|switch|p1a: Dragapult|Dragapult, M|100/100|[from] Flip Turn
|
|-weather|none
|upkeep
|turn|6
|
|t:|1743878249
|move|p1a: Dragapult|Dragon Darts|p2a: Tyranitar
|-damage|p2a: Tyranitar|25/100
|-anim|p1a: Dragapult|Dragon Darts|p2a: Tyranitar
|-damage|p2a: Tyranitar|0 fnt
|faint|p2a: Tyranitar
|
|upkeep
|-message|whinniethepoh forfeited.
|
|win|Sumerand
|raw|Sumerand's rating: 1000 &rarr; <strong>1040</strong><br />(+40 for winning)
|raw|whinniethepoh's rating: 1000 &rarr; <strong>1000</strong><br />(+0 for losing)
|l|☆whinniethepoh
|player|p2|
