|j|☆slowestbro10
|j|☆OddSketchy
|t:|1743876511
|gametype|singles
|player|p1|slowestbro10|170|1112
|player|p2|OddSketchy|170|1133
|teamsize|p1|6
|teamsize|p2|6
|gen|9
|tier|[Gen 9] OU
|rated|
|rule|HP Percentage Mod: HP is shown in percentages
|rule|Endless Battle Clause: Forcing endless battles is banned
|rule|Species Clause: Limit one of each Pokémon
|rule|OHKO Clause: OHKO moves are banned
|rule|Evasion Items Clause: Evasion items are banned
|rule|Evasion Moves Clause: Evasion moves are banned
|rule|Sleep Moves Clause: Sleep-inducing moves are banned
|clearpoke
|poke|p1|Tyranitar, F|
|poke|p1|Iron Thorns|
|poke|p1|Dugtrio-Alola, M|
|poke|p1|Greninja-*, M|
|poke|p1|Metagross|
|poke|p1|Glimmora, M|
|poke|p2|Enamorus, F|
|poke|p2|Garchomp, F|
|poke|p2|Iron Crown|
|poke|p2|Iron Valiant|
|poke|p2|Kingambit, M|
|poke|p2|Pecharunt|
|teampreview
|inactive|Battle timer is ON: inactive players will automatically lose when time's up. (requested by slowestbro10)
|
|t:|1743876522
|start
|switch|p1a: Tyranitar|Tyranitar, F|100/100
|switch|p2a: Garchomp|Garchomp, F|100/100
|-weather|Sandstorm|[from] ability: Sand Stream|[of] p1a: Tyranitar
|turn|1
|
|t:|1743876531
|move|p2a: Garchomp|Stealth Rock|p1a: Tyranitar
|-sidestart|p1: slowestbro10|move: Stealth Rock
|move|p1a: Tyranitar|Stealth Rock|p2a: Garchomp
|-sidestart|p2: OddSketchy|move: Stealth Rock
|
|-weather|Sandstorm|[upkeep]
|upkeep
|turn|2
|
|t:|1743876540
|move|p1a: Tyranitar|Dark Pulse|p2a: Garchomp
|-damage|p2a: Garchomp|66/100
|move|p2a: Garchomp|Dragon Tail|p1a: Tyranitar
|-damage|p1a: Tyranitar|79/100
|drag|p1a: Iron Thorns|Iron Thorns, shiny|100/100
|-damage|p1a: Iron Thorns|88/100|[from] Stealth Rock
|
|-weather|Sandstorm|[upkeep]
|upkeep
|turn|3
|
|t:|1743876554
|-terastallize|p1a: Iron Thorns|Fairy
|move|p2a: Garchomp|Spikes|p1a: Iron Thorns
|-sidestart|p1: slowestbro10|Spikes
|move|p1a: Iron Thorns|Dragon Dance|p1a: Iron Thorns
|-boost|p1a: Iron Thorns|atk|1
|-boost|p1a: Iron Thorns|spe|1
|
|-weather|Sandstorm|[upkeep]
|-damage|p1a: Iron Thorns|82/100|[from] Sandstorm
|upkeep
|turn|4
|
|t:|1743876565
|move|p1a: Iron Thorns|Earthquake|p2a: Garchomp
|-damage|p2a: Garchomp|26/100
|move|p2a: Garchomp|Earthquake|p1a: Iron Thorns
|-crit|p1a: Iron Thorns
|-damage|p1a: Iron Thorns|22/100
|
|-weather|Sandstorm|[upkeep]
|-damage|p1a: Iron Thorns|16/100|[from] Sandstorm
|upkeep
|turn|5
|
|t:|1743876576
|switch|p2a: Enamorus|Enamorus, F|100/100
|-damage|p2a: Enamorus|75/100|[from] Stealth Rock
|move|p1a: Iron Thorns|Stone Edge|p2a: Enamorus
|-supereffective|p2a: Enamorus
|-damage|p2a: Enamorus|0 fnt
|faint|p2a: Enamorus
|
|-weather|Sandstorm|[upkeep]
|-damage|p1a: Iron Thorns|10/100|[from] Sandstorm
|upkeep
|
|t:|1743876587
|switch|p2a: Kingambit|Kingambit, M|100/100
|-damage|p2a: Kingambit|94/100|[from] Stealth Rock
|-activate|p2a: Kingambit|ability: Supreme Overlord
|-start|p2a: Kingambit|fallen1|[silent]
|turn|6
|
|t:|1743876593
|move|p1a: Iron Thorns|Supercell Slam|p2a: Kingambit|[miss]
|-miss|p1a: Iron Thorns|p2a: Kingambit
|-damage|p1a: Iron Thorns|0 fnt|[from] supercellslam
|faint|p1a: Iron Thorns
|-end|p1a: Iron Thorns|Quark Drive|[silent]
|move|p2a: Kingambit|Kowtow Cleave|p1: Iron Thorns|[notarget]
|-fail|p2a: Kingambit
|
|-weather|Sandstorm|[upkeep]
|upkeep
|
|t:|1743876599
|switch|p1a: Dugtrio|Dugtrio-Alola, M|100/100
|-damage|p1a: Dugtrio|98/100|[from] Stealth Rock
|-damage|p1a: Dugtrio|85/100|[from] Spikes
|turn|7
|
|t:|1743876613
|-terastallize|p2a: Kingambit|Flying
|move|p1a: Dugtrio|Earthquake|p2a: Kingambit
|-immune|p2a: Kingambit
|move|p2a: Kingambit|Swords Dance|p2a: Kingambit
|-boost|p2a: Kingambit|atk|2
|
|-weather|Sandstorm|[upkeep]
|-damage|p2a: Kingambit|88/100|[from] Sandstorm
|upkeep
|turn|8
|
|t:|1743876627
|move|p1a: Dugtrio|Stone Edge|p2a: Kingambit
|-supereffective|p2a: Kingambit
|-damage|p2a: Kingambit|18/100
|-damage|p1a: Dugtrio|75/100|[from] item: Life Orb
|move|p2a: Kingambit|Low Kick|p1a: Dugtrio
|-supereffective|p1a: Dugtrio
|-damage|p1a: Dugtrio|0 fnt
|faint|p1a: Dugtrio
|
|-weather|none
|upkeep
|
|t:|1743876635
|switch|p1a: Tyranitar|Tyranitar, F|79/100
|-damage|p1a: Tyranitar|66/100|[from] Stealth Rock
|-damage|p1a: Tyranitar|54/100|[from] Spikes
|-weather|Sandstorm|[from] ability: Sand Stream|[of] p1a: Tyranitar
|turn|9
|
|t:|1743876644
|move|p2a: Kingambit|Sucker Punch||[still]
|-fail|p2a: Kingambit
|move|p1a: Tyranitar|Thunder Wave|p2a: Kingambit
|-status|p2a: Kingambit|par
|
|-weather|Sandstorm|[upkeep]
|-damage|p2a: Kingambit|12/100 par|[from] Sandstorm
|upkeep
|turn|10
|
|t:|1743876653
|switch|p1a: Glimmora|Glimmora, M|100/100
|-damage|p1a: Glimmora|88/100|[from] Stealth Rock
|-damage|p1a: Glimmora|76/100|[from] Spikes
|move|p2a: Kingambit|Kowtow Cleave|p1a: Glimmora
|-damage|p1a: Glimmora|0 fnt
|-activate|p1a: Glimmora|ability: Toxic Debris
|-sidestart|p2: OddSketchy|move: Toxic Spikes
|faint|p1a: Glimmora
|
|-weather|Sandstorm|[upkeep]
|-damage|p2a: Kingambit|5/100 par|[from] Sandstorm
|upkeep
|
|t:|1743876664
|switch|p1a: Greninja|Greninja, M|100/100
|-damage|p1a: Greninja|88/100|[from] Stealth Rock
|-damage|p1a: Greninja|76/100|[from] Spikes
|turn|11
|
|t:|1743876671
|move|p2a: Kingambit|Sucker Punch|p1a: Greninja
|-resisted|p1a: Greninja
|-damage|p1a: Greninja|0 fnt
|faint|p1a: Greninja
|
|-weather|Sandstorm|[upkeep]
|-damage|p2a: Kingambit|0 fnt|[from] Sandstorm
|faint|p2a: Kingambit
|-end|p2a: Kingambit|fallen1|[silent]
|upkeep
|
|t:|1743876683
|switch|p1a: Metagross|Metagross|100/100
|switch|p2a: Pecharunt|Pecharunt|100/100
|-damage|p1a: Metagross|94/100|[from] Stealth Rock
|-damage|p1a: Metagross|82/100|[from] Spikes
|-sideend|p2: OddSketchy|move: Toxic Spikes|[of] p2a: Pecharunt
|turn|12
|
|t:|1743876710
|switch|p2a: Iron Crown|Iron Crown|100/100
|-damage|p2a: Iron Crown|94/100|[from] Stealth Rock
|move|p1a: Metagross|Agility|p1a: Metagross
|-boost|p1a: Metagross|spe|2
|
|-weather|Sandstorm|[upkeep]
|upkeep
|turn|13
|
|t:|1743876721
|move|p1a: Metagross|Psychic|p2a: Iron Crown
|-resisted|p2a: Iron Crown
|-damage|p2a: Iron Crown|88/100
|move|p2a: Iron Crown|Volt Switch|p1a: Metagross
|-damage|p1a: Metagross|57/100
|
|t:|1743876727
|-end|p2a: Iron Crown|Quark Drive|[silent]
|switch|p2a: Iron Valiant|Iron Valiant|100/100|[from] Volt Switch
|-damage|p2a: Iron Valiant|94/100|[from] Stealth Rock
|-enditem|p2a: Iron Valiant|Booster Energy
|-activate|p2a: Iron Valiant|ability: Quark Drive|[fromitem]
|-start|p2a: Iron Valiant|quarkdrivespe
|
|-weather|Sandstorm|[upkeep]
|-damage|p2a: Iron Valiant|88/100|[from] Sandstorm
|upkeep
|turn|14
|
|t:|1743876741
|move|p2a: Iron Valiant|Close Combat|p1a: Metagross
|-damage|p1a: Metagross|15/100
|-unboost|p2a: Iron Valiant|def|1
|-unboost|p2a: Iron Valiant|spd|1
|move|p1a: Metagross|Steel Beam|p2a: Iron Valiant|[miss]
|-miss|p1a: Metagross|p2a: Iron Valiant
|-damage|p1a: Metagross|0 fnt|[from] steelbeam
|faint|p1a: Metagross
|
|-weather|Sandstorm|[upkeep]
|-damage|p2a: Iron Valiant|82/100|[from] Sandstorm
|upkeep
|-message|slowestbro10 forfeited.
|
|win|OddSketchy
|raw|slowestbro10's rating: 1112 &rarr; <strong>1089</strong><br />(-23 for losing)
|raw|OddSketchy's rating: 1133 &rarr; <strong>1156</strong><br />(+23 for winning)
|l|☆slowestbro10
|player|p1|
|l|☆OddSketchy
|player|p2|
