|j|☆A9MG
|j|☆Kamrin98
|t:|1743886498
|gametype|singles
|player|p1|A9MG|nurseryaide|1402
|player|p2|Kamrin98|170|1374
|teamsize|p1|6
|teamsize|p2|6
|gen|9
|tier|[Gen 9] OU
|rated|
|rule|HP Percentage Mod: HP is shown in percentages
|rule|Endless Battle Clause: Forcing endless battles is banned
|rule|Species Clause: Limit one of each Pokémon
|rule|OHKO Clause: OHKO moves are banned
|rule|Evasion Items Clause: Evasion items are banned
|rule|Evasion Moves Clause: Evasion moves are banned
|rule|Sleep Moves Clause: Sleep-inducing moves are banned
|clearpoke
|poke|p1|Azumarill, M|
|poke|p1|Great Tusk|
|poke|p1|Iron Moth|
|poke|p1|Iron Valiant|
|poke|p1|Landorus-Therian, M|
|poke|p1|Zarude|
|poke|p2|Pecharunt|
|poke|p2|Tornadus-Therian, M|
|poke|p2|Great Tusk|
|poke|p2|Hydrapple, M|
|poke|p2|Corviknight, F|
|poke|p2|Samurott-Hisui, F|
|teampreview
|inactive|Battle timer is ON: inactive players will automatically lose when time's up. (requested by A9MG)
|inactive|A9MG has 120 seconds left.
|
|t:|1743886534
|start
|switch|p1a: Zarude|Zarude|100/100
|switch|p2a: Corviknight|Corviknight, F|100/100
|turn|1
|
|t:|1743886539
|move|p1a: Zarude|Knock Off|p2a: Corviknight
|-damage|p2a: Corviknight|60/100
|-damage|p1a: Zarude|84/100|[from] item: Rocky Helmet|[of] p2a: Corviknight
|-enditem|p2a: Corviknight|Rocky Helmet|[from] move: Knock Off|[of] p1a: Zarude
|move|p2a: Corviknight|U-turn|p1a: Zarude
|-supereffective|p1a: Zarude
|-damage|p1a: Zarude|36/100
|
|t:|1743886549
|switch|p2a: Tornadus|Tornadus-Therian, M|100/100|[from] U-turn
|
|upkeep
|turn|2
|
|t:|1743886561
|move|p2a: Tornadus|U-turn|p1a: Zarude
|-supereffective|p1a: Zarude
|-damage|p1a: Zarude|0 fnt
|faint|p1a: Zarude
|
|t:|1743886567
|switch|p2a: Samurott|Samurott-Hisui, F|100/100|[from] U-turn
|
|upkeep
|
|t:|1743886575
|switch|p1a: Azumarill|Azumarill, M|100/100
|turn|3
|
|t:|1743886585
|move|p2a: Samurott|Flip Turn|p1a: Azumarill
|-resisted|p1a: Azumarill
|-damage|p1a: Azumarill|85/100
|
|t:|1743886589
|switch|p2a: Corviknight|Corviknight, F|60/100|[from] Flip Turn
|move|p1a: Azumarill|Knock Off|p2a: Corviknight
|-damage|p2a: Corviknight|27/100
|
|upkeep
|turn|4
|
|t:|1743886595
|move|p1a: Azumarill|Knock Off|p2a: Corviknight
|-damage|p2a: Corviknight|0 fnt
|faint|p2a: Corviknight
|
|upkeep
|
|t:|1743886599
|switch|p2a: Pecharunt|Pecharunt|100/100
|turn|5
|
|t:|1743886603
|move|p2a: Pecharunt|Malignant Chain|p1a: Azumarill
|-supereffective|p1a: Azumarill
|-crit|p1a: Azumarill
|-damage|p1a: Azumarill|0 fnt
|faint|p1a: Azumarill
|
|upkeep
|
|t:|1743886609
|switch|p1a: Landorus|Landorus-Therian, M|100/100
|-ability|p1a: Landorus|Intimidate|boost
|-unboost|p2a: Pecharunt|atk|1
|turn|6
|
|t:|1743886615
|switch|p2a: Great Tusk|Great Tusk|100/100
|move|p1a: Landorus|U-turn|p2a: Great Tusk
|-resisted|p2a: Great Tusk
|-damage|p2a: Great Tusk|95/100
|-damage|p1a: Landorus|84/100|[from] item: Rocky Helmet|[of] p2a: Great Tusk
|
|t:|1743886622
|switch|p1a: Iron Valiant|Iron Valiant|100/100|[from] U-turn
|
|upkeep
|turn|7
|
|t:|1743886628
|-end|p2a: Great Tusk|Protosynthesis|[silent]
|switch|p2a: Pecharunt|Pecharunt|100/100
|move|p1a: Iron Valiant|Psyshock|p2a: Pecharunt
|-supereffective|p2a: Pecharunt
|-damage|p2a: Pecharunt|52/100
|
|upkeep
|turn|8
|
|t:|1743886636
|-end|p1a: Iron Valiant|Quark Drive|[silent]
|switch|p1a: Landorus|Landorus-Therian, M|84/100
|-ability|p1a: Landorus|Intimidate|boost
|-unboost|p2a: Pecharunt|atk|1
|switch|p2a: Samurott|Samurott-Hisui, F|100/100
|
|upkeep
|turn|9
|
|t:|1743886648
|move|p2a: Samurott|Ceaseless Edge|p1a: Landorus
|-damage|p1a: Landorus|37/100
|-damage|p2a: Samurott|84/100|[from] item: Rocky Helmet|[of] p1a: Landorus
|-sidestart|p1: A9MG|Spikes
|move|p1a: Landorus|Stealth Rock|p2a: Samurott
|-sidestart|p2: Kamrin98|move: Stealth Rock
|
|upkeep
|turn|10
|
|t:|1743886656
|switch|p1a: Great Tusk|Great Tusk|100/100
|-damage|p1a: Great Tusk|88/100|[from] Spikes
|-enditem|p1a: Great Tusk|Booster Energy
|-activate|p1a: Great Tusk|ability: Protosynthesis|[fromitem]
|-start|p1a: Great Tusk|protosynthesisspe
|move|p2a: Samurott|Ceaseless Edge|p1a: Great Tusk
|-resisted|p1a: Great Tusk
|-damage|p1a: Great Tusk|73/100
|-sidestart|p1: A9MG|Spikes
|
|upkeep
|turn|11
|
|t:|1743886667
|switch|p2a: Great Tusk|Great Tusk|95/100
|-damage|p2a: Great Tusk|92/100|[from] Stealth Rock
|move|p1a: Great Tusk|Knock Off|p2a: Great Tusk
|-resisted|p2a: Great Tusk
|-damage|p2a: Great Tusk|86/100
|-damage|p1a: Great Tusk|57/100|[from] item: Rocky Helmet|[of] p2a: Great Tusk
|-enditem|p2a: Great Tusk|Rocky Helmet|[from] move: Knock Off|[of] p1a: Great Tusk
|
|upkeep
|turn|12
|
|t:|1743886682
|move|p1a: Great Tusk|Rapid Spin|p2a: Great Tusk
|-damage|p2a: Great Tusk|79/100
|-boost|p1a: Great Tusk|spe|1
|-sideend|p1: A9MG|Spikes|[from] move: Rapid Spin|[of] p1a: Great Tusk
|move|p2a: Great Tusk|Rapid Spin|p1a: Great Tusk
|-damage|p1a: Great Tusk|48/100
|-boost|p2a: Great Tusk|spe|1
|-sideend|p2: Kamrin98|Stealth Rock|[from] move: Rapid Spin|[of] p2a: Great Tusk
|
|upkeep
|turn|13
|
|t:|1743886693
|-end|p1a: Great Tusk|Protosynthesis|[silent]
|switch|p1a: Landorus|Landorus-Therian, M|37/100
|-ability|p1a: Landorus|Intimidate|boost
|-unboost|p2a: Great Tusk|atk|1
|move|p2a: Great Tusk|Rapid Spin|p1a: Landorus
|-crit|p1a: Landorus
|-damage|p1a: Landorus|16/100
|-boost|p2a: Great Tusk|spe|1
|-damage|p2a: Great Tusk|62/100|[from] item: Rocky Helmet|[of] p1a: Landorus
|
|upkeep
|turn|14
|
|t:|1743886702
|move|p2a: Great Tusk|Stealth Rock|p1a: Landorus
|-sidestart|p1: A9MG|move: Stealth Rock
|move|p1a: Landorus|Earth Power|p2a: Great Tusk
|-damage|p2a: Great Tusk|23/100
|
|upkeep
|turn|15
|
|t:|1743886713
|move|p2a: Great Tusk|Body Press|p1a: Landorus
|-resisted|p1a: Landorus
|-damage|p1a: Landorus|0 fnt
|-damage|p2a: Great Tusk|6/100|[from] item: Rocky Helmet|[of] p1a: Landorus
|faint|p1a: Landorus
|
|upkeep
|
|t:|1743886728
|switch|p1a: Iron Valiant|Iron Valiant|100/100
|-damage|p1a: Iron Valiant|94/100|[from] Stealth Rock
|turn|16
|
|t:|1743886733
|move|p2a: Great Tusk|Earthquake|p1a: Iron Valiant
|-damage|p1a: Iron Valiant|59/100
|move|p1a: Iron Valiant|Moonblast|p2a: Great Tusk
|-supereffective|p2a: Great Tusk
|-damage|p2a: Great Tusk|0 fnt
|faint|p2a: Great Tusk
|-end|p2a: Great Tusk|Protosynthesis|[silent]
|
|upkeep
|
|t:|1743886740
|switch|p2a: Samurott|Samurott-Hisui, F|84/100
|turn|17
|
|t:|1743886744
|move|p2a: Samurott|Aqua Cutter|p1a: Iron Valiant
|-crit|p1a: Iron Valiant
|-damage|p1a: Iron Valiant|0 fnt
|faint|p1a: Iron Valiant
|-end|p1a: Iron Valiant|Quark Drive|[silent]
|
|upkeep
|-message|A9MG forfeited.
|
|win|Kamrin98
|raw|A9MG's rating: 1402 &rarr; <strong>1380</strong><br />(-22 for losing)
|raw|Kamrin98's rating: 1359 &rarr; <strong>1381</strong><br />(+22 for winning)
|l|☆A9MG
|player|p1|
|l|☆Kamrin98
|player|p2|
