|j|☆torito25
|j|☆popswrong4laughing
|t:|1743869037
|gametype|singles
|player|p1|torito25|265|1400
|player|p2|popswrong4laughing|galacticgrunt|1358
|teamsize|p1|6
|teamsize|p2|6
|gen|9
|tier|[Gen 9] OU
|rated|
|rule|HP Percentage Mod: HP is shown in percentages
|rule|Endless Battle Clause: Forcing endless battles is banned
|rule|Species Clause: Limit one of each Pokémon
|rule|OHKO Clause: OHKO moves are banned
|rule|Evasion Items Clause: Evasion items are banned
|rule|Evasion Moves Clause: Evasion moves are banned
|rule|Sleep Moves Clause: Sleep-inducing moves are banned
|clearpoke
|poke|p1|Deoxys-Speed|
|poke|p1|Iron Valiant|
|poke|p1|Ogerpon-Wellspring, F|
|poke|p1|Gholdengo|
|poke|p1|Dragonite, F|
|poke|p1|Landorus-Therian, M|
|poke|p2|Reuniclus, F|
|poke|p2|Garganacl, F|
|poke|p2|Glastrier|
|poke|p2|Dragonite, M|
|poke|p2|Great Tusk|
|poke|p2|Scizor, F|
|teampreview
|inactive|Battle timer is ON: inactive players will automatically lose when time's up. (requested by torito25)
|
|t:|1743869050
|start
|switch|p1a: Gholdengo|Gholdengo|100/100
|switch|p2a: Garganacl|Garganacl, F|100/100
|turn|1
|
|t:|1743869055
|move|p1a: Gholdengo|Make It Rain|p2a: Garganacl
|-supereffective|p2a: Garganacl
|-ability|p2a: Garganacl|Sturdy
|-damage|p2a: Garganacl|1/100
|-unboost|p1a: Gholdengo|spa|1
|move|p2a: Garganacl|Stealth Rock|p1a: Gholdengo
|-sidestart|p1: torito25|move: Stealth Rock
|
|upkeep
|turn|2
|-enditem|p2a: Garganacl|Custap Berry|[eat]
|-activate|p2a: Garganacl|item: Custap Berry|[consumed]
|
|t:|1743869064
|move|p2a: Garganacl|Salt Cure|p1a: Gholdengo
|-resisted|p1a: Gholdengo
|-damage|p1a: Gholdengo|93/100
|-start|p1a: Gholdengo|Salt Cure
|move|p1a: Gholdengo|Thunder Wave|p2a: Garganacl
|-status|p2a: Garganacl|par
|
|-damage|p1a: Gholdengo|68/100|[from] Salt Cure
|upkeep
|turn|3
|
|t:|1743869071
|move|p1a: Gholdengo|Shadow Ball|p2a: Garganacl
|-damage|p2a: Garganacl|0 fnt
|faint|p2a: Garganacl
|
|-damage|p1a: Gholdengo|43/100|[from] Salt Cure
|upkeep
|
|t:|1743869085
|switch|p2a: Glastrier|Glastrier|100/100
|turn|4
|
|t:|1743869097
|move|p1a: Gholdengo|Thunder Wave|p2a: Glastrier|[miss]
|-miss|p1a: Gholdengo|p2a: Glastrier
|move|p2a: Glastrier|Crunch|p1a: Gholdengo
|-supereffective|p1a: Gholdengo
|-damage|p1a: Gholdengo|0 fnt
|faint|p1a: Gholdengo
|-ability|p2a: Glastrier|Chilling Neigh|boost
|-boost|p2a: Glastrier|atk|1
|
|upkeep
|
|t:|1743869122
|switch|p1a: Deoxys|Deoxys-Speed|100/100
|-damage|p1a: Deoxys|88/100|[from] Stealth Rock
|-ability|p1a: Deoxys|Pressure
|turn|5
|
|t:|1743869126
|move|p1a: Deoxys|Meteor Beam||[still]
|-prepare|p1a: Deoxys|Meteor Beam
|-boost|p1a: Deoxys|spa|1
|-enditem|p1a: Deoxys|Power Herb
|-anim|p1a: Deoxys|Meteor Beam|p2a: Glastrier
|-supereffective|p2a: Glastrier
|-damage|p2a: Glastrier|21/100
|move|p2a: Glastrier|Crunch|p1a: Deoxys
|-supereffective|p1a: Deoxys
|-damage|p1a: Deoxys|0 fnt
|faint|p1a: Deoxys
|-ability|p2a: Glastrier|Chilling Neigh|boost
|-boost|p2a: Glastrier|atk|1
|
|upkeep
|
|t:|1743869139
|switch|p1a: Dragonite|Dragonite, F|100/100
|turn|6
|
|t:|1743869146
|-terastallize|p1a: Dragonite|Normal
|move|p1a: Dragonite|Extreme Speed|p2a: Glastrier
|-damage|p2a: Glastrier|0 fnt
|faint|p2a: Glastrier
|
|upkeep
|
|t:|1743869150
|switch|p2a: Great Tusk|Great Tusk|100/100
|-enditem|p2a: Great Tusk|Booster Energy
|-activate|p2a: Great Tusk|ability: Protosynthesis|[fromitem]
|-start|p2a: Great Tusk|protosynthesisspe
|turn|7
|
|t:|1743869163
|switch|p1a: Iron Valiant|Iron Valiant|100/100
|-damage|p1a: Iron Valiant|94/100|[from] Stealth Rock
|-enditem|p1a: Iron Valiant|Booster Energy
|-activate|p1a: Iron Valiant|ability: Quark Drive|[fromitem]
|-start|p1a: Iron Valiant|quarkdrivespe
|move|p2a: Great Tusk|Taunt|p1a: Iron Valiant
|-start|p1a: Iron Valiant|move: Taunt
|
|upkeep
|turn|8
|
|t:|1743869172
|-end|p2a: Great Tusk|Protosynthesis|[silent]
|switch|p2a: Scizor|Scizor, F, shiny|100/100
|-item|p2a: Scizor|Air Balloon
|move|p1a: Iron Valiant|Moonblast|p2a: Scizor
|-resisted|p2a: Scizor
|-damage|p2a: Scizor|70/100
|-enditem|p2a: Scizor|Air Balloon
|
|upkeep
|turn|9
|
|t:|1743869176
|-end|p1a: Iron Valiant|Quark Drive|[silent]
|switch|p1a: Landorus|Landorus-Therian, M|100/100
|-damage|p1a: Landorus|88/100|[from] Stealth Rock
|-ability|p1a: Landorus|Intimidate|boost
|-unboost|p2a: Scizor|atk|1
|move|p2a: Scizor|Swords Dance|p2a: Scizor
|-boost|p2a: Scizor|atk|2
|
|upkeep
|turn|10
|
|t:|1743869185
|move|p2a: Scizor|Bullet Punch|p1a: Landorus
|-damage|p1a: Landorus|26/100
|move|p1a: Landorus|Earthquake|p2a: Scizor
|-damage|p2a: Scizor|0 fnt
|faint|p2a: Scizor
|
|upkeep
|
|t:|1743869191
|switch|p2a: Dragonite|Dragonite, M|100/100
|turn|11
|
|t:|1743869195
|move|p1a: Landorus|Taunt|p2a: Dragonite
|-start|p2a: Dragonite|move: Taunt
|cant|p2a: Dragonite|move: Taunt|Dragon Dance
|
|upkeep
|turn|12
|
|t:|1743869200
|switch|p2a: Great Tusk|Great Tusk|100/100
|move|p1a: Landorus|U-turn|p2a: Great Tusk
|-resisted|p2a: Great Tusk
|-damage|p2a: Great Tusk|92/100
|
|t:|1743869207
|switch|p1a: Iron Valiant|Iron Valiant|94/100|[from] U-turn
|-damage|p1a: Iron Valiant|88/100|[from] Stealth Rock
|
|upkeep
|turn|13
|
|t:|1743869213
|move|p1a: Iron Valiant|Shadow Ball|p2a: Great Tusk
|-damage|p2a: Great Tusk|62/100
|move|p2a: Great Tusk|Rapid Spin|p1a: Iron Valiant
|-crit|p1a: Iron Valiant
|-damage|p1a: Iron Valiant|60/100
|-boost|p2a: Great Tusk|spe|1
|
|upkeep
|turn|14
|
|t:|1743869220
|move|p2a: Great Tusk|Ice Spinner|p1a: Iron Valiant
|-damage|p1a: Iron Valiant|31/100
|move|p1a: Iron Valiant|Moonblast|p2a: Great Tusk
|-supereffective|p2a: Great Tusk
|-damage|p2a: Great Tusk|0 fnt
|faint|p2a: Great Tusk
|-end|p2a: Great Tusk|Protosynthesis|[silent]
|
|upkeep
|
|t:|1743869224
|switch|p2a: Dragonite|Dragonite, M|100/100
|turn|15
|
|t:|1743869229
|-terastallize|p2a: Dragonite|Electric
|move|p1a: Iron Valiant|Destiny Bond|p1a: Iron Valiant
|-singlemove|p1a: Iron Valiant|Destiny Bond
|move|p2a: Dragonite|Dragon Dance|p2a: Dragonite
|-boost|p2a: Dragonite|atk|1
|-boost|p2a: Dragonite|spe|1
|
|upkeep
|turn|16
|
|t:|1743869235
|move|p2a: Dragonite|Dragon Dance|p2a: Dragonite
|-boost|p2a: Dragonite|atk|1
|-boost|p2a: Dragonite|spe|1
|move|p1a: Iron Valiant|Moonblast|p2a: Dragonite
|-damage|p2a: Dragonite|76/100
|
|upkeep
|turn|17
|
|t:|1743869239
|move|p2a: Dragonite|Thunder Punch|p1a: Iron Valiant
|-damage|p1a: Iron Valiant|0 fnt
|faint|p1a: Iron Valiant
|-end|p1a: Iron Valiant|Quark Drive|[silent]
|
|upkeep
|
|t:|1743869243
|switch|p1a: Landorus|Landorus-Therian, M|26/100
|-damage|p1a: Landorus|14/100|[from] Stealth Rock
|-ability|p1a: Landorus|Intimidate|boost
|-unboost|p2a: Dragonite|atk|1
|turn|18
|
|t:|1743869250
|move|p2a: Dragonite|Ice Punch|p1a: Landorus
|-supereffective|p1a: Landorus
|-damage|p1a: Landorus|0 fnt
|faint|p1a: Landorus
|
|upkeep
|
|t:|1743869255
|switch|p1a: Ogerpon|Ogerpon-Wellspring, F|100/100
|-damage|p1a: Ogerpon|88/100|[from] Stealth Rock
|turn|19
|
|t:|1743869261
|move|p2a: Dragonite|Thunder Punch|p1a: Ogerpon
|-damage|p1a: Ogerpon|0 fnt
|faint|p1a: Ogerpon
|
|upkeep
|
|t:|1743869265
|switch|p1a: Dragonite|Dragonite, F, tera:Normal|100/100
|turn|20
|
|t:|1743869269
|move|p2a: Dragonite|Thunder Punch|p1a: Dragonite
|-damage|p1a: Dragonite|63/100
|-status|p1a: Dragonite|par
|cant|p1a: Dragonite|par
|
|upkeep
|turn|21
|-message|torito25 forfeited.
|
|win|popswrong4laughing
|raw|torito25's rating: 1400 &rarr; <strong>1378</strong><br />(-22 for losing)
|raw|popswrong4laughing's rating: 1358 &rarr; <strong>1380</strong><br />(+22 for winning)
|l|☆torito25
|player|p1|
|l|☆popswrong4laughing
|player|p2|
