|j|☆lethalwolf
|j|☆Celest107
|t:|1743787508
|gametype|singles
|player|p1|lethalwolf|ethan|1270
|player|p2|Celest107|miku-fire|1335
|teamsize|p1|6
|teamsize|p2|6
|gen|9
|tier|[Gen 9] OU
|rated|
|rule|HP Percentage Mod: HP is shown in percentages
|rule|Endless Battle Clause: Forcing endless battles is banned
|rule|Species Clause: Limit one of each Pokémon
|rule|OHKO Clause: OHKO moves are banned
|rule|Evasion Items Clause: Evasion items are banned
|rule|Evasion Moves Clause: Evasion moves are banned
|rule|Sleep Moves Clause: Sleep-inducing moves are banned
|clearpoke
|poke|p1|Regirock|
|poke|p1|Lokix, M|
|poke|p1|Great Tusk|
|poke|p1|Hydrapple, F|
|poke|p1|Iron Moth|
|poke|p1|Volcanion|
|poke|p2|Ursaluna, F|
|poke|p2|Mimikyu, M|
|poke|p2|Cresselia, F|
|poke|p2|Enamorus-Therian, F|
|poke|p2|Hatterene, F|
|poke|p2|Hoopa-Unbound|
|teampreview
|inactive|Battle timer is ON: inactive players will automatically lose when time's up. (requested by lethalwolf)
|
|t:|1743787533
|start
|switch|p1a: Lokix|Lokix, M|100/100
|switch|p2a: Enamorus|Enamorus-Therian, F|100/100
|turn|1
|
|t:|1743787539
|move|p1a: Lokix|U-turn|p2a: Enamorus
|-resisted|p2a: Enamorus
|-damage|p2a: Enamorus|80/100
|
|t:|1743787551
|switch|p1a: Volcanion|Volcanion|100/100|[from] U-turn
|move|p2a: Enamorus|Moonblast|p1a: Volcanion
|-resisted|p1a: Volcanion
|-crit|p1a: Volcanion
|-damage|p1a: Volcanion|32/100
|
|upkeep
|turn|2
|
|t:|1743787561
|move|p1a: Volcanion|Sludge Bomb|p2a: Enamorus
|-supereffective|p2a: Enamorus
|-damage|p2a: Enamorus|0 fnt
|faint|p2a: Enamorus
|
|upkeep
|
|t:|1743787568
|switch|p2a: Hoopa|Hoopa-Unbound|100/100
|turn|3
|
|t:|1743787577
|move|p1a: Volcanion|Sludge Bomb|p2a: Hoopa
|-crit|p2a: Hoopa
|-damage|p2a: Hoopa|43/100
|-status|p2a: Hoopa|psn
|move|p2a: Hoopa|Trick Room|p2a: Hoopa
|-fieldstart|move: Trick Room|[of] p2a: Hoopa
|
|-damage|p2a: Hoopa|30/100 psn|[from] psn
|upkeep
|turn|4
|
|t:|1743787588
|move|p2a: Hoopa|Hyperspace Fury|p1a: Volcanion
|-damage|p1a: Volcanion|0 fnt
|-unboost|p2a: Hoopa|def|1
|-enditem|p2a: Hoopa|Eject Pack
|faint|p1a: Volcanion
|
|t:|1743787599
|switch|p2a: Hatterene|Hatterene, F|100/100
|
|upkeep
|
|t:|1743787608
|switch|p1a: Iron Moth|Iron Moth|100/100
|turn|5
|
|t:|1743787615
|move|p2a: Hatterene|Psychic|p1a: Iron Moth
|-supereffective|p1a: Iron Moth
|-damage|p1a: Iron Moth|3/100
|move|p1a: Iron Moth|Morning Sun|p1a: Iron Moth
|-heal|p1a: Iron Moth|53/100
|
|upkeep
|turn|6
|
|t:|1743787624
|-end|p1a: Iron Moth|Quark Drive|[silent]
|switch|p1a: Lokix|Lokix, M|100/100
|move|p2a: Hatterene|Mystical Fire|p1a: Lokix
|-supereffective|p1a: Lokix
|-damage|p1a: Lokix|11/100
|-unboost|p1a: Lokix|spa|1
|
|upkeep
|turn|7
|
|t:|1743787642
|move|p1a: Lokix|First Impression|p2a: Hatterene
|-damage|p2a: Hatterene|47/100
|move|p2a: Hatterene|Mystical Fire|p1a: Lokix
|-supereffective|p1a: Lokix
|-damage|p1a: Lokix|0 fnt
|faint|p1a: Lokix
|
|-fieldend|move: Trick Room
|upkeep
|inactive|lethalwolf has 120 seconds left.
|
|t:|1743787666
|switch|p1a: Great Tusk|Great Tusk|100/100
|turn|8
|
|t:|1743787672
|switch|p2a: Cresselia|Cresselia, F|100/100
|move|p1a: Great Tusk|Headlong Rush|p2a: Cresselia
|-immune|p2a: Cresselia|[from] ability: Levitate
|
|upkeep
|turn|9
|
|t:|1743787675
|-end|p1a: Great Tusk|Protosynthesis|[silent]
|switch|p1a: Iron Moth|Iron Moth|53/100
|move|p2a: Cresselia|Trick Room|p2a: Cresselia
|-fieldstart|move: Trick Room|[of] p2a: Cresselia
|
|upkeep
|turn|10
|
|t:|1743787704
|move|p2a: Cresselia|Lunar Dance|p2a: Cresselia
|faint|p2a: Cresselia
|move|p1a: Iron Moth|Fiery Dance|p2: Cresselia|[notarget]
|-fail|p1a: Iron Moth
|
|upkeep
|
|t:|1743787706
|switch|p2a: Hoopa|Hoopa-Unbound|30/100 psn
|-heal|p2a: Hoopa|100/100|[from] move: Lunar Dance
|turn|11
|
|t:|1743787732
|move|p2a: Hoopa|Psychic|p1a: Iron Moth
|-supereffective|p1a: Iron Moth
|-damage|p1a: Iron Moth|0 fnt
|faint|p1a: Iron Moth
|-end|p1a: Iron Moth|Quark Drive|[silent]
|-item|p2a: Hoopa|Wise Glasses|[from] ability: Magician|[of] p1: Iron Moth
|
|upkeep
|
|t:|1743787736
|switch|p1a: Regirock|Regirock|100/100
|turn|12
|
|t:|1743787751
|-terastallize|p2a: Hoopa|Fighting
|move|p1a: Regirock|Iron Defense|p1a: Regirock
|-boost|p1a: Regirock|def|2
|move|p2a: Hoopa|Drain Punch|p1a: Regirock
|-supereffective|p1a: Regirock
|-damage|p1a: Regirock|80/100
|
|-heal|p1a: Regirock|86/100|[from] item: Leftovers
|upkeep
|turn|13
|
|t:|1743787761
|move|p1a: Regirock|Iron Defense|p1a: Regirock
|-boost|p1a: Regirock|def|2
|move|p2a: Hoopa|Psychic|p1a: Regirock
|-damage|p1a: Regirock|33/100
|
|-heal|p1a: Regirock|39/100|[from] item: Leftovers
|-fieldend|move: Trick Room
|upkeep
|turn|14
|
|t:|1743787770
|move|p2a: Hoopa|Psychic|p1a: Regirock
|-crit|p1a: Regirock
|-damage|p1a: Regirock|0 fnt
|faint|p1a: Regirock
|
|upkeep
|
|t:|1743787791
|switch|p1a: Hydrapple|Hydrapple, F|100/100
|turn|15
|
|t:|1743787800
|move|p2a: Hoopa|Hyperspace Fury|p1a: Hydrapple
|-damage|p1a: Hydrapple|51/100
|-unboost|p2a: Hoopa|def|1
|move|p1a: Hydrapple|Giga Drain|p2a: Hoopa
|-damage|p2a: Hoopa|71/100
|-heal|p1a: Hydrapple|64/100|[from] drain|[of] p2a: Hoopa
|
|upkeep
|turn|16
|
|t:|1743787821
|switch|p2a: Hatterene|Hatterene, F|47/100
|move|p1a: Hydrapple|Giga Drain|p2a: Hatterene
|-damage|p2a: Hatterene|2/100
|-heal|p1a: Hydrapple|82/100|[from] drain|[of] p2a: Hatterene
|
|upkeep
|turn|17
|
|t:|1743787825
|move|p1a: Hydrapple|Giga Drain|p2a: Hatterene
|-damage|p2a: Hatterene|0 fnt
|-heal|p1a: Hydrapple|82/100|[from] drain|[of] p2a: Hatterene
|faint|p2a: Hatterene
|
|upkeep
|
|t:|1743787833
|switch|p2a: Mimikyu|Mimikyu, M|100/100
|turn|18
|
|t:|1743787845
|-terastallize|p1a: Hydrapple|Steel
|move|p2a: Mimikyu|Curse|p1a: Hydrapple
|-start|p1a: Hydrapple|Curse|[of] p2a: Mimikyu
|-damage|p2a: Mimikyu|50/100
|move|p1a: Hydrapple|Giga Drain|p2a: Mimikyu
|-activate|p2a: Mimikyu|ability: Disguise
|-damage|p2a: Mimikyu|50/100
|detailschange|p2a: Mimikyu|Mimikyu-Busted, M
|-damage|p2a: Mimikyu|38/100|[from] pokemon: Mimikyu-Busted
|-enditem|p2a: Mimikyu|Red Card|[of] p1a: Hydrapple
|drag|p1a: Great Tusk|Great Tusk|100/100
|
|upkeep
|turn|19
|
|t:|1743787865
|move|p1a: Great Tusk|Headlong Rush|p2a: Mimikyu
|-damage|p2a: Mimikyu|0 fnt
|-unboost|p1a: Great Tusk|def|1
|-unboost|p1a: Great Tusk|spd|1
|faint|p2a: Mimikyu
|
|upkeep
|
|t:|1743787868
|switch|p2a: Hoopa|Hoopa-Unbound, tera:Fighting|71/100
|turn|20
|
|t:|1743787872
|-end|p1a: Great Tusk|Protosynthesis|[silent]
|switch|p1a: Hydrapple|Hydrapple, F, tera:Steel|100/100
|move|p2a: Hoopa|Trick Room|p2a: Hoopa
|-fieldstart|move: Trick Room|[of] p2a: Hoopa
|
|upkeep
|turn|21
|
|t:|1743787881
|move|p1a: Hydrapple|Giga Drain|p2a: Hoopa
|-damage|p2a: Hoopa|40/100
|move|p2a: Hoopa|Drain Punch|p1a: Hydrapple
|-supereffective|p1a: Hydrapple
|-damage|p1a: Hydrapple|25/100
|-heal|p2a: Hoopa|83/100|[from] drain|[of] p1a: Hydrapple
|
|upkeep
|turn|22
|
|t:|1743787891
|move|p1a: Hydrapple|Draco Meteor|p2a: Hoopa
|-damage|p2a: Hoopa|34/100
|-unboost|p1a: Hydrapple|spa|2
|move|p2a: Hoopa|Drain Punch|p1a: Hydrapple
|-supereffective|p1a: Hydrapple
|-damage|p1a: Hydrapple|0 fnt
|-heal|p2a: Hoopa|48/100|[from] drain|[of] p1a: Hydrapple
|faint|p1a: Hydrapple
|
|upkeep
|
|t:|1743787895
|switch|p1a: Great Tusk|Great Tusk|100/100
|turn|23
|
|t:|1743787900
|move|p2a: Hoopa|Psychic|p1a: Great Tusk
|-supereffective|p1a: Great Tusk
|-damage|p1a: Great Tusk|0 fnt
|faint|p1a: Great Tusk
|-end|p1a: Great Tusk|Protosynthesis|[silent]
|
|win|Celest107
|raw|lethalwolf's rating: 1270 &rarr; <strong>1251</strong><br />(-19 for losing)
|raw|Celest107's rating: 1354 &rarr; <strong>1369</strong><br />(+15 for winning)
|l|☆lethalwolf
|player|p1|
|l|☆Celest107
|player|p2|
