|j|☆Dremalve
|j|☆Timmy Cat/Alien
|t:|1743821805
|gametype|singles
|player|p1|Dremalve|dancer|1250
|player|p2|Timmy Cat/Alien|yellow|1258
|teamsize|p1|6
|teamsize|p2|6
|gen|9
|tier|[Gen 9] OU
|rated|
|rule|HP Percentage Mod: HP is shown in percentages
|rule|Endless Battle Clause: Forcing endless battles is banned
|rule|Species Clause: Limit one of each Pokémon
|rule|OHKO Clause: OHKO moves are banned
|rule|Evasion Items Clause: Evasion items are banned
|rule|Evasion Moves Clause: Evasion moves are banned
|rule|Sleep Moves Clause: Sleep-inducing moves are banned
|clearpoke
|poke|p1|Heracross, M|
|poke|p1|Metagross|
|poke|p1|Toucannon, M|
|poke|p1|Frosmoth, F|
|poke|p1|Tatsugiri, F|
|poke|p1|Skeledirge, M|
|poke|p2|Gholdengo|
|poke|p2|Cinderace, F|
|poke|p2|Gliscor, F|
|poke|p2|Gallade, M|
|poke|p2|Iron Moth|
|poke|p2|Maushold|
|teampreview
|inactive|Battle timer is ON: inactive players will automatically lose when time's up. (requested by Dremalve)
|inactive|Dremalve has 120 seconds left.
|
|t:|1743821860
|start
|switch|p1a: Toucannon|Toucannon, M|100/100
|switch|p2a: Maushold|Maushold|100/100
|turn|1
|
|t:|1743821864
|-singleturn|p1a: Toucannon|move: Beak Blast
|move|p2a: Maushold|Population Bomb|p1a: Toucannon
|-crit|p1a: Toucannon
|-damage|p1a: Toucannon|85/100
|-status|p2a: Maushold|brn
|-damage|p2a: Maushold|84/100 brn|[from] item: Rocky Helmet|[of] p1a: Toucannon
|-damage|p1a: Toucannon|81/100
|-damage|p2a: Maushold|67/100 brn|[from] item: Rocky Helmet|[of] p1a: Toucannon
|-crit|p1a: Toucannon
|-damage|p1a: Toucannon|74/100
|-damage|p2a: Maushold|51/100 brn|[from] item: Rocky Helmet|[of] p1a: Toucannon
|-damage|p1a: Toucannon|69/100
|-damage|p2a: Maushold|34/100 brn|[from] item: Rocky Helmet|[of] p1a: Toucannon
|-damage|p1a: Toucannon|64/100
|-damage|p2a: Maushold|17/100 brn|[from] item: Rocky Helmet|[of] p1a: Toucannon
|-damage|p1a: Toucannon|60/100
|-damage|p2a: Maushold|1/100 brn|[from] item: Rocky Helmet|[of] p1a: Toucannon
|-damage|p1a: Toucannon|56/100
|-damage|p2a: Maushold|0 fnt|[from] item: Rocky Helmet|[of] p1a: Toucannon
|faint|p2a: Maushold
|-hitcount|p1a: Toucannon|7
|move|p1a: Toucannon|Beak Blast|p2: Maushold|[notarget]
|-fail|p1a: Toucannon
|
|upkeep
|inactive|Timmy Cat/Alien has 120 seconds left.
|inactive|Timmy Cat/Alien has 90 seconds left.
|inactive|Timmy Cat/Alien has 60 seconds left.
|
|t:|1743821975
|switch|p2a: Iron Moth|Iron Moth, shiny|100/100
|-enditem|p2a: Iron Moth|Booster Energy
|-activate|p2a: Iron Moth|ability: Quark Drive|[fromitem]
|-start|p2a: Iron Moth|quarkdrivespe
|turn|2
|
|t:|1743821987
|switch|p1a: Metagross|Metagross|100/100
|move|p2a: Iron Moth|Fiery Dance|p1a: Metagross
|-supereffective|p1a: Metagross
|-damage|p1a: Metagross|42/100
|-boost|p2a: Iron Moth|spa|1
|
|upkeep
|turn|3
|
|t:|1743822014
|move|p2a: Iron Moth|Fiery Dance|p1a: Metagross
|-supereffective|p1a: Metagross
|-damage|p1a: Metagross|0 fnt
|faint|p1a: Metagross
|
|upkeep
|
|t:|1743822019
|switch|p1a: Skeledirge|Skeledirge, M|100/100
|turn|4
|
|t:|1743822025
|-end|p2a: Iron Moth|Quark Drive|[silent]
|switch|p2a: Gliscor|Gliscor, F, shiny|100/100
|move|p1a: Skeledirge|Earth Power|p2a: Gliscor
|-immune|p2a: Gliscor
|
|-status|p2a: Gliscor|tox|[from] item: Toxic Orb
|upkeep
|turn|5
|
|t:|1743822036
|switch|p1a: Tatsugiri|Tatsugiri, F|100/100
|move|p2a: Gliscor|Toxic|p1a: Tatsugiri
|-status|p1a: Tatsugiri|tox
|
|-damage|p1a: Tatsugiri|94/100 tox|[from] psn
|upkeep
|turn|6
|
|t:|1743822044
|move|p2a: Gliscor|Protect|p2a: Gliscor
|-singleturn|p2a: Gliscor|Protect
|move|p1a: Tatsugiri|Hydro Pump|p2a: Gliscor
|-activate|p2a: Gliscor|move: Protect
|
|-damage|p1a: Tatsugiri|82/100 tox|[from] psn
|upkeep
|turn|7
|inactive|Timmy Cat/Alien has 60 seconds left.
|
|t:|1743822085
|switch|p2a: Gholdengo|Gholdengo, shiny|100/100
|move|p1a: Tatsugiri|Hydro Pump|p2a: Gholdengo
|-damage|p2a: Gholdengo|41/100
|-enditem|p2a: Gholdengo|Sitrus Berry|[eat]
|-heal|p2a: Gholdengo|66/100|[from] item: Sitrus Berry
|
|-damage|p1a: Tatsugiri|64/100 tox|[from] psn
|upkeep
|turn|8
|inactive|Dremalve has 120 seconds left.
|
|t:|1743822129
|move|p1a: Tatsugiri|Hydro Pump|p2a: Gholdengo|[miss]
|-miss|p1a: Tatsugiri|p2a: Gholdengo
|move|p2a: Gholdengo|Shadow Ball|p1a: Tatsugiri
|-damage|p1a: Tatsugiri|8/100 tox
|
|-damage|p1a: Tatsugiri|0 fnt|[from] psn
|faint|p1a: Tatsugiri
|upkeep
|inactive|Dremalve has 90 seconds left.
|inactive|Dremalve has 60 seconds left.
|inactive|Dremalve has 30 seconds left.
|inactive|Dremalve has 20 seconds left.
|inactive|Dremalve has 15 seconds left.
|inactive|Dremalve has 10 seconds left.
|inactive|Dremalve has 5 seconds left.
|-message|Dremalve lost due to inactivity.
|
|win|Timmy Cat/Alien
|raw|Dremalve's rating: 1250 &rarr; <strong>1226</strong><br />(-24 for losing)
|raw|Timmy Cat&#x2f;Alien's rating: 1258 &rarr; <strong>1282</strong><br />(+24 for winning)
|l|☆Timmy Cat/Alien
|player|p2|
