|j|☆thegreenroad
|j|☆littlewhitedog
|t:|1743927906
|gametype|singles
|player|p1|thegreenroad|169|1141
|player|p2|littlewhitedog|102|1163
|teamsize|p1|6
|teamsize|p2|6
|gen|9
|tier|[Gen 9] OU
|rated|
|rule|HP Percentage Mod: HP is shown in percentages
|rule|Endless Battle Clause: Forcing endless battles is banned
|rule|Species Clause: Limit one of each Pokémon
|rule|OHKO Clause: OHKO moves are banned
|rule|Evasion Items Clause: Evasion items are banned
|rule|Evasion Moves Clause: Evasion moves are banned
|rule|Sleep Moves Clause: Sleep-inducing moves are banned
|clearpoke
|poke|p1|Hydrapple, M|
|poke|p1|Tinkaton, F|
|poke|p1|Moltres|
|poke|p1|Rotom-Wash|
|poke|p1|Great Tusk|
|poke|p1|Darkrai|
|poke|p2|Ting-Lu|
|poke|p2|Beartic, M|
|poke|p2|Ogerpon-Cornerstone, F|
|poke|p2|Corviknight, F|
|poke|p2|Slowking-Galar, F|
|poke|p2|Alomomola, F|
|teampreview
|
|t:|1743927938
|start
|switch|p1a: Hydrapple|Hydrapple, M|100/100
|switch|p2a: Glow Up|Slowking-Galar, F|100/100
|turn|1
|
|t:|1743927950
|switch|p1a: Tinkaton|Tinkaton, F|100/100
|-ability|p1a: Tinkaton|Mold Breaker
|-prepare|p2a: Glow Up|Chilly Reception|[premajor]
|move|p2a: Glow Up|Chilly Reception|p2a: Glow Up
|-weather|Snowscape
|
|t:|1743927957
|switch|p2a: Pyramid Head|Ting-Lu|100/100|[from] Chilly Reception
|-ability|p2a: Pyramid Head|Vessel of Ruin
|
|-weather|Snowscape|[upkeep]
|upkeep
|turn|2
|
|t:|1743927975
|switch|p2a: Pong|Ogerpon-Cornerstone, F|100/100
|move|p1a: Tinkaton|Stealth Rock|p2a: Pong
|-sidestart|p2: littlewhitedog|move: Stealth Rock
|
|-weather|Snowscape|[upkeep]
|upkeep
|turn|3
|
|t:|1743927988
|switch|p2a: Pyramid Head|Ting-Lu|100/100
|-damage|p2a: Pyramid Head|94/100|[from] Stealth Rock
|-ability|p2a: Pyramid Head|Vessel of Ruin
|move|p1a: Tinkaton|Gigaton Hammer|p2a: Pyramid Head
|-damage|p2a: Pyramid Head|70/100
|
|-weather|Snowscape|[upkeep]
|-heal|p2a: Pyramid Head|77/100|[from] item: Leftovers
|upkeep
|turn|4
|
|t:|1743928009
|switch|p1a: Hydrapple|Hydrapple, M|100/100
|move|p2a: Pyramid Head|Earthquake|p1a: Hydrapple
|-resisted|p1a: Hydrapple
|-damage|p1a: Hydrapple|87/100
|
|-weather|Snowscape|[upkeep]
|-heal|p2a: Pyramid Head|83/100|[from] item: Leftovers
|upkeep
|turn|5
|
|t:|1743928027
|switch|p2a: Mecha Sonic|Corviknight, F|100/100
|-damage|p2a: Mecha Sonic|88/100|[from] Stealth Rock
|-ability|p2a: Mecha Sonic|Pressure
|move|p1a: Hydrapple|Nasty Plot|p1a: Hydrapple
|-boost|p1a: Hydrapple|spa|2
|
|-weather|Snowscape|[upkeep]
|upkeep
|turn|6
|
|t:|1743928043
|move|p2a: Mecha Sonic|Defog|p1a: Hydrapple
|-unboost|p1a: Hydrapple|evasion|1
|-sideend|p2: littlewhitedog|Stealth Rock|[from] move: Defog|[of] p2a: Mecha Sonic
|move|p1a: Hydrapple|Fickle Beam|p2a: Mecha Sonic
|-resisted|p2a: Mecha Sonic
|-damage|p2a: Mecha Sonic|51/100
|
|-weather|Snowscape|[upkeep]
|upkeep
|turn|7
|
|t:|1743928059
|move|p2a: Mecha Sonic|Roost|p2a: Mecha Sonic
|-heal|p2a: Mecha Sonic|100/100
|-singleturn|p2a: Mecha Sonic|move: Roost
|move|p1a: Hydrapple|Fickle Beam|p2a: Mecha Sonic|[anim] Fickle Beam All Out
|-activate|p1a: Hydrapple|move: Fickle Beam
|-resisted|p2a: Mecha Sonic
|-damage|p2a: Mecha Sonic|16/100
|
|-weather|Snowscape|[upkeep]
|upkeep
|turn|8
|
|t:|1743928068
|move|p2a: Mecha Sonic|Roost|p2a: Mecha Sonic
|-heal|p2a: Mecha Sonic|66/100
|-singleturn|p2a: Mecha Sonic|move: Roost
|move|p1a: Hydrapple|Fickle Beam|p2a: Mecha Sonic
|-resisted|p2a: Mecha Sonic
|-damage|p2a: Mecha Sonic|23/100
|
|-weather|none
|upkeep
|turn|9
|
|t:|1743928075
|move|p2a: Mecha Sonic|Roost|p2a: Mecha Sonic
|-heal|p2a: Mecha Sonic|73/100
|-singleturn|p2a: Mecha Sonic|move: Roost
|move|p1a: Hydrapple|Nasty Plot|p1a: Hydrapple
|-boost|p1a: Hydrapple|spa|2
|
|upkeep
|turn|10
|
|t:|1743928085
|move|p2a: Mecha Sonic|Roost|p2a: Mecha Sonic
|-heal|p2a: Mecha Sonic|100/100
|-singleturn|p2a: Mecha Sonic|move: Roost
|move|p1a: Hydrapple|Fickle Beam|p2a: Mecha Sonic|[anim] Fickle Beam All Out
|-activate|p1a: Hydrapple|move: Fickle Beam
|-resisted|p2a: Mecha Sonic
|-damage|p2a: Mecha Sonic|0 fnt
|faint|p2a: Mecha Sonic
|
|upkeep
|
|t:|1743928096
|switch|p2a: Ice King|Beartic, M|100/100
|turn|11
|
|t:|1743928122
|-terastallize|p1a: Hydrapple|Fairy
|move|p2a: Ice King|Earthquake|p1a: Hydrapple
|-damage|p1a: Hydrapple|60/100
|move|p1a: Hydrapple|Earth Power|p2a: Ice King
|-damage|p2a: Ice King|0 fnt
|faint|p2a: Ice King
|
|upkeep
|-message|littlewhitedog forfeited.
|
|win|thegreenroad
|raw|thegreenroad's rating: 1141 &rarr; <strong>1168</strong><br />(+27 for winning)
|raw|littlewhitedog's rating: 1163 &rarr; <strong>1136</strong><br />(-27 for losing)
|l|☆littlewhitedog
|player|p2|
|c|☆thegreenroad|gg
|l|☆thegreenroad
|player|p1|
