|j|☆PearPimples
|j|☆Wedlinysokolow
|t:|1743874647
|gametype|singles
|player|p1|PearPimples|101|1111
|player|p2|Wedlinysokolow|101|1111
|teamsize|p1|6
|teamsize|p2|6
|gen|9
|tier|[Gen 9] OU
|rated|
|rule|HP Percentage Mod: HP is shown in percentages
|rule|Endless Battle Clause: Forcing endless battles is banned
|rule|Species Clause: Limit one of each Pokémon
|rule|OHKO Clause: OHKO moves are banned
|rule|Evasion Items Clause: Evasion items are banned
|rule|Evasion Moves Clause: Evasion moves are banned
|rule|Sleep Moves Clause: Sleep-inducing moves are banned
|clearpoke
|poke|p1|Garchomp, M|
|poke|p1|Corviknight, M|
|poke|p1|Rotom-Wash|
|poke|p1|Kingdra, M|
|poke|p1|Tentacruel, M|
|poke|p1|Terrakion|
|poke|p2|Blaziken, F|
|poke|p2|Sinistcha|
|poke|p2|Kommo-o, F|
|poke|p2|Regidrago|
|poke|p2|Corviknight, F|
|poke|p2|Crawdaunt, F|
|teampreview
|
|t:|1743874656
|start
|switch|p1a: Garchomp|Garchomp, M|100/100
|switch|p2a: Corviknight|Corviknight, F|100/100
|-ability|p2a: Corviknight|Pressure
|turn|1
|
|t:|1743874663
|move|p1a: Garchomp|Spikes|p2a: Corviknight
|-sidestart|p2: Wedlinysokolow|Spikes
|move|p2a: Corviknight|Brave Bird|p1a: Garchomp
|-damage|p1a: Garchomp|23/100
|-damage|p2a: Corviknight|88/100|[from] ability: Rough Skin|[of] p1a: Garchomp
|-damage|p2a: Corviknight|72/100|[from] item: Rocky Helmet|[of] p1a: Garchomp
|-damage|p2a: Corviknight|47/100|[from] Recoil
|
|upkeep
|turn|2
|
|t:|1743874676
|move|p2a: Corviknight|Brave Bird|p1a: Garchomp
|-damage|p1a: Garchomp|0 fnt
|-damage|p2a: Corviknight|35/100|[from] ability: Rough Skin|[of] p1a: Garchomp
|-damage|p2a: Corviknight|18/100|[from] item: Rocky Helmet|[of] p1a: Garchomp
|faint|p1a: Garchomp
|-damage|p2a: Corviknight|11/100|[from] Recoil
|
|upkeep
|
|t:|1743874686
|switch|p1a: Rotom|Rotom-Wash, shiny|100/100
|turn|3
|
|t:|1743874691
|move|p1a: Rotom|Volt Switch|p2a: Corviknight
|-supereffective|p2a: Corviknight
|-damage|p2a: Corviknight|0 fnt
|faint|p2a: Corviknight
|
|t:|1743874695
|switch|p1a: Terrakion|Terrakion, shiny|100/100|[from] Volt Switch
|
|upkeep
|
|t:|1743874698
|switch|p2a: Kommo-o|Kommo-o, F|100/100
|-damage|p2a: Kommo-o|88/100|[from] Spikes
|turn|4
|
|t:|1743874705
|move|p1a: Terrakion|Stealth Rock|p2a: Kommo-o
|-sidestart|p2: Wedlinysokolow|move: Stealth Rock
|move|p2a: Kommo-o|Clangorous Soul|p2a: Kommo-o
|-boost|p2a: Kommo-o|atk|1
|-boost|p2a: Kommo-o|def|1
|-boost|p2a: Kommo-o|spa|1
|-boost|p2a: Kommo-o|spd|1
|-boost|p2a: Kommo-o|spe|1
|-damage|p2a: Kommo-o|55/100
|-enditem|p2a: Kommo-o|Throat Spray
|-boost|p2a: Kommo-o|spa|1|[from] item: Throat Spray
|
|upkeep
|turn|5
|
|t:|1743874740
|move|p2a: Kommo-o|Clanging Scales|p1a: Terrakion
|-enditem|p1a: Terrakion|Focus Sash
|-damage|p1a: Terrakion|1/100
|-unboost|p2a: Kommo-o|def|1
|move|p1a: Terrakion|Stone Edge|p2a: Kommo-o|[miss]
|-miss|p1a: Terrakion|p2a: Kommo-o
|
|upkeep
|turn|6
|
|t:|1743874768
|switch|p1a: Kingdra|Kingdra, M, shiny|100/100
|move|p2a: Kommo-o|Clangorous Soul|p2a: Kommo-o
|-boost|p2a: Kommo-o|atk|1
|-boost|p2a: Kommo-o|def|1
|-boost|p2a: Kommo-o|spa|1
|-boost|p2a: Kommo-o|spd|1
|-boost|p2a: Kommo-o|spe|1
|-damage|p2a: Kommo-o|22/100
|
|upkeep
|turn|7
|
|t:|1743874781
|move|p2a: Kommo-o|Clanging Scales|p1a: Kingdra
|-supereffective|p1a: Kingdra
|-damage|p1a: Kingdra|0 fnt
|faint|p1a: Kingdra
|-unboost|p2a: Kommo-o|def|1
|
|upkeep
|
|t:|1743874789
|switch|p1a: Tentacruel|Tentacruel, M, shiny|100/100
|turn|8
|
|t:|1743874796
|move|p1a: Tentacruel|Protect|p1a: Tentacruel
|-singleturn|p1a: Tentacruel|Protect
|move|p2a: Kommo-o|Boomburst|p1a: Tentacruel
|-activate|p1a: Tentacruel|move: Protect
|
|upkeep
|turn|9
|
|t:|1743874803
|move|p2a: Kommo-o|Clanging Scales|p1a: Tentacruel
|-damage|p1a: Tentacruel|5/100
|-unboost|p2a: Kommo-o|def|1
|move|p1a: Tentacruel|Surf|p2a: Kommo-o
|-resisted|p2a: Kommo-o
|-damage|p2a: Kommo-o|15/100
|
|-heal|p1a: Tentacruel|11/100|[from] item: Black Sludge
|upkeep
|turn|10
|
|t:|1743874813
|move|p1a: Tentacruel|Protect|p1a: Tentacruel
|-singleturn|p1a: Tentacruel|Protect
|move|p2a: Kommo-o|Boomburst|p1a: Tentacruel
|-activate|p1a: Tentacruel|move: Protect
|
|-heal|p1a: Tentacruel|18/100|[from] item: Black Sludge
|upkeep
|turn|11
|
|t:|1743874822
|move|p2a: Kommo-o|Boomburst|p1a: Tentacruel
|-damage|p1a: Tentacruel|0 fnt
|faint|p1a: Tentacruel
|
|upkeep
|
|t:|1743874830
|switch|p1a: Rotom|Rotom-Wash, shiny|100/100
|turn|12
|
|t:|1743874845
|move|p2a: Kommo-o|Boomburst|p1a: Rotom
|-damage|p1a: Rotom|21/100
|move|p1a: Rotom|Thunder Wave|p2a: Kommo-o
|-status|p2a: Kommo-o|par
|
|-heal|p1a: Rotom|27/100|[from] item: Leftovers
|upkeep
|turn|13
|
|t:|1743874856
|move|p2a: Kommo-o|Clanging Scales|p1a: Rotom
|-damage|p1a: Rotom|0 fnt
|faint|p1a: Rotom
|-unboost|p2a: Kommo-o|def|1
|
|upkeep
|
|t:|1743874861
|switch|p1a: Corviknight|Corviknight, M|100/100
|-ability|p1a: Corviknight|Pressure
|turn|14
|
|t:|1743874868
|cant|p2a: Kommo-o|par
|move|p1a: Corviknight|Brave Bird|p2a: Kommo-o
|-supereffective|p2a: Kommo-o
|-damage|p2a: Kommo-o|0 fnt
|faint|p2a: Kommo-o
|-damage|p1a: Corviknight|97/100|[from] Recoil
|
|-heal|p1a: Corviknight|100/100|[from] item: Leftovers
|upkeep
|
|t:|1743874877
|switch|p2a: Sinistcha|Sinistcha|100/100
|turn|15
|
|t:|1743874888
|move|p2a: Sinistcha|Strength Sap|p1a: Corviknight
|-unboost|p1a: Corviknight|atk|1
|move|p1a: Corviknight|Brave Bird|p2a: Sinistcha
|-supereffective|p2a: Sinistcha
|-damage|p2a: Sinistcha|65/100
|-damage|p1a: Corviknight|90/100|[from] Recoil
|
|-heal|p1a: Corviknight|97/100|[from] item: Leftovers
|upkeep
|turn|16
|
|t:|1743874901
|switch|p1a: Terrakion|Terrakion, shiny|1/100
|move|p2a: Sinistcha|Strength Sap|p1a: Terrakion
|-unboost|p1a: Terrakion|atk|1
|-heal|p2a: Sinistcha|100/100
|
|upkeep
|turn|17
|
|t:|1743874912
|-terastallize|p2a: Sinistcha|Poison
|move|p1a: Terrakion|Stone Edge|p2a: Sinistcha
|-damage|p2a: Sinistcha|75/100
|move|p2a: Sinistcha|Shadow Ball|p1a: Terrakion
|-damage|p1a: Terrakion|0 fnt
|faint|p1a: Terrakion
|
|upkeep
|
|t:|1743874920
|switch|p1a: Corviknight|Corviknight, M|97/100
|-ability|p1a: Corviknight|Pressure
|turn|18
|
|t:|1743874924
|move|p2a: Sinistcha|Matcha Gotcha|p1a: Corviknight
|-resisted|p1a: Corviknight
|-damage|p1a: Corviknight|91/100
|-heal|p2a: Sinistcha|79/100|[from] drain|[of] p1a: Corviknight
|-status|p1a: Corviknight|brn
|move|p1a: Corviknight|Brave Bird|p2a: Sinistcha
|-damage|p2a: Sinistcha|64/100
|-damage|p1a: Corviknight|86/100 brn|[from] Recoil
|
|-heal|p1a: Corviknight|93/100 brn|[from] item: Leftovers
|-damage|p1a: Corviknight|86/100 brn|[from] brn
|upkeep
|turn|19
|inactive|Battle timer is ON: inactive players will automatically lose when time's up. (requested by Wedlinysokolow)
|
|t:|1743874960
|move|p2a: Sinistcha|Calm Mind|p2a: Sinistcha
|-boost|p2a: Sinistcha|spa|1
|-boost|p2a: Sinistcha|spd|1
|move|p1a: Corviknight|Brave Bird|p2a: Sinistcha
|-damage|p2a: Sinistcha|51/100
|-damage|p1a: Corviknight|83/100 brn|[from] Recoil
|
|-heal|p1a: Corviknight|89/100 brn|[from] item: Leftovers
|-damage|p1a: Corviknight|83/100 brn|[from] brn
|upkeep
|turn|20
|
|t:|1743874970
|move|p2a: Sinistcha|Shadow Ball|p1a: Corviknight
|-damage|p1a: Corviknight|49/100 brn
|-unboost|p1a: Corviknight|spd|1
|move|p1a: Corviknight|Brave Bird|p2a: Sinistcha
|-damage|p2a: Sinistcha|38/100
|-damage|p1a: Corviknight|45/100 brn|[from] Recoil
|
|-heal|p1a: Corviknight|52/100 brn|[from] item: Leftovers
|-damage|p1a: Corviknight|45/100 brn|[from] brn
|upkeep
|turn|21
|
|t:|1743874990
|move|p2a: Sinistcha|Shadow Ball|p1a: Corviknight
|-damage|p1a: Corviknight|0 fnt
|faint|p1a: Corviknight
|
|win|Wedlinysokolow
|raw|PearPimples's rating: 1111 &rarr; <strong>1086</strong><br />(-25 for losing)
|raw|Wedlinysokolow's rating: 1111 &rarr; <strong>1136</strong><br />(+25 for winning)
|l|☆PearPimples
|player|p1|
|l|☆Wedlinysokolow
|player|p2|
