|j|☆monohue
|j|☆Xwipe Serious
|t:|1743825773
|gametype|singles
|player|p1|monohue|scientist-gen4dp|1697
|player|p2|Xwipe Serious|101|1699
|teamsize|p1|6
|teamsize|p2|6
|gen|9
|tier|[Gen 9] OU
|rated|
|rule|HP Percentage Mod: HP is shown in percentages
|rule|Endless Battle Clause: Forcing endless battles is banned
|rule|Species Clause: Limit one of each Pokémon
|rule|OHKO Clause: OHKO moves are banned
|rule|Evasion Items Clause: Evasion items are banned
|rule|Evasion Moves Clause: Evasion moves are banned
|rule|Sleep Moves Clause: Sleep-inducing moves are banned
|clearpoke
|poke|p1|Toedscruel, F|
|poke|p1|Alomomola, M|
|poke|p1|Goodra-Hisui, M|
|poke|p1|Slowking-Galar, M|
|poke|p1|Zamazenta-*|
|poke|p1|Moltres|
|poke|p2|Kingambit, F|
|poke|p2|Garchomp, F|
|poke|p2|Dragonite, F|
|poke|p2|Ogerpon-Wellspring, F|
|poke|p2|Gholdengo|
|poke|p2|Samurott-Hisui, F|
|teampreview
|j| EVE09
|
|t:|1743825785
|start
|switch|p1a: mr. squidward|Toedscruel, F, shiny|100/100
|switch|p2a: do not spin|Garchomp, F|100/100
|turn|1
|
|t:|1743825788
|move|p2a: do not spin|Draco Meteor|p1a: mr. squidward
|-damage|p1a: mr. squidward|67/100
|-unboost|p2a: do not spin|spa|2
|move|p1a: mr. squidward|Toxic|p2a: do not spin
|-status|p2a: do not spin|tox
|
|-damage|p2a: do not spin|94/100 tox|[from] psn
|upkeep
|turn|2
|
|t:|1743825797
|switch|p1a: Spongebob|Alomomola, M|100/100
|move|p2a: do not spin|Stealth Rock|p1a: Spongebob
|-sidestart|p1: monohue|move: Stealth Rock
|
|-damage|p2a: do not spin|82/100 tox|[from] psn
|upkeep
|turn|3
|
|t:|1743825801
|switch|p2a: Ogerpon|Ogerpon-Wellspring, F|100/100
|move|p1a: Spongebob|Wish|p1a: Spongebob
|
|upkeep
|turn|4
|j| Ioque
|
|t:|1743825811
|switch|p1a: Maowww|Goodra-Hisui, M|100/100
|-damage|p1a: Maowww|94/100|[from] Stealth Rock
|move|p2a: Ogerpon|Swords Dance|p2a: Ogerpon
|-boost|p2a: Ogerpon|atk|2
|
|-heal|p1a: Maowww|100/100|[from] move: Wish|[wisher] Spongebob
|upkeep
|turn|5
|j| xhawiwihawawax
|
|t:|1743825820
|-terastallize|p2a: Ogerpon|Water
|detailschange|p2a: Ogerpon|Ogerpon-Wellspring-Tera, F, tera:Water
|-ability|p2a: Ogerpon|Embody Aspect (Wellspring)|boost
|-boost|p2a: Ogerpon|spd|1
|move|p2a: Ogerpon|Ivy Cudgel|p1a: Maowww|[anim] Ivy Cudgel Water
|-resisted|p1a: Maowww
|-damage|p1a: Maowww|38/100
|move|p1a: Maowww|Dragon Pulse|p2a: Ogerpon
|-damage|p2a: Ogerpon|75/100
|
|upkeep
|turn|6
|inactive|Battle timer is ON: inactive players will automatically lose when time's up. (requested by Xwipe Serious)
|
|t:|1743825848
|move|p2a: Ogerpon|Ivy Cudgel|p1a: Maowww|[anim] Ivy Cudgel Water
|-resisted|p1a: Maowww
|-damage|p1a: Maowww|0 fnt
|faint|p1a: Maowww
|
|upkeep
|
|t:|1743825853
|switch|p1a: patchy the pirate|Zamazenta, shiny|100/100
|-damage|p1a: patchy the pirate|94/100|[from] Stealth Rock
|-ability|p1a: patchy the pirate|Dauntless Shield|boost
|-boost|p1a: patchy the pirate|def|1
|turn|7
|
|t:|1743825861
|switch|p2a: Gholdengo|Gholdengo|100/100
|-item|p2a: Gholdengo|Air Balloon
|move|p1a: patchy the pirate|Body Press|p2a: Gholdengo
|-immune|p2a: Gholdengo
|
|-heal|p1a: patchy the pirate|100/100|[from] item: Leftovers
|upkeep
|turn|8
|
|t:|1743825866
|switch|p1a: potty parrot|Moltres, shiny|100/100
|switch|p2a: do not spin|Garchomp, F|82/100 tox
|
|-damage|p2a: do not spin|76/100 tox|[from] psn
|upkeep
|turn|9
|
|t:|1743825871
|switch|p1a: mr. squidward|Toedscruel, F, shiny|67/100
|-damage|p1a: mr. squidward|61/100|[from] Stealth Rock
|move|p2a: do not spin|Stone Edge|p1a: mr. squidward
|-resisted|p1a: mr. squidward
|-damage|p1a: mr. squidward|39/100
|
|-damage|p2a: do not spin|64/100 tox|[from] psn
|upkeep
|turn|10
|
|t:|1743825877
|switch|p2a: Ogerpon|Ogerpon-Wellspring-Tera, F, tera:Water|75/100
|-ability|p2a: Ogerpon|Embody Aspect (Wellspring)|boost
|-boost|p2a: Ogerpon|spd|1
|switch|p1a: Spongebob|Alomomola, M|100/100
|
|upkeep
|turn|11
|
|t:|1743825882
|switch|p1a: potty parrot|Moltres, shiny|100/100
|move|p2a: Ogerpon|Trailblaze|p1a: potty parrot
|-resisted|p1a: potty parrot
|-damage|p1a: potty parrot|93/100
|-boost|p2a: Ogerpon|spe|1
|-status|p2a: Ogerpon|brn|[from] ability: Flame Body|[of] p1a: potty parrot
|
|-damage|p2a: Ogerpon|69/100 brn|[from] brn
|upkeep
|turn|12
|
|t:|1743825897
|switch|p1a: patchy the pirate|Zamazenta, shiny|100/100
|-damage|p1a: patchy the pirate|94/100|[from] Stealth Rock
|move|p2a: Ogerpon|Swords Dance|p2a: Ogerpon
|-boost|p2a: Ogerpon|atk|2
|
|-heal|p1a: patchy the pirate|100/100|[from] item: Leftovers
|-damage|p2a: Ogerpon|63/100 brn|[from] brn
|upkeep
|turn|13
|
|t:|1743825900
|move|p2a: Ogerpon|Ivy Cudgel|p1a: patchy the pirate|[anim] Ivy Cudgel Water
|-crit|p1a: patchy the pirate
|-damage|p1a: patchy the pirate|0 fnt
|faint|p1a: patchy the pirate
|
|-damage|p2a: Ogerpon|57/100 brn|[from] brn
|upkeep
|j| atlas tales
|
|t:|1743825912
|switch|p1a: potty parrot|Moltres, shiny|93/100
|turn|14
|
|t:|1743825917
|-terastallize|p1a: potty parrot|Grass
|move|p2a: Ogerpon|Ivy Cudgel|p1a: potty parrot|[anim] Ivy Cudgel Water
|-resisted|p1a: potty parrot
|-damage|p1a: potty parrot|54/100
|move|p1a: potty parrot|Roar|p2a: Ogerpon
|drag|p2a: Kababoum|Dragonite, F|100/100
|
|upkeep
|turn|15
|
|t:|1743825925
|move|p2a: Kababoum|Outrage|p1a: potty parrot
|-damage|p1a: potty parrot|0 fnt
|faint|p1a: potty parrot
|
|upkeep
|
|t:|1743825929
|switch|p1a: Spongebob|Alomomola, M|100/100
|turn|16
|
|t:|1743825931
|move|p2a: Kababoum|Outrage|p1a: Spongebob|[from] lockedmove
|-damage|p1a: Spongebob|42/100
|-start|p2a: Kababoum|confusion|[fatigue]
|move|p1a: Spongebob|Scald|p2a: Kababoum
|-resisted|p2a: Kababoum
|-damage|p2a: Kababoum|97/100
|-status|p2a: Kababoum|brn
|
|-damage|p2a: Kababoum|91/100 brn|[from] brn
|upkeep
|turn|17
|
|t:|1743825941
|switch|p2a: do not spin|Garchomp, F|64/100 tox
|move|p1a: Spongebob|Wish|p1a: Spongebob
|
|-damage|p2a: do not spin|57/100 tox|[from] psn
|upkeep
|turn|18
|
|t:|1743825946
|move|p1a: Spongebob|Protect|p1a: Spongebob
|-singleturn|p1a: Spongebob|Protect
|move|p2a: do not spin|Draco Meteor|p1a: Spongebob
|-activate|p1a: Spongebob|move: Protect
|
|-heal|p1a: Spongebob|92/100|[from] move: Wish|[wisher] Spongebob
|-damage|p2a: do not spin|45/100 tox|[from] psn
|upkeep
|turn|19
|
|t:|1743825952
|switch|p2a: Gholdengo|Gholdengo|100/100
|-item|p2a: Gholdengo|Air Balloon
|move|p1a: Spongebob|Wish|p1a: Spongebob
|
|upkeep
|turn|20
|
|t:|1743825956
|move|p2a: Gholdengo|Nasty Plot|p2a: Gholdengo
|-boost|p2a: Gholdengo|spa|2
|move|p1a: Spongebob|Flip Turn|p2a: Gholdengo
|-damage|p2a: Gholdengo|90/100
|-enditem|p2a: Gholdengo|Air Balloon
|
|t:|1743825962
|switch|p1a: mr. squidward|Toedscruel, F, shiny|39/100|[from] Flip Turn
|-damage|p1a: mr. squidward|33/100|[from] Stealth Rock
|
|-heal|p1a: mr. squidward|100/100|[from] move: Wish|[wisher] Spongebob
|upkeep
|turn|21
|
|t:|1743825971
|move|p2a: Gholdengo|Make It Rain|p1a: mr. squidward
|-damage|p1a: mr. squidward|33/100
|-unboost|p2a: Gholdengo|spa|1
|move|p1a: mr. squidward|Stun Spore|p2a: Gholdengo
|-status|p2a: Gholdengo|par
|
|upkeep
|turn|22
|
|t:|1743825986
|move|p1a: mr. squidward|Hex|p2a: Gholdengo
|-supereffective|p2a: Gholdengo
|-damage|p2a: Gholdengo|38/100 par
|move|p2a: Gholdengo|Shadow Ball|p1a: mr. squidward
|-damage|p1a: mr. squidward|0 fnt
|faint|p1a: mr. squidward
|
|upkeep
|
|t:|1743825992
|switch|p1a: Patrick|Slowking-Galar, M|100/100
|-damage|p1a: Patrick|88/100|[from] Stealth Rock
|turn|23
|
|t:|1743825995
|move|p2a: Gholdengo|Recover|p2a: Gholdengo
|-heal|p2a: Gholdengo|88/100 par
|move|p1a: Patrick|Fire Blast|p2a: Gholdengo
|-supereffective|p2a: Gholdengo
|-damage|p2a: Gholdengo|31/100 par
|
|upkeep
|turn|24
|
|t:|1743826002
|move|p2a: Gholdengo|Shadow Ball|p1a: Patrick
|-supereffective|p1a: Patrick
|-damage|p1a: Patrick|22/100
|-enditem|p1a: Patrick|Iapapa Berry|[eat]
|-heal|p1a: Patrick|56/100|[from] item: Iapapa Berry
|move|p1a: Patrick|Fire Blast|p2a: Gholdengo
|-supereffective|p2a: Gholdengo
|-damage|p2a: Gholdengo|0 fnt
|faint|p2a: Gholdengo
|
|upkeep
|
|t:|1743826008
|switch|p2a: do not spin|Garchomp, F|45/100 tox
|turn|25
|
|t:|1743826012
|switch|p1a: Spongebob|Alomomola, M|100/100
|move|p2a: do not spin|Earthquake|p1a: Spongebob
|-damage|p1a: Spongebob|76/100
|
|-damage|p2a: do not spin|39/100 tox|[from] psn
|upkeep
|turn|26
|
|t:|1743826017
|move|p2a: do not spin|Draco Meteor|p1a: Spongebob
|-damage|p1a: Spongebob|21/100
|-unboost|p2a: do not spin|spa|2
|move|p1a: Spongebob|Scald|p2a: do not spin
|-damage|p2a: do not spin|22/100 tox
|
|-damage|p2a: do not spin|9/100 tox|[from] psn
|upkeep
|turn|27
|
|t:|1743826022
|switch|p1a: Patrick|Slowking-Galar, M|89/100
|-damage|p1a: Patrick|77/100|[from] Stealth Rock
|move|p2a: do not spin|Draco Meteor|p1a: Patrick
|-damage|p1a: Patrick|63/100
|-unboost|p2a: do not spin|spa|2
|
|-damage|p2a: do not spin|0 fnt|[from] psn
|faint|p2a: do not spin
|upkeep
|
|t:|1743826025
|switch|p2a: Armani style|Kingambit, F|100/100
|-activate|p2a: Armani style|ability: Supreme Overlord
|-start|p2a: Armani style|fallen2|[silent]
|turn|28
|
|t:|1743826029
|move|p2a: Armani style|Kowtow Cleave|p1a: Patrick
|-supereffective|p1a: Patrick
|-damage|p1a: Patrick|0 fnt
|faint|p1a: Patrick
|
|upkeep
|
|t:|1743826031
|switch|p1a: Spongebob|Alomomola, M|54/100
|turn|29
|
|t:|1743826033
|move|p2a: Armani style|Kowtow Cleave|p1a: Spongebob
|-damage|p1a: Spongebob|26/100
|move|p1a: Spongebob|Scald|p2a: Armani style
|-damage|p2a: Armani style|90/100
|
|upkeep
|turn|30
|
|t:|1743826038
|move|p2a: Armani style|Kowtow Cleave|p1a: Spongebob
|-damage|p1a: Spongebob|0 fnt
|faint|p1a: Spongebob
|
|win|Xwipe Serious
|raw|monohue's rating: 1697 &rarr; <strong>1677</strong><br />(-20 for losing)
|raw|Xwipe Serious's rating: 1699 &rarr; <strong>1719</strong><br />(+20 for winning)
|l|☆monohue
|player|p1|
|l|☆Xwipe Serious
|player|p2|
|l| xhawiwihawawax
|l| Ioque
