|j|☆R. Caroline
|j|☆guesyo
|t:|1743912869
|gametype|singles
|player|p1|R. Caroline|pokemonrangerf-gen4|1567
|player|p2|guesyo|unknownf|1555
|teamsize|p1|6
|teamsize|p2|6
|gen|9
|tier|[Gen 9] OU
|rated|
|rule|HP Percentage Mod: HP is shown in percentages
|rule|Endless Battle Clause: Forcing endless battles is banned
|rule|Species Clause: Limit one of each Pokémon
|rule|OHKO Clause: OHKO moves are banned
|rule|Evasion Items Clause: Evasion items are banned
|rule|Evasion Moves Clause: Evasion moves are banned
|rule|Sleep Moves Clause: Sleep-inducing moves are banned
|clearpoke
|poke|p1|Latios, M|
|poke|p1|Chansey, F|
|poke|p1|Ursaluna, M|
|poke|p1|Scizor, M|
|poke|p1|Umbreon, F|
|poke|p1|Mew|
|poke|p2|Ogerpon-Wellspring, F|
|poke|p2|Gliscor, F|
|poke|p2|Bronzong|
|poke|p2|Corviknight, M|
|poke|p2|Landorus-Therian, M|
|poke|p2|Gholdengo|
|teampreview
|
|t:|1743912901
|start
|switch|p1a: Boston|Mew, shiny|100/100
|switch|p2a: Ogerpon|Ogerpon-Wellspring, F|100/100
|turn|1
|
|t:|1743912915
|move|p1a: Boston|Volt Switch|p2a: Ogerpon
|-crit|p2a: Ogerpon
|-damage|p2a: Ogerpon|62/100
|
|t:|1743912918
|switch|p1a: Dinah|Umbreon, F|100/100|[from] Volt Switch
|move|p2a: Ogerpon|Spikes|p1a: Dinah
|-sidestart|p1: R. Caroline|Spikes
|
|upkeep
|turn|2
|
|t:|1743912923
|move|p2a: Ogerpon|U-turn|p1a: Dinah
|-supereffective|p1a: Dinah
|-damage|p1a: Dinah|70/100
|-damage|p2a: Ogerpon|46/100|[from] item: Rocky Helmet|[of] p1a: Dinah
|
|t:|1743912930
|switch|p2a: Gliscor|Gliscor, F|100/100|[from] U-turn
|move|p1a: Dinah|Taunt|p2a: Gliscor
|-start|p2a: Gliscor|move: Taunt
|
|-status|p2a: Gliscor|tox|[from] item: Toxic Orb
|upkeep
|turn|3
|
|t:|1743912945
|switch|p1a: Etrig|Ursaluna, M, shiny|100/100
|-damage|p1a: Etrig|88/100|[from] Spikes
|move|p2a: Gliscor|Knock Off|p1a: Etrig
|-damage|p1a: Etrig|73/100
|-enditem|p1a: Etrig|Assault Vest|[from] move: Knock Off|[of] p2a: Gliscor
|
|upkeep
|turn|4
|
|t:|1743912952
|switch|p2a: Ogerpon|Ogerpon-Wellspring, F|46/100
|move|p1a: Etrig|Avalanche|p2a: Ogerpon
|-damage|p2a: Ogerpon|12/100
|
|upkeep
|turn|5
|
|t:|1743912961
|switch|p1a: Garf|Scizor, M, shiny|100/100
|move|p2a: Ogerpon|Ivy Cudgel|p1a: Garf|[anim] Ivy Cudgel Water
|-crit|p1a: Garf
|-damage|p1a: Garf|21/100
|
|upkeep
|turn|6
|
|t:|1743912968
|switch|p2a: Landorus|Landorus-Therian, M|100/100
|-ability|p2a: Landorus|Intimidate|boost
|-unboost|p1a: Garf|atk|1
|switch|p1a: Corrigan|Latios, M, shiny|100/100
|
|upkeep
|turn|7
|
|t:|1743912975
|move|p1a: Corrigan|Surf|p2a: Landorus
|-supereffective|p2a: Landorus
|-damage|p2a: Landorus|0 fnt
|faint|p2a: Landorus
|
|upkeep
|
|t:|1743912984
|switch|p2a: Ogerpon|Ogerpon-Wellspring, F|12/100
|turn|8
|
|t:|1743912992
|switch|p1a: Dinah|Umbreon, F|70/100
|-damage|p1a: Dinah|58/100|[from] Spikes
|move|p2a: Ogerpon|Ivy Cudgel|p1a: Dinah|[anim] Ivy Cudgel Water
|-damage|p1a: Dinah|22/100
|
|upkeep
|turn|9
|
|t:|1743912999
|move|p2a: Ogerpon|Ivy Cudgel|p1a: Dinah|[anim] Ivy Cudgel Water
|-damage|p1a: Dinah|0 fnt
|faint|p1a: Dinah
|
|upkeep
|
|t:|1743913004
|switch|p1a: Garf|Scizor, M, shiny|21/100
|turn|10
|
|t:|1743913008
|switch|p2a: Corviknight|Corviknight, M|100/100
|-ability|p2a: Corviknight|Pressure
|move|p1a: Garf|U-turn|p2a: Corviknight
|-resisted|p2a: Corviknight
|-damage|p2a: Corviknight|96/100
|-damage|p1a: Garf|4/100|[from] item: Rocky Helmet|[of] p2a: Corviknight
|
|t:|1743913015
|switch|p1a: Boston|Mew, shiny|100/100|[from] U-turn
|-damage|p1a: Boston|88/100|[from] Spikes
|
|upkeep
|turn|11
|
|t:|1743913021
|switch|p2a: Gliscor|Gliscor, F|100/100 tox
|move|p1a: Boston|Trick|p2a: Gliscor
|-activate|p1a: Boston|move: Trick|[of] p2a: Gliscor
|-item|p2a: Gliscor|Choice Scarf|[from] move: Trick
|-item|p1a: Boston|Toxic Orb|[from] move: Trick
|
|-status|p1a: Boston|tox|[from] item: Toxic Orb
|upkeep
|turn|12
|
|t:|1743913029
|move|p2a: Gliscor|Facade|p1a: Boston
|-damage|p1a: Boston|56/100 tox
|move|p1a: Boston|Ice Beam|p2a: Gliscor
|-supereffective|p2a: Gliscor
|-damage|p2a: Gliscor|0 fnt
|faint|p2a: Gliscor
|
|-damage|p1a: Boston|50/100 tox|[from] psn
|upkeep
|
|t:|1743913038
|switch|p2a: Ogerpon|Ogerpon-Wellspring, F|12/100
|turn|13
|
|t:|1743913043
|switch|p1a: Corrigan|Latios, M, shiny|100/100
|move|p2a: Ogerpon|Ivy Cudgel|p1a: Corrigan|[anim] Ivy Cudgel Water
|-resisted|p1a: Corrigan
|-damage|p1a: Corrigan|59/100
|
|upkeep
|turn|14
|
|t:|1743913049
|switch|p2a: Bronzong|Bronzong|100/100
|move|p1a: Corrigan|Shadow Ball|p2a: Bronzong
|-supereffective|p2a: Bronzong
|-damage|p2a: Bronzong|44/100
|
|-heal|p2a: Bronzong|50/100|[from] item: Leftovers
|upkeep
|turn|15
|
|t:|1743913056
|move|p2a: Bronzong|Protect|p2a: Bronzong
|-singleturn|p2a: Bronzong|Protect
|move|p1a: Corrigan|Shadow Ball|p2a: Bronzong
|-activate|p2a: Bronzong|move: Protect
|
|-heal|p2a: Bronzong|57/100|[from] item: Leftovers
|upkeep
|turn|16
|
|t:|1743913066
|switch|p1a: Shay|Chansey, F, shiny|100/100
|-damage|p1a: Shay|88/100|[from] Spikes
|move|p2a: Bronzong|Stealth Rock|p1a: Shay
|-sidestart|p1: R. Caroline|move: Stealth Rock
|
|-heal|p2a: Bronzong|63/100|[from] item: Leftovers
|upkeep
|turn|17
|
|t:|1743913073
|move|p1a: Shay|Stealth Rock|p2a: Bronzong
|-sidestart|p2: guesyo|move: Stealth Rock
|move|p2a: Bronzong|Body Press|p1a: Shay
|-supereffective|p1a: Shay
|-damage|p1a: Shay|42/100
|
|-heal|p2a: Bronzong|69/100|[from] item: Leftovers
|upkeep
|turn|18
|
|t:|1743913079
|move|p1a: Shay|Healing Wish|p1a: Shay
|faint|p1a: Shay
|move|p2a: Bronzong|Body Press|p1: Shay|[notarget]
|-fail|p2a: Bronzong
|
|-heal|p2a: Bronzong|75/100|[from] item: Leftovers
|upkeep
|
|t:|1743913085
|switch|p1a: Garf|Scizor, M, shiny|4/100
|-heal|p1a: Garf|100/100|[from] move: Healing Wish
|turn|19
|
|t:|1743913091
|switch|p2a: Ogerpon|Ogerpon-Wellspring, F|12/100
|-damage|p2a: Ogerpon|0 fnt|[from] Stealth Rock
|faint|p2a: Ogerpon
|move|p1a: Garf|Knock Off|p2: Ogerpon|[notarget]
|-fail|p1a: Garf
|
|upkeep
|
|t:|1743913093
|switch|p2a: Corviknight|Corviknight, M|96/100
|-damage|p2a: Corviknight|83/100|[from] Stealth Rock
|-ability|p2a: Corviknight|Pressure
|turn|20
|
|t:|1743913102
|move|p2a: Corviknight|Roost|p2a: Corviknight
|-heal|p2a: Corviknight|100/100
|-singleturn|p2a: Corviknight|move: Roost
|move|p1a: Garf|Knock Off|p2a: Corviknight
|-damage|p2a: Corviknight|81/100
|-damage|p1a: Garf|84/100|[from] item: Rocky Helmet|[of] p2a: Corviknight
|-enditem|p2a: Corviknight|Rocky Helmet|[from] move: Knock Off|[of] p1a: Garf
|
|upkeep
|turn|21
|
|t:|1743913111
|switch|p2a: Bronzong|Bronzong|75/100
|-damage|p2a: Bronzong|69/100|[from] Stealth Rock
|move|p1a: Garf|Defog|p2a: Bronzong
|-unboost|p2a: Bronzong|evasion|1
|-sideend|p2: guesyo|Stealth Rock|[from] move: Defog|[of] p1a: Garf
|-sideend|p1: R. Caroline|Spikes|[from] move: Defog|[of] p1a: Garf
|-sideend|p1: R. Caroline|Stealth Rock|[from] move: Defog|[of] p1a: Garf
|
|-heal|p2a: Bronzong|75/100|[from] item: Leftovers
|upkeep
|turn|22
|
|t:|1743913119
|move|p2a: Bronzong|Protect|p2a: Bronzong
|-singleturn|p2a: Bronzong|Protect
|move|p1a: Garf|Knock Off|p2a: Bronzong
|-activate|p2a: Bronzong|move: Protect
|
|-heal|p2a: Bronzong|82/100|[from] item: Leftovers
|upkeep
|turn|23
|
|t:|1743913125
|switch|p2a: Corviknight|Corviknight, M|81/100
|-ability|p2a: Corviknight|Pressure
|move|p1a: Garf|U-turn|p2a: Corviknight
|-resisted|p2a: Corviknight
|-damage|p2a: Corviknight|76/100
|
|t:|1743913131
|switch|p1a: Corrigan|Latios, M, shiny|59/100|[from] U-turn
|
|upkeep
|turn|24
|
|t:|1743913135
|move|p1a: Corrigan|Thunderbolt|p2a: Corviknight
|-supereffective|p2a: Corviknight
|-damage|p2a: Corviknight|0 fnt
|faint|p2a: Corviknight
|
|upkeep
|
|t:|1743913139
|switch|p2a: Bronzong|Bronzong|82/100
|turn|25
|
|t:|1743913145
|switch|p1a: Garf|Scizor, M, shiny|84/100
|move|p2a: Bronzong|Body Press|p1a: Garf
|-damage|p1a: Garf|66/100
|
|-heal|p2a: Bronzong|88/100|[from] item: Leftovers
|upkeep
|turn|26
|
|t:|1743913153
|move|p2a: Bronzong|Protect|p2a: Bronzong
|-singleturn|p2a: Bronzong|Protect
|move|p1a: Garf|Knock Off|p2a: Bronzong
|-activate|p2a: Bronzong|move: Protect
|
|-heal|p2a: Bronzong|94/100|[from] item: Leftovers
|upkeep
|turn|27
|
|t:|1743913159
|-terastallize|p2a: Bronzong|Fighting
|move|p1a: Garf|Knock Off|p2a: Bronzong
|-resisted|p2a: Bronzong
|-crit|p2a: Bronzong
|-damage|p2a: Bronzong|72/100
|-enditem|p2a: Bronzong|Leftovers|[from] move: Knock Off|[of] p1a: Garf
|move|p2a: Bronzong|Body Press|p1a: Garf
|-damage|p1a: Garf|39/100
|
|upkeep
|turn|28
|-message|guesyo forfeited.
|
|win|R. Caroline
|raw|R. Caroline's rating: 1567 &rarr; <strong>1586</strong><br />(+19 for winning)
|raw|guesyo's rating: 1555 &rarr; <strong>1536</strong><br />(-19 for losing)
|l|☆guesyo
|player|p2|
|l|☆R. Caroline
|player|p1|
