|j|☆JJTEPIGBOSS
|j|☆ss_shedinja
|t:|1743829763
|gametype|singles
|player|p1|JJTEPIGBOSS|101|1101
|player|p2|ss_shedinja|barry|1135
|teamsize|p1|6
|teamsize|p2|6
|gen|9
|tier|[Gen 9] OU
|rated|
|rule|HP Percentage Mod: HP is shown in percentages
|rule|Endless Battle Clause: Forcing endless battles is banned
|rule|Species Clause: Limit one of each Pokémon
|rule|OHKO Clause: OHKO moves are banned
|rule|Evasion Items Clause: Evasion items are banned
|rule|Evasion Moves Clause: Evasion moves are banned
|rule|Sleep Moves Clause: Sleep-inducing moves are banned
|clearpoke
|poke|p1|Krookodile, F|
|poke|p1|Dedenne, F|
|poke|p1|Breloom, F|
|poke|p1|Cinderace, F|
|poke|p1|Pecharunt|
|poke|p1|Clawitzer, F|
|poke|p2|Hatterene, F|
|poke|p2|Landorus-Therian, M|
|poke|p2|Clodsire, M|
|poke|p2|Quagsire, F|
|poke|p2|Skeledirge, F|
|poke|p2|Iron Thorns|
|teampreview
|
|t:|1743829785
|start
|switch|p1a: Clawitzer|Clawitzer, F, shiny|100/100
|switch|p2a: Landorus|Landorus-Therian, M|100/100
|-ability|p2a: Landorus|Intimidate|boost
|-unboost|p1a: Clawitzer|atk|1
|turn|1
|inactive|Battle timer is ON: inactive players will automatically lose when time's up. (requested by JJTEPIGBOSS)
|
|t:|1743829796
|move|p2a: Landorus|U-turn|p1a: Clawitzer
|-damage|p1a: Clawitzer|77/100
|
|t:|1743829807
|switch|p2a: Quagsire|Quagsire, F|100/100|[from] U-turn
|move|p1a: Clawitzer|Dark Pulse|p2a: Quagsire
|-damage|p2a: Quagsire|16/100
|
|upkeep
|turn|2
|
|t:|1743829817
|move|p1a: Clawitzer|Dark Pulse|p2a: Quagsire
|-damage|p2a: Quagsire|0 fnt
|faint|p2a: Quagsire
|
|upkeep
|
|t:|1743829819
|switch|p2a: Clodsire|Clodsire, M|100/100
|turn|3
|
|t:|1743829825
|move|p1a: Clawitzer|Dark Pulse|p2a: Clodsire
|-damage|p2a: Clodsire|68/100
|move|p2a: Clodsire|Recover|p2a: Clodsire
|-heal|p2a: Clodsire|100/100
|
|upkeep
|turn|4
|
|t:|1743829832
|move|p1a: Clawitzer|Dark Pulse|p2a: Clodsire
|-damage|p2a: Clodsire|66/100
|move|p2a: Clodsire|Toxic|p1a: Clawitzer
|-status|p1a: Clawitzer|tox
|
|-heal|p2a: Clodsire|72/100|[from] item: Black Sludge
|-damage|p1a: Clawitzer|71/100 tox|[from] psn
|upkeep
|turn|5
|
|t:|1743829842
|move|p1a: Clawitzer|Dark Pulse|p2a: Clodsire
|-damage|p2a: Clodsire|40/100
|move|p2a: Clodsire|Earthquake|p1a: Clawitzer
|-damage|p1a: Clawitzer|44/100 tox
|
|-heal|p2a: Clodsire|47/100|[from] item: Black Sludge
|-damage|p1a: Clawitzer|32/100 tox|[from] psn
|upkeep
|turn|6
|
|t:|1743829852
|move|p1a: Clawitzer|Dark Pulse|p2a: Clodsire
|-damage|p2a: Clodsire|11/100
|cant|p2a: Clodsire|flinch
|
|-heal|p2a: Clodsire|18/100|[from] item: Black Sludge
|-damage|p1a: Clawitzer|14/100 tox|[from] psn
|upkeep
|turn|7
|
|t:|1743829865
|move|p1a: Clawitzer|Dark Pulse|p2a: Clodsire
|-damage|p2a: Clodsire|0 fnt
|faint|p2a: Clodsire
|
|-damage|p1a: Clawitzer|0 fnt|[from] psn
|faint|p1a: Clawitzer
|upkeep
|
|t:|1743829892
|switch|p1a: Breloom|Breloom, F|100/100
|switch|p2a: Landorus|Landorus-Therian, M|100/100
|-ability|p2a: Landorus|Intimidate|boost
|-unboost|p1a: Breloom|atk|1
|turn|8
|
|t:|1743829905
|move|p1a: Breloom|Protect|p1a: Breloom
|-singleturn|p1a: Breloom|Protect
|move|p2a: Landorus|Taunt|p1a: Breloom
|-activate|p1a: Breloom|move: Protect
|
|-status|p1a: Breloom|tox|[from] item: Toxic Orb
|upkeep
|turn|9
|
|t:|1743829923
|switch|p1a: Krookodile|Krookodile, F|100/100
|move|p2a: Landorus|Stealth Rock|p1a: Krookodile
|-sidestart|p1: JJTEPIGBOSS|move: Stealth Rock
|
|upkeep
|turn|10
|
|t:|1743829930
|move|p1a: Krookodile|Bulk Up|p1a: Krookodile
|-boost|p1a: Krookodile|atk|1
|-boost|p1a: Krookodile|def|1
|move|p2a: Landorus|U-turn|p1a: Krookodile
|-supereffective|p1a: Krookodile
|-damage|p1a: Krookodile|63/100
|
|t:|1743829944
|switch|p2a: Skeledirge|Skeledirge, F|100/100|[from] U-turn
|
|upkeep
|turn|11
|
|t:|1743829959
|move|p1a: Krookodile|Earthquake|p2a: Skeledirge
|-supereffective|p2a: Skeledirge
|-damage|p2a: Skeledirge|29/100
|move|p2a: Skeledirge|Will-O-Wisp|p1a: Krookodile
|-status|p1a: Krookodile|brn
|
|-damage|p1a: Krookodile|57/100 brn|[from] brn
|upkeep
|turn|12
|
|t:|1743829972
|move|p1a: Krookodile|Scale Shot|p2a: Skeledirge
|-damage|p2a: Skeledirge|25/100
|-damage|p2a: Skeledirge|23/100
|-hitcount|p2a: Skeledirge|2
|-unboost|p1a: Krookodile|def|1
|-boost|p1a: Krookodile|spe|1
|move|p2a: Skeledirge|Slack Off|p2a: Skeledirge
|-heal|p2a: Skeledirge|73/100
|
|-damage|p1a: Krookodile|51/100 brn|[from] brn
|upkeep
|turn|13
|
|t:|1743829983
|move|p1a: Krookodile|Bulk Up|p1a: Krookodile
|-boost|p1a: Krookodile|atk|1
|-boost|p1a: Krookodile|def|1
|move|p2a: Skeledirge|Slack Off|p2a: Skeledirge
|-heal|p2a: Skeledirge|100/100
|
|-damage|p1a: Krookodile|45/100 brn|[from] brn
|upkeep
|turn|14
|
|t:|1743829992
|move|p1a: Krookodile|Bulk Up|p1a: Krookodile
|-boost|p1a: Krookodile|atk|1
|-boost|p1a: Krookodile|def|1
|move|p2a: Skeledirge|Torch Song|p1a: Krookodile
|-damage|p1a: Krookodile|5/100 brn
|-boost|p2a: Skeledirge|spa|1
|
|-damage|p1a: Krookodile|0 fnt|[from] brn
|faint|p1a: Krookodile
|upkeep
|
|t:|1743830007
|switch|p1a: Pecharunt|Pecharunt|100/100
|-damage|p1a: Pecharunt|88/100|[from] Stealth Rock
|turn|15
|
|t:|1743830015
|move|p1a: Pecharunt|Malignant Chain|p2a: Skeledirge
|-resisted|p2a: Skeledirge
|-damage|p2a: Skeledirge|83/100
|move|p2a: Skeledirge|Will-O-Wisp|p1a: Pecharunt
|-status|p1a: Pecharunt|brn
|
|-heal|p1a: Pecharunt|94/100 brn|[from] item: Leftovers
|-damage|p1a: Pecharunt|88/100 brn|[from] brn
|upkeep
|turn|16
|
|t:|1743830024
|move|p1a: Pecharunt|Toxic|p2a: Skeledirge
|-status|p2a: Skeledirge|tox
|-start|p2a: Skeledirge|confusion|[from] ability: Poison Puppeteer|[of] p1a: Pecharunt
|-activate|p2a: Skeledirge|confusion
|move|p2a: Skeledirge|Hex|p1a: Pecharunt
|-supereffective|p1a: Pecharunt
|-damage|p1a: Pecharunt|0 fnt
|faint|p1a: Pecharunt
|
|-damage|p2a: Skeledirge|77/100 tox|[from] psn
|upkeep
|
|t:|1743830035
|switch|p1a: Cinderace|Cinderace, F, shiny|100/100
|-damage|p1a: Cinderace|76/100|[from] Stealth Rock
|turn|17
|
|t:|1743830042
|switch|p2a: Iron Thorns|Iron Thorns|100/100
|-enditem|p2a: Iron Thorns|Booster Energy
|-activate|p2a: Iron Thorns|ability: Quark Drive|[fromitem]
|-start|p2a: Iron Thorns|quarkdriveatk
|move|p1a: Cinderace|Court Change|p1a: Cinderace
|-start|p1a: Cinderace|typechange|Normal|[from] ability: Libero
|-swapsideconditions
|-activate|p1a: Cinderace|move: Court Change
|
|upkeep
|turn|18
|
|t:|1743830057
|move|p1a: Cinderace|High Jump Kick|p2a: Iron Thorns
|-supereffective|p2a: Iron Thorns
|-damage|p2a: Iron Thorns|29/100
|move|p2a: Iron Thorns|Dragon Dance|p2a: Iron Thorns
|-boost|p2a: Iron Thorns|atk|1
|-boost|p2a: Iron Thorns|spe|1
|
|upkeep
|turn|19
|
|t:|1743830069
|move|p2a: Iron Thorns|Stone Edge|p1a: Cinderace|[miss]
|-miss|p2a: Iron Thorns|p1a: Cinderace
|move|p1a: Cinderace|High Jump Kick|p2a: Iron Thorns
|-supereffective|p2a: Iron Thorns
|-damage|p2a: Iron Thorns|0 fnt
|faint|p2a: Iron Thorns
|-end|p2a: Iron Thorns|Quark Drive|[silent]
|
|upkeep
|
|t:|1743830076
|switch|p2a: Landorus|Landorus-Therian, M|100/100
|-damage|p2a: Landorus|88/100|[from] Stealth Rock
|-ability|p2a: Landorus|Intimidate|boost
|-unboost|p1a: Cinderace|atk|1
|turn|20
|
|t:|1743830086
|move|p1a: Cinderace|Pyro Ball|p2a: Landorus
|-damage|p2a: Landorus|64/100
|-status|p2a: Landorus|brn
|-enditem|p2a: Landorus|Red Card|[of] p1a: Cinderace
|drag|p1a: Breloom|Breloom, F|100/100 tox
|move|p2a: Landorus|Stealth Rock|p1a: Breloom
|-sidestart|p1: JJTEPIGBOSS|move: Stealth Rock
|
|-damage|p2a: Landorus|58/100 brn|[from] brn
|upkeep
|turn|21
|
|t:|1743830099
|move|p2a: Landorus|U-turn|p1a: Breloom
|-damage|p1a: Breloom|90/100 tox
|
|t:|1743830105
|switch|p2a: Hatterene|Hatterene, F, shiny|100/100|[from] U-turn
|-damage|p2a: Hatterene|88/100|[from] Stealth Rock
|move|p1a: Breloom|Seed Bomb|p2a: Hatterene
|-damage|p2a: Hatterene|57/100
|
|-heal|p1a: Breloom|100/100 tox|[from] ability: Poison Heal
|upkeep
|turn|22
|
|t:|1743830116
|switch|p1a: Cinderace|Cinderace, F, shiny|76/100
|-damage|p1a: Cinderace|51/100|[from] Stealth Rock
|move|p2a: Hatterene|Draining Kiss|p1a: Cinderace
|-resisted|p1a: Cinderace
|-damage|p1a: Cinderace|31/100
|-heal|p2a: Hatterene|71/100|[from] drain|[of] p1a: Cinderace
|
|upkeep
|turn|23
|
|t:|1743830128
|switch|p2a: Landorus|Landorus-Therian, M|58/100 brn
|-damage|p2a: Landorus|46/100 brn|[from] Stealth Rock
|-ability|p2a: Landorus|Intimidate|boost
|-unboost|p1a: Cinderace|atk|1
|move|p1a: Cinderace|Gunk Shot|p2a: Landorus
|-start|p1a: Cinderace|typechange|Poison|[from] ability: Libero
|-resisted|p2a: Landorus
|-damage|p2a: Landorus|27/100 brn
|
|-damage|p2a: Landorus|21/100 brn|[from] brn
|upkeep
|turn|24
|
|t:|1743830155
|move|p1a: Cinderace|Gunk Shot|p2a: Landorus
|-resisted|p2a: Landorus
|-damage|p2a: Landorus|3/100 brn
|move|p2a: Landorus|Earthquake|p1a: Cinderace
|-supereffective|p1a: Cinderace
|-damage|p1a: Cinderace|0 fnt
|faint|p1a: Cinderace
|
|-damage|p2a: Landorus|0 fnt|[from] brn
|faint|p2a: Landorus
|upkeep
|
|t:|1743830179
|switch|p1a: Dedenne|Dedenne, F, shiny|100/100
|switch|p2a: Skeledirge|Skeledirge, F|77/100 tox
|-damage|p1a: Dedenne|88/100|[from] Stealth Rock
|turn|25
|
|t:|1743830193
|-terastallize|p1a: Dedenne|Electric
|-terastallize|p2a: Skeledirge|Fire
|move|p1a: Dedenne|Thunderbolt|p2a: Skeledirge
|-damage|p2a: Skeledirge|39/100 tox
|move|p2a: Skeledirge|Torch Song|p1a: Dedenne
|-damage|p1a: Dedenne|15/100
|-boost|p2a: Skeledirge|spa|1
|
|-damage|p2a: Skeledirge|33/100 tox|[from] psn
|upkeep
|turn|26
|
|t:|1743830206
|move|p1a: Dedenne|Thunderbolt|p2a: Skeledirge
|-damage|p2a: Skeledirge|0 fnt
|faint|p2a: Skeledirge
|
|upkeep
|
|t:|1743830209
|switch|p2a: Hatterene|Hatterene, F, shiny|71/100
|-damage|p2a: Hatterene|59/100|[from] Stealth Rock
|turn|27
|
|t:|1743830217
|move|p1a: Dedenne|Thunderbolt|p2a: Hatterene
|-damage|p2a: Hatterene|12/100
|-enditem|p2a: Hatterene|Sitrus Berry|[eat]
|-heal|p2a: Hatterene|37/100|[from] item: Sitrus Berry
|move|p2a: Hatterene|Draining Kiss|p1a: Dedenne
|-damage|p1a: Dedenne|0 fnt
|-heal|p2a: Hatterene|46/100|[from] drain|[of] p1a: Dedenne
|faint|p1a: Dedenne
|
|upkeep
|
|t:|1743830228
|switch|p1a: Breloom|Breloom, F|100/100 tox
|-damage|p1a: Breloom|94/100 tox|[from] Stealth Rock
|turn|28
|
|t:|1743830242
|move|p1a: Breloom|Seed Bomb|p2a: Hatterene
|-damage|p2a: Hatterene|13/100
|move|p2a: Hatterene|Draining Kiss|p1a: Breloom
|-supereffective|p1a: Breloom
|-damage|p1a: Breloom|13/100 tox
|-heal|p2a: Hatterene|75/100|[from] drain|[of] p1a: Breloom
|
|-heal|p1a: Breloom|25/100 tox|[from] ability: Poison Heal
|upkeep
|turn|29
|
|t:|1743830254
|move|p1a: Breloom|Protect|p1a: Breloom
|-singleturn|p1a: Breloom|Protect
|move|p2a: Hatterene|Draining Kiss|p1a: Breloom
|-activate|p1a: Breloom|move: Protect
|
|-heal|p1a: Breloom|38/100 tox|[from] ability: Poison Heal
|upkeep
|turn|30
|
|t:|1743830261
|move|p1a: Breloom|Seed Bomb|p2a: Hatterene
|-damage|p2a: Hatterene|41/100
|move|p2a: Hatterene|Draining Kiss|p1a: Breloom
|-supereffective|p1a: Breloom
|-damage|p1a: Breloom|0 fnt
|-heal|p2a: Hatterene|70/100|[from] drain|[of] p1a: Breloom
|faint|p1a: Breloom
|
|win|ss_shedinja
|raw|JJTEPIGBOSS's rating: 1101 &rarr; <strong>1078</strong><br />(-23 for losing)
|raw|ss_shedinja's rating: 1135 &rarr; <strong>1158</strong><br />(+23 for winning)
|c|☆JJTEPIGBOSS|Gg
|l|☆JJTEPIGBOSS
|player|p1|
|l|☆ss_shedinja
|player|p2|
