|j|☆AGreatRobot
|j|☆deadwhit idc
|t:|1743797335
|gametype|singles
|player|p1|AGreatRobot|wattson|1272
|player|p2|deadwhit idc|101|1236
|teamsize|p1|6
|teamsize|p2|6
|gen|9
|tier|[Gen 9] OU
|rated|
|rule|HP Percentage Mod: HP is shown in percentages
|rule|Endless Battle Clause: Forcing endless battles is banned
|rule|Species Clause: Limit one of each Pokémon
|rule|OHKO Clause: OHKO moves are banned
|rule|Evasion Items Clause: Evasion items are banned
|rule|Evasion Moves Clause: Evasion moves are banned
|rule|Sleep Moves Clause: Sleep-inducing moves are banned
|clearpoke
|poke|p1|Kingambit, F|
|poke|p1|Araquanid, M|
|poke|p1|Gholdengo|
|poke|p1|Grimmsnarl, M|
|poke|p1|Great Tusk|
|poke|p1|Gliscor, M|
|poke|p2|Kyurem|
|poke|p2|Gholdengo|
|poke|p2|Corviknight, F|
|poke|p2|Landorus-Therian, M|
|poke|p2|Samurott-Hisui, F|
|poke|p2|Iron Moth|
|teampreview
|
|t:|1743797347
|start
|switch|p1a: Araquanid|Araquanid, M|100/100
|switch|p2a: Landorus|Landorus-Therian, M|100/100
|-ability|p2a: Landorus|Intimidate|boost
|-unboost|p1a: Araquanid|atk|1
|turn|1
|
|t:|1743797354
|move|p2a: Landorus|Stone Edge|p1a: Araquanid|[miss]
|-miss|p2a: Landorus|p1a: Araquanid
|move|p1a: Araquanid|Liquidation|p2a: Landorus
|-supereffective|p2a: Landorus
|-damage|p2a: Landorus|0 fnt
|faint|p2a: Landorus
|
|upkeep
|
|t:|1743797358
|switch|p2a: Corviknight|Corviknight, F|100/100
|-ability|p2a: Corviknight|Pressure
|turn|2
|
|t:|1743797365
|move|p2a: Corviknight|U-turn|p1a: Araquanid
|-damage|p1a: Araquanid|82/100
|
|t:|1743797370
|switch|p2a: Gholdengo|Gholdengo|100/100|[from] U-turn
|-item|p2a: Gholdengo|Air Balloon
|move|p1a: Araquanid|Liquidation|p2a: Gholdengo
|-damage|p2a: Gholdengo|70/100
|-enditem|p2a: Gholdengo|Air Balloon
|
|upkeep
|turn|3
|
|t:|1743797387
|switch|p2a: Corviknight|Corviknight, F|100/100
|-ability|p2a: Corviknight|Pressure
|move|p1a: Araquanid|Liquidation|p2a: Corviknight
|-damage|p2a: Corviknight|74/100
|-damage|p1a: Araquanid|66/100|[from] item: Rocky Helmet|[of] p2a: Corviknight
|
|upkeep
|turn|4
|
|t:|1743797391
|move|p2a: Corviknight|Brave Bird|p1a: Araquanid
|-supereffective|p1a: Araquanid
|-damage|p1a: Araquanid|0 fnt
|faint|p1a: Araquanid
|-damage|p2a: Corviknight|57/100|[from] Recoil
|
|upkeep
|
|t:|1743797395
|switch|p1a: Gholdengo|Gholdengo|100/100
|turn|5
|
|t:|1743797400
|move|p1a: Gholdengo|Substitute|p1a: Gholdengo
|-start|p1a: Gholdengo|Substitute
|-damage|p1a: Gholdengo|76/100
|move|p2a: Corviknight|U-turn|p1a: Gholdengo
|-resisted|p1a: Gholdengo
|-activate|p1a: Gholdengo|move: Substitute|[damage]
|
|t:|1743797405
|switch|p2a: Samurott|Samurott-Hisui, F|100/100|[from] U-turn
|
|-heal|p1a: Gholdengo|82/100|[from] item: Leftovers
|upkeep
|turn|6
|
|t:|1743797409
|move|p2a: Samurott|Aqua Jet|p1a: Gholdengo
|-end|p1a: Gholdengo|Substitute
|move|p1a: Gholdengo|Shadow Ball|p2a: Samurott
|-resisted|p2a: Samurott
|-damage|p2a: Samurott|83/100
|
|-heal|p1a: Gholdengo|88/100|[from] item: Leftovers
|upkeep
|turn|7
|
|t:|1743797416
|switch|p1a: Great Tusk|Great Tusk|100/100
|move|p2a: Samurott|Ceaseless Edge|p1a: Great Tusk
|-resisted|p1a: Great Tusk
|-damage|p1a: Great Tusk|84/100
|-sidestart|p1: AGreatRobot|Spikes
|
|upkeep
|turn|8
|
|t:|1743797424
|switch|p2a: Corviknight|Corviknight, F|57/100
|-ability|p2a: Corviknight|Pressure
|move|p1a: Great Tusk|Brick Break|p2a: Corviknight
|-damage|p2a: Corviknight|35/100
|-damage|p1a: Great Tusk|68/100|[from] item: Rocky Helmet|[of] p2a: Corviknight
|
|upkeep
|turn|9
|
|t:|1743797430
|move|p1a: Great Tusk|Rapid Spin|p2a: Corviknight
|-resisted|p2a: Corviknight
|-damage|p2a: Corviknight|31/100
|-boost|p1a: Great Tusk|spe|1
|-damage|p1a: Great Tusk|51/100|[from] item: Rocky Helmet|[of] p2a: Corviknight
|-sideend|p1: AGreatRobot|Spikes|[from] move: Rapid Spin|[of] p1a: Great Tusk
|move|p2a: Corviknight|Roost|p2a: Corviknight
|-heal|p2a: Corviknight|81/100
|-singleturn|p2a: Corviknight|move: Roost
|
|upkeep
|turn|10
|
|t:|1743797437
|-end|p1a: Great Tusk|Protosynthesis|[silent]
|switch|p1a: Gholdengo|Gholdengo|88/100
|move|p2a: Corviknight|Brave Bird|p1a: Gholdengo
|-resisted|p1a: Gholdengo
|-damage|p1a: Gholdengo|65/100
|-damage|p2a: Corviknight|75/100|[from] Recoil
|
|-heal|p1a: Gholdengo|71/100|[from] item: Leftovers
|upkeep
|turn|11
|
|t:|1743797441
|move|p1a: Gholdengo|Nasty Plot|p1a: Gholdengo
|-boost|p1a: Gholdengo|spa|2
|move|p2a: Corviknight|U-turn|p1a: Gholdengo
|-resisted|p1a: Gholdengo
|-damage|p1a: Gholdengo|67/100
|
|t:|1743797443
|switch|p2a: Samurott|Samurott-Hisui, F|83/100|[from] U-turn
|
|-heal|p1a: Gholdengo|73/100|[from] item: Leftovers
|upkeep
|turn|12
|inactive|Battle timer is ON: inactive players will automatically lose when time's up. (requested by deadwhit idc)
|
|t:|1743797460
|switch|p1a: Grimmsnarl|Grimmsnarl, M|100/100
|move|p2a: Samurott|Ceaseless Edge|p1a: Grimmsnarl
|-resisted|p1a: Grimmsnarl
|-damage|p1a: Grimmsnarl|87/100
|-sidestart|p1: AGreatRobot|Spikes
|
|upkeep
|turn|13
|
|t:|1743797471
|move|p1a: Grimmsnarl|Reflect|p1a: Grimmsnarl
|-sidestart|p1: AGreatRobot|Reflect
|move|p2a: Samurott|Flip Turn|p1a: Grimmsnarl
|-damage|p1a: Grimmsnarl|69/100
|
|t:|1743797483
|switch|p2a: Gholdengo|Gholdengo|70/100|[from] Flip Turn
|
|upkeep
|turn|14
|
|t:|1743797486
|move|p1a: Grimmsnarl|Light Screen|p1a: Grimmsnarl
|-sidestart|p1: AGreatRobot|move: Light Screen
|move|p2a: Gholdengo|Make It Rain|p1a: Grimmsnarl
|-supereffective|p1a: Grimmsnarl
|-damage|p1a: Grimmsnarl|28/100
|-unboost|p2a: Gholdengo|spa|1
|
|upkeep
|turn|15
|
|t:|1743797493
|move|p2a: Gholdengo|Make It Rain|p1a: Grimmsnarl
|-supereffective|p1a: Grimmsnarl
|-damage|p1a: Grimmsnarl|1/100
|-unboost|p2a: Gholdengo|spa|1
|move|p1a: Grimmsnarl|Spirit Break|p2a: Gholdengo
|-resisted|p2a: Gholdengo
|-damage|p2a: Gholdengo|59/100
|-unboost|p2a: Gholdengo|spa|1
|
|upkeep
|turn|16
|
|t:|1743797499
|move|p2a: Gholdengo|Shadow Ball|p1a: Grimmsnarl
|-resisted|p1a: Grimmsnarl
|-damage|p1a: Grimmsnarl|0 fnt
|faint|p1a: Grimmsnarl
|
|upkeep
|
|t:|1743797502
|switch|p1a: Kingambit|Kingambit, F|100/100
|-damage|p1a: Kingambit|88/100|[from] Spikes
|-activate|p1a: Kingambit|ability: Supreme Overlord
|-start|p1a: Kingambit|fallen2|[silent]
|turn|17
|
|t:|1743797518
|switch|p2a: Corviknight|Corviknight, F|75/100
|-ability|p2a: Corviknight|Pressure
|move|p1a: Kingambit|Swords Dance|p1a: Kingambit
|-boost|p1a: Kingambit|atk|2
|
|upkeep
|turn|18
|
|t:|1743797522
|-terastallize|p1a: Kingambit|Flying
|move|p2a: Corviknight|Roost|p2a: Corviknight
|-heal|p2a: Corviknight|100/100
|-singleturn|p2a: Corviknight|move: Roost
|move|p1a: Kingambit|Swords Dance|p1a: Kingambit
|-boost|p1a: Kingambit|atk|2
|
|upkeep
|turn|19
|
|t:|1743797527
|move|p2a: Corviknight|Brave Bird|p1a: Kingambit
|-damage|p1a: Kingambit|75/100
|-damage|p2a: Corviknight|96/100|[from] Recoil
|move|p1a: Kingambit|Kowtow Cleave|p2a: Corviknight
|-damage|p2a: Corviknight|0 fnt
|-damage|p1a: Kingambit|58/100|[from] item: Rocky Helmet|[of] p2a: Corviknight
|faint|p2a: Corviknight
|-damage|p1a: Kingambit|48/100|[from] item: Life Orb
|
|upkeep
|
|t:|1743797535
|switch|p2a: Gholdengo|Gholdengo|59/100
|turn|20
|
|t:|1743797541
|move|p1a: Kingambit|Sucker Punch|p2a: Gholdengo
|-supereffective|p2a: Gholdengo
|-damage|p2a: Gholdengo|0 fnt
|faint|p2a: Gholdengo
|-damage|p1a: Kingambit|38/100|[from] item: Life Orb
|
|-sideend|p1: AGreatRobot|Reflect
|upkeep
|
|t:|1743797545
|switch|p2a: Samurott|Samurott-Hisui, F|83/100
|turn|21
|
|t:|1743797547
|move|p2a: Samurott|Aqua Jet|p1a: Kingambit
|-damage|p1a: Kingambit|24/100
|move|p1a: Kingambit|Sucker Punch||[still]
|-fail|p1a: Kingambit
|
|-sideend|p1: AGreatRobot|move: Light Screen
|upkeep
|turn|22
|
|t:|1743797552
|move|p2a: Samurott|Aqua Jet|p1a: Kingambit
|-damage|p1a: Kingambit|10/100
|move|p1a: Kingambit|Sucker Punch||[still]
|-fail|p1a: Kingambit
|
|upkeep
|turn|23
|
|t:|1743797557
|move|p2a: Samurott|Aqua Jet|p1a: Kingambit
|-damage|p1a: Kingambit|0 fnt
|faint|p1a: Kingambit
|-end|p1a: Kingambit|fallen2|[silent]
|
|upkeep
|
|t:|1743797560
|switch|p1a: Gliscor|Gliscor, M|100/100
|turn|24
|
|t:|1743797577
|move|p1a: Gliscor|Protect|p1a: Gliscor
|-singleturn|p1a: Gliscor|Protect
|move|p2a: Samurott|Razor Shell|p1a: Gliscor
|-activate|p1a: Gliscor|move: Protect
|
|-status|p1a: Gliscor|tox|[from] item: Toxic Orb
|upkeep
|turn|25
|
|t:|1743797582
|move|p1a: Gliscor|Toxic|p2a: Samurott
|-status|p2a: Samurott|tox
|move|p2a: Samurott|Razor Shell|p1a: Gliscor
|-supereffective|p1a: Gliscor
|-damage|p1a: Gliscor|27/100 tox
|-unboost|p1a: Gliscor|def|1
|
|-heal|p1a: Gliscor|39/100 tox|[from] ability: Poison Heal
|-damage|p2a: Samurott|77/100 tox|[from] psn
|upkeep
|turn|26
|
|t:|1743797589
|move|p1a: Gliscor|Protect|p1a: Gliscor
|-singleturn|p1a: Gliscor|Protect
|move|p2a: Samurott|Aqua Jet|p1a: Gliscor
|-activate|p1a: Gliscor|move: Protect
|
|-heal|p1a: Gliscor|52/100 tox|[from] ability: Poison Heal
|-damage|p2a: Samurott|65/100 tox|[from] psn
|upkeep
|turn|27
|c|☆AGreatRobot|Why wouldn’t def drop
|
|t:|1743797604
|switch|p1a: Gholdengo|Gholdengo|73/100
|-damage|p1a: Gholdengo|61/100|[from] Spikes
|move|p2a: Samurott|Razor Shell|p1a: Gholdengo
|-damage|p1a: Gholdengo|0 fnt
|faint|p1a: Gholdengo
|
|-damage|p2a: Samurott|47/100 tox|[from] psn
|upkeep
|
|t:|1743797608
|switch|p1a: Gliscor|Gliscor, M|52/100 tox
|turn|28
|
|t:|1743797611
|switch|p2a: Kyurem|Kyurem|100/100
|-ability|p2a: Kyurem|Pressure
|move|p1a: Gliscor|Protect||[still]
|-fail|p1a: Gliscor
|
|-heal|p1a: Gliscor|64/100 tox|[from] ability: Poison Heal
|upkeep
|turn|29
|
|t:|1743797614
|move|p2a: Kyurem|Icicle Spear|p1a: Gliscor
|-supereffective|p1a: Gliscor
|-damage|p1a: Gliscor|29/100 tox
|-supereffective|p1a: Gliscor
|-crit|p1a: Gliscor
|-damage|p1a: Gliscor|0 fnt
|faint|p1a: Gliscor
|-hitcount|p1: Gliscor|2
|
|upkeep
|-message|AGreatRobot forfeited.
|
|win|deadwhit idc
|raw|AGreatRobot's rating: 1272 &rarr; <strong>1244</strong><br />(-28 for losing)
|raw|deadwhit idc's rating: 1236 &rarr; <strong>1264</strong><br />(+28 for winning)
|l|☆AGreatRobot
|player|p1|
