|j|☆futurebaby
|j|☆Barronmaster
|t:|1743815576
|gametype|singles
|player|p1|futurebaby|2|1420
|player|p2|Barronmaster|266|1378
|teamsize|p1|6
|teamsize|p2|6
|gen|9
|tier|[Gen 9] OU
|rated|
|rule|HP Percentage Mod: HP is shown in percentages
|rule|Endless Battle Clause: Forcing endless battles is banned
|rule|Species Clause: Limit one of each Pokémon
|rule|OHKO Clause: OHKO moves are banned
|rule|Evasion Items Clause: Evasion items are banned
|rule|Evasion Moves Clause: Evasion moves are banned
|rule|Sleep Moves Clause: Sleep-inducing moves are banned
|clearpoke
|poke|p1|Dragonite, M|
|poke|p1|Ting-Lu|
|poke|p1|Iron Moth|
|poke|p1|Iron Valiant|
|poke|p1|Kyurem|
|poke|p1|Gholdengo|
|poke|p2|Hoopa-Unbound|
|poke|p2|Ninetales-Alola, F|
|poke|p2|Slowking-Galar, F|
|poke|p2|Cloyster, M|
|poke|p2|Zoroark, M|
|poke|p2|Indeedee, M|
|teampreview
|inactive|Battle timer is ON: inactive players will automatically lose when time's up. (requested by futurebaby)
|
|t:|1743815586
|start
|switch|p1a: Ting-Lu|Ting-Lu|100/100
|switch|p2a: Indeedee|Indeedee, M|100/100
|-fieldstart|move: Psychic Terrain|[from] ability: Psychic Surge|[of] p2a: Indeedee
|-ability|p1a: Ting-Lu|Vessel of Ruin
|turn|1
|
|t:|1743815599
|move|p2a: Indeedee|Dazzling Gleam|p1a: Ting-Lu
|-supereffective|p1a: Ting-Lu
|-damage|p1a: Ting-Lu|56/100
|-damage|p2a: Indeedee|91/100|[from] item: Life Orb
|move|p1a: Ting-Lu|Stealth Rock|p2a: Indeedee
|-sidestart|p2: Barronmaster|move: Stealth Rock
|
|upkeep
|turn|2
|
|t:|1743815608
|move|p2a: Indeedee|Dazzling Gleam|p1a: Ting-Lu
|-supereffective|p1a: Ting-Lu
|-damage|p1a: Ting-Lu|14/100
|-damage|p2a: Indeedee|81/100|[from] item: Life Orb
|move|p1a: Ting-Lu|Spikes|p2a: Indeedee
|-sidestart|p2: Barronmaster|Spikes
|
|upkeep
|turn|3
|
|t:|1743815621
|switch|p1a: Gholdengo|Gholdengo|100/100
|move|p2a: Indeedee|Dazzling Gleam|p1a: Gholdengo
|-resisted|p1a: Gholdengo
|-damage|p1a: Gholdengo|81/100
|-damage|p2a: Indeedee|71/100|[from] item: Life Orb
|
|upkeep
|turn|4
|
|t:|1743815635
|move|p1a: Gholdengo|Make It Rain|p2a: Indeedee
|-damage|p2a: Indeedee|7/100
|-unboost|p1a: Gholdengo|spa|1
|move|p2a: Indeedee|Expanding Force|p1a: Gholdengo
|-resisted|p1a: Gholdengo
|-damage|p1a: Gholdengo|19/100
|-damage|p2a: Indeedee|0 fnt|[from] item: Life Orb
|faint|p2a: Indeedee
|
|upkeep
|
|t:|1743815647
|switch|p2a: Slowking|Slowking-Galar, F|100/100
|-damage|p2a: Slowking|88/100|[from] Stealth Rock
|-damage|p2a: Slowking|76/100|[from] Spikes
|turn|5
|
|t:|1743815654
|switch|p1a: Ting-Lu|Ting-Lu|14/100
|-ability|p1a: Ting-Lu|Vessel of Ruin
|move|p2a: Slowking|Nasty Plot|p2a: Slowking
|-boost|p2a: Slowking|spa|2
|
|-heal|p2a: Slowking|82/100|[from] item: Leftovers
|-fieldend|move: Psychic Terrain
|upkeep
|turn|6
|
|t:|1743815664
|-terastallize|p2a: Slowking|Flying
|move|p1a: Ting-Lu|Spikes|p2a: Slowking
|-sidestart|p2: Barronmaster|Spikes
|move|p2a: Slowking|Trick Room|p2a: Slowking
|-fieldstart|move: Trick Room|[of] p2a: Slowking
|
|-heal|p2a: Slowking|88/100|[from] item: Leftovers
|upkeep
|turn|7
|
|t:|1743815679
|move|p2a: Slowking|Flamethrower|p1a: Ting-Lu
|-damage|p1a: Ting-Lu|0 fnt
|faint|p1a: Ting-Lu
|
|-heal|p2a: Slowking|94/100|[from] item: Leftovers
|upkeep
|inactive|futurebaby has 120 seconds left.
|
|t:|1743815716
|switch|p1a: Iron Moth|Iron Moth|100/100
|-enditem|p1a: Iron Moth|Booster Energy
|-activate|p1a: Iron Moth|ability: Quark Drive|[fromitem]
|-start|p1a: Iron Moth|quarkdrivespa
|turn|8
|
|t:|1743815731
|move|p2a: Slowking|Psychic Noise|p1a: Iron Moth
|-supereffective|p1a: Iron Moth
|-damage|p1a: Iron Moth|0 fnt
|faint|p1a: Iron Moth
|-end|p1a: Iron Moth|Quark Drive|[silent]
|
|-heal|p2a: Slowking|99/100|[from] item: Leftovers
|upkeep
|
|t:|1743815745
|switch|p1a: Gholdengo|Gholdengo|19/100
|turn|9
|
|t:|1743815750
|move|p2a: Slowking|Psychic Noise|p1a: Gholdengo
|-resisted|p1a: Gholdengo
|-crit|p1a: Gholdengo
|-damage|p1a: Gholdengo|0 fnt
|faint|p1a: Gholdengo
|
|-heal|p2a: Slowking|100/100|[from] item: Leftovers
|upkeep
|
|t:|1743815765
|switch|p1a: Kyurem|Kyurem|100/100
|-ability|p1a: Kyurem|Pressure
|turn|10
|
|t:|1743815776
|-terastallize|p1a: Kyurem|Fire
|move|p2a: Slowking|Psychic Noise|p1a: Kyurem
|-damage|p1a: Kyurem|30/100
|-start|p1a: Kyurem|move: Heal Block
|move|p1a: Kyurem|Icicle Spear|p2a: Slowking
|-supereffective|p2a: Slowking
|-damage|p2a: Slowking|69/100
|-supereffective|p2a: Slowking
|-damage|p2a: Slowking|35/100
|-supereffective|p2a: Slowking
|-damage|p2a: Slowking|0 fnt
|faint|p2a: Slowking
|-hitcount|p2: Slowking|3
|
|-fieldend|move: Trick Room
|upkeep
|
|t:|1743815788
|switch|p2a: Ninetales|Ninetales-Alola, F|100/100
|-damage|p2a: Ninetales|75/100|[from] Stealth Rock
|-damage|p2a: Ninetales|59/100|[from] Spikes
|-weather|Snowscape|[from] ability: Snow Warning|[of] p2a: Ninetales
|turn|11
|inactive|futurebaby has 120 seconds left.
|
|t:|1743815794
|move|p2a: Ninetales|Aurora Veil|p2a: Ninetales
|-sidestart|p2: Barronmaster|move: Aurora Veil
|move|p1a: Kyurem|Tera Blast|p2a: Ninetales|[anim] Tera Blast Fire
|-supereffective|p2a: Ninetales
|-damage|p2a: Ninetales|16/100
|
|-weather|Snowscape|[upkeep]
|-end|p1a: Kyurem|move: Heal Block
|upkeep
|turn|12
|inactive|futurebaby has 120 seconds left.
|
|t:|1743815807
|switch|p1a: Iron Valiant|Iron Valiant|100/100
|-enditem|p1a: Iron Valiant|Booster Energy
|-activate|p1a: Iron Valiant|ability: Quark Drive|[fromitem]
|-start|p1a: Iron Valiant|quarkdrivespe
|move|p2a: Ninetales|Blizzard|p1a: Iron Valiant
|-damage|p1a: Iron Valiant|12/100
|
|-weather|Snowscape|[upkeep]
|upkeep
|turn|13
|inactive|futurebaby has 120 seconds left.
|
|t:|1743815818
|move|p1a: Iron Valiant|Moonblast|p2a: Ninetales
|-damage|p2a: Ninetales|0 fnt
|faint|p2a: Ninetales
|
|-weather|Snowscape|[upkeep]
|upkeep
|
|t:|1743815824
|switch|p2a: Hoopa|Hoopa-Unbound|100/100
|-damage|p2a: Hoopa|88/100|[from] Stealth Rock
|-damage|p2a: Hoopa|71/100|[from] Spikes
|turn|14
|
|t:|1743815830
|move|p1a: Iron Valiant|Moonblast|p2a: Hoopa
|-supereffective|p2a: Hoopa
|-damage|p2a: Hoopa|40/100
|move|p2a: Hoopa|Psychic Noise|p1a: Iron Valiant
|-supereffective|p1a: Iron Valiant
|-damage|p1a: Iron Valiant|0 fnt
|faint|p1a: Iron Valiant
|-end|p1a: Iron Valiant|Quark Drive|[silent]
|
|-weather|Snowscape|[upkeep]
|-heal|p2a: Hoopa|46/100|[from] item: Leftovers
|upkeep
|
|t:|1743815844
|switch|p1a: Kyurem|Kyurem, tera:Fire|30/100
|-ability|p1a: Kyurem|Pressure
|turn|15
|
|t:|1743815855
|move|p1a: Kyurem|Icicle Spear|p2a: Hoopa
|-damage|p2a: Hoopa|35/100
|-damage|p2a: Hoopa|23/100
|-damage|p2a: Hoopa|12/100
|-crit|p2a: Hoopa
|-damage|p2a: Hoopa|0 fnt
|faint|p2a: Hoopa
|-hitcount|p2: Hoopa|4
|
|-weather|none
|upkeep
|
|t:|1743815857
|switch|p2a: Cloyster|Cloyster, M|100/100
|turn|16
|
|t:|1743815875
|move|p1a: Kyurem|Scale Shot|p2a: Cloyster
|-damage|p2a: Cloyster|95/100
|-damage|p2a: Cloyster|88/100
|-damage|p2a: Cloyster|83/100
|-damage|p2a: Cloyster|77/100
|-hitcount|p2a: Cloyster|4
|-unboost|p1a: Kyurem|def|1
|-boost|p1a: Kyurem|spe|1
|move|p2a: Cloyster|Shell Smash|p2a: Cloyster
|-unboost|p2a: Cloyster|def|1
|-unboost|p2a: Cloyster|spd|1
|-boost|p2a: Cloyster|atk|2
|-boost|p2a: Cloyster|spa|2
|-boost|p2a: Cloyster|spe|2
|
|upkeep
|turn|17
|
|t:|1743815889
|move|p2a: Cloyster|Ice Shard|p1a: Kyurem
|-resisted|p1a: Kyurem
|-damage|p1a: Kyurem|2/100
|move|p1a: Kyurem|Scale Shot|p2a: Cloyster
|-damage|p2a: Cloyster|68/100
|-damage|p2a: Cloyster|59/100
|-damage|p2a: Cloyster|51/100
|-damage|p2a: Cloyster|42/100
|-damage|p2a: Cloyster|35/100
|-hitcount|p2a: Cloyster|5
|-unboost|p1a: Kyurem|def|1
|-boost|p1a: Kyurem|spe|1
|
|upkeep
|turn|18
|
|t:|1743815902
|move|p2a: Cloyster|Ice Shard|p1a: Kyurem
|-resisted|p1a: Kyurem
|-damage|p1a: Kyurem|0 fnt
|faint|p1a: Kyurem
|
|-sideend|p2: Barronmaster|move: Aurora Veil
|upkeep
|
|t:|1743815907
|switch|p1a: Dragonite|Dragonite, M|100/100
|turn|19
|
|t:|1743815917
|switch|p2a: Cloyster|Cloyster, M|100/100
|-damage|p2a: Cloyster|88/100|[from] Stealth Rock
|-damage|p2a: Cloyster|72/100|[from] Spikes
|move|p1a: Dragonite|Extreme Speed|p2a: Cloyster
|-damage|p2a: Cloyster|15/100
|replace|p2a: Zoroark|Zoroark, M
|-end|p2a: Zoroark|Illusion
|
|upkeep
|turn|20
|
|t:|1743815931
|move|p1a: Dragonite|Extreme Speed|p2a: Zoroark
|-damage|p2a: Zoroark|0 fnt
|faint|p2a: Zoroark
|
|upkeep
|
|t:|1743815934
|switch|p2a: Cloyster|Cloyster, M|35/100
|turn|21
|
|t:|1743815939
|move|p1a: Dragonite|Extreme Speed|p2a: Cloyster
|-damage|p2a: Cloyster|10/100
|move|p2a: Cloyster|Icicle Spear|p1a: Dragonite
|-supereffective|p1a: Dragonite
|-damage|p1a: Dragonite|76/100
|-supereffective|p1a: Dragonite
|-damage|p1a: Dragonite|27/100
|-supereffective|p1a: Dragonite
|-damage|p1a: Dragonite|0 fnt
|faint|p1a: Dragonite
|-hitcount|p1: Dragonite|3
|
|win|Barronmaster
|raw|futurebaby's rating: 1420 &rarr; <strong>1398</strong><br />(-22 for losing)
|raw|Barronmaster's rating: 1378 &rarr; <strong>1400</strong><br />(+22 for winning)
|c|☆futurebaby|NOOO
|c|☆Barronmaster|Gg
|l|☆Barronmaster
|player|p2|
|l|☆futurebaby
|player|p1|
