|j|☆BanTwave77
|j|☆2(H2O)
|t:|1743828186
|gametype|singles
|player|p1|BanTwave77|grimsley|1722
|player|p2|2(H2O)|chase|1826
|teamsize|p1|6
|teamsize|p2|6
|gen|9
|tier|[Gen 9] OU
|rated|
|rule|HP Percentage Mod: HP is shown in percentages
|rule|Endless Battle Clause: Forcing endless battles is banned
|rule|Species Clause: Limit one of each Pokémon
|rule|OHKO Clause: OHKO moves are banned
|rule|Evasion Items Clause: Evasion items are banned
|rule|Evasion Moves Clause: Evasion moves are banned
|rule|Sleep Moves Clause: Sleep-inducing moves are banned
|clearpoke
|poke|p1|Brambleghast, M|
|poke|p1|Zapdos|
|poke|p1|Ting-Lu|
|poke|p1|Samurott-Hisui, F|
|poke|p1|Zamazenta-*|
|poke|p1|Iron Moth|
|poke|p2|Raging Bolt|
|poke|p2|Slowking-Galar, M|
|poke|p2|Landorus-Therian, M|
|poke|p2|Kingambit, M|
|poke|p2|Meowscarada, M|
|poke|p2|Kyurem|
|teampreview
|c|☆2(H2O)|hf big bro
|
|t:|1743828207
|start
|switch|p1a: Samurott|Samurott-Hisui, F|100/100
|switch|p2a: Meowscarada|Meowscarada, M|100/100
|turn|1
|inactive|Battle timer is ON: inactive players will automatically lose when time's up. (requested by 2(H2O))
|inactive|BanTwave77 has 120 seconds left.
|
|t:|1743828241
|move|p2a: Meowscarada|U-turn|p1a: Samurott
|-start|p2a: Meowscarada|typechange|Bug|[from] ability: Protean
|-supereffective|p1a: Samurott
|-damage|p1a: Samurott|10/100
|j| Appleking123
|
|t:|1743828246
|switch|p2a: Landorus|Landorus-Therian, M|100/100|[from] U-turn
|-ability|p2a: Landorus|Intimidate|boost
|-unboost|p1a: Samurott|atk|1
|move|p1a: Samurott|Ceaseless Edge|p2a: Landorus
|-damage|p2a: Landorus|73/100
|-damage|p1a: Samurott|0 fnt|[from] item: Rocky Helmet|[of] p2a: Landorus
|faint|p1a: Samurott
|
|upkeep
|j| m0chaman_829
|j| MiniLarry
|
|t:|1743828272
|switch|p1a: Zapdos|Zapdos|100/100
|turn|2
|
|t:|1743828277
|switch|p2a: Slowking|Slowking-Galar, M|100/100
|move|p1a: Zapdos|Hurricane|p2a: Slowking
|-damage|p2a: Slowking|74/100
|
|upkeep
|turn|3
|
|t:|1743828282
|move|p1a: Zapdos|Volt Switch|p2a: Slowking
|-damage|p2a: Slowking|54/100
|
|t:|1743828284
|switch|p1a: Ting-Lu|Ting-Lu|100/100|[from] Volt Switch
|-ability|p1a: Ting-Lu|Vessel of Ruin
|-prepare|p2a: Slowking|Chilly Reception|[premajor]
|move|p2a: Slowking|Chilly Reception|p2a: Slowking
|-weather|Snowscape
|
|t:|1743828291
|switch|p2a: Amarok|Kyurem|100/100|[from] Chilly Reception
|-ability|p2a: Amarok|Pressure
|
|-weather|Snowscape|[upkeep]
|upkeep
|turn|4
|j| p0k3_v13rn35
|
|t:|1743828297
|move|p2a: Amarok|Dragon Dance|p2a: Amarok
|-boost|p2a: Amarok|atk|1
|-boost|p2a: Amarok|spe|1
|move|p1a: Ting-Lu|Stealth Rock|p2a: Amarok
|-sidestart|p2: 2(H2O)|move: Stealth Rock
|
|-weather|Snowscape|[upkeep]
|upkeep
|turn|5
|
|t:|1743828302
|-terastallize|p1a: Ting-Lu|Ghost
|move|p2a: Amarok|Icicle Spear|p1a: Ting-Lu
|-damage|p1a: Ting-Lu|88/100
|-damage|p1a: Ting-Lu|75/100
|-damage|p1a: Ting-Lu|64/100
|-damage|p1a: Ting-Lu|51/100
|-damage|p1a: Ting-Lu|39/100
|-hitcount|p1a: Ting-Lu|5
|move|p1a: Ting-Lu|Whirlwind|p2a: Amarok
|drag|p2a: Meowscarada|Meowscarada, M|100/100
|-damage|p2a: Meowscarada|88/100|[from] Stealth Rock
|
|-weather|Snowscape|[upkeep]
|upkeep
|turn|6
|
|t:|1743828315
|switch|p1a: Zapdos|Zapdos|100/100
|move|p2a: Meowscarada|Knock Off|p1a: Zapdos
|-start|p2a: Meowscarada|typechange|Dark|[from] ability: Protean
|-damage|p1a: Zapdos|69/100
|-enditem|p1a: Zapdos|Heavy-Duty Boots|[from] move: Knock Off|[of] p2a: Meowscarada
|
|-weather|Snowscape|[upkeep]
|upkeep
|turn|7
|
|t:|1743828320
|switch|p2a: Landorus|Landorus-Therian, M|73/100
|-damage|p2a: Landorus|60/100|[from] Stealth Rock
|-ability|p2a: Landorus|Intimidate|boost
|-unboost|p1a: Zapdos|atk|1
|move|p1a: Zapdos|Tailwind|p1a: Zapdos
|-sidestart|p1: BanTwave77|move: Tailwind
|
|-weather|none
|upkeep
|turn|8
|
|t:|1743828330
|move|p1a: Zapdos|Hurricane|p2a: Landorus
|-damage|p2a: Landorus|8/100
|move|p2a: Landorus|Stealth Rock|p1a: Zapdos
|-sidestart|p1: BanTwave77|move: Stealth Rock
|
|upkeep
|turn|9
|
|t:|1743828338
|switch|p1a: Brambleghast|Brambleghast, M|100/100
|-damage|p1a: Brambleghast|88/100|[from] Stealth Rock
|-ability|p1a: Brambleghast|Wind Rider|boost
|-boost|p1a: Brambleghast|atk|1
|switch|p2a: Slowking|Slowking-Galar, M|88/100
|
|upkeep
|turn|10
|
|t:|1743828343
|switch|p2a: Landorus|Landorus-Therian, M|8/100
|-damage|p2a: Landorus|0 fnt|[from] Stealth Rock
|faint|p2a: Landorus
|move|p1a: Brambleghast|Rapid Spin|p2: Landorus|[notarget]
|-fail|p1a: Brambleghast
|
|-sideend|p1: BanTwave77|move: Tailwind
|upkeep
|
|t:|1743828348
|switch|p2a: Meowscarada|Meowscarada, M|88/100
|-damage|p2a: Meowscarada|76/100|[from] Stealth Rock
|turn|11
|
|t:|1743828352
|switch|p1a: Ting-Lu|Ting-Lu, tera:Ghost|39/100
|-damage|p1a: Ting-Lu|26/100|[from] Stealth Rock
|-ability|p1a: Ting-Lu|Vessel of Ruin
|move|p2a: Meowscarada|Knock Off|p1a: Ting-Lu
|-start|p2a: Meowscarada|typechange|Dark|[from] ability: Protean
|-supereffective|p1a: Ting-Lu
|-damage|p1a: Ting-Lu|0 fnt
|-damage|p2a: Meowscarada|60/100|[from] item: Rocky Helmet|[of] p1a: Ting-Lu
|-enditem|p1a: Ting-Lu|Rocky Helmet|[from] move: Knock Off|[of] p2a: Meowscarada
|faint|p1a: Ting-Lu
|
|upkeep
|
|t:|1743828354
|switch|p1a: Zapdos|Zapdos|69/100
|-damage|p1a: Zapdos|44/100|[from] Stealth Rock
|turn|12
|
|t:|1743828357
|switch|p2a: Slowking|Slowking-Galar, M|100/100
|move|p1a: Zapdos|Roost|p1a: Zapdos
|-heal|p1a: Zapdos|94/100
|-singleturn|p1a: Zapdos|move: Roost
|
|upkeep
|turn|13
|
|t:|1743828362
|move|p1a: Zapdos|Tailwind|p1a: Zapdos
|-sidestart|p1: BanTwave77|move: Tailwind
|-prepare|p2a: Slowking|Chilly Reception|[premajor]
|move|p2a: Slowking|Chilly Reception|p2a: Slowking
|-weather|Snowscape
|
|t:|1743828367
|switch|p2a: Raging Bolt|Raging Bolt|100/100|[from] Chilly Reception
|-damage|p2a: Raging Bolt|88/100|[from] Stealth Rock
|
|-weather|Snowscape|[upkeep]
|upkeep
|turn|14
|
|t:|1743828373
|move|p1a: Zapdos|Hurricane|p2a: Raging Bolt
|-resisted|p2a: Raging Bolt
|-crit|p2a: Raging Bolt
|-damage|p2a: Raging Bolt|54/100
|move|p2a: Raging Bolt|Draco Meteor|p1a: Zapdos
|-crit|p1a: Zapdos
|-damage|p1a: Zapdos|0 fnt
|-unboost|p2a: Raging Bolt|spa|2
|faint|p1a: Zapdos
|
|-weather|Snowscape|[upkeep]
|upkeep
|
|t:|1743828379
|switch|p1a: Brambleghast|Brambleghast, M|88/100
|-damage|p1a: Brambleghast|76/100|[from] Stealth Rock
|-ability|p1a: Brambleghast|Wind Rider|boost
|-boost|p1a: Brambleghast|atk|1
|turn|15
|l| m0chaman_829
|
|t:|1743828394
|move|p1a: Brambleghast|Rapid Spin|p2a: Raging Bolt
|-damage|p2a: Raging Bolt|27/100
|-boost|p1a: Brambleghast|spe|1
|-sideend|p1: BanTwave77|Stealth Rock|[from] move: Rapid Spin|[of] p1a: Brambleghast
|-damage|p1a: Brambleghast|66/100|[from] item: Life Orb
|move|p2a: Raging Bolt|Draco Meteor|p1a: Brambleghast
|-damage|p1a: Brambleghast|0 fnt
|-unboost|p2a: Raging Bolt|spa|2
|faint|p1a: Brambleghast
|
|-weather|Snowscape|[upkeep]
|upkeep
|
|t:|1743828398
|switch|p1a: Iron Moth|Iron Moth|100/100
|turn|16
|
|t:|1743828403
|-end|p2a: Raging Bolt|Protosynthesis|[silent]
|switch|p2a: Slowking|Slowking-Galar, M|100/100
|move|p1a: Iron Moth|Meteor Beam||[still]
|-prepare|p1a: Iron Moth|Meteor Beam
|-boost|p1a: Iron Moth|spa|1
|-enditem|p1a: Iron Moth|Power Herb
|-anim|p1a: Iron Moth|Meteor Beam|p2a: Slowking
|-damage|p2a: Slowking|60/100
|
|-weather|Snowscape|[upkeep]
|-sideend|p1: BanTwave77|move: Tailwind
|upkeep
|turn|17
|
|t:|1743828414
|move|p1a: Iron Moth|Fiery Dance|p2a: Slowking
|-damage|p2a: Slowking|22/100
|-prepare|p2a: Slowking|Chilly Reception|[premajor]
|move|p2a: Slowking|Chilly Reception|p2a: Slowking
|
|t:|1743828420
|switch|p2a: Amarok|Kyurem|100/100|[from] Chilly Reception
|-damage|p2a: Amarok|76/100|[from] Stealth Rock
|-ability|p2a: Amarok|Pressure
|
|-weather|none
|upkeep
|turn|18
|
|t:|1743828423
|move|p1a: Iron Moth|Dazzling Gleam|p2a: Amarok
|-supereffective|p2a: Amarok
|-damage|p2a: Amarok|0 fnt
|faint|p2a: Amarok
|
|upkeep
|
|t:|1743828427
|switch|p2a: Raging Bolt|Raging Bolt|27/100
|-damage|p2a: Raging Bolt|15/100|[from] Stealth Rock
|turn|19
|
|t:|1743828431
|move|p2a: Raging Bolt|Thunderclap|p1a: Iron Moth
|-damage|p1a: Iron Moth|40/100
|move|p1a: Iron Moth|Fiery Dance|p2a: Raging Bolt
|-resisted|p2a: Raging Bolt
|-damage|p2a: Raging Bolt|0 fnt
|faint|p2a: Raging Bolt
|-end|p2a: Raging Bolt|Protosynthesis|[silent]
|
|upkeep
|
|t:|1743828434
|switch|p2a: Meowscarada|Meowscarada, M|60/100
|-damage|p2a: Meowscarada|47/100|[from] Stealth Rock
|turn|20
|
|t:|1743828437
|move|p2a: Meowscarada|Knock Off|p1a: Iron Moth
|-start|p2a: Meowscarada|typechange|Dark|[from] ability: Protean
|-damage|p1a: Iron Moth|0 fnt
|faint|p1a: Iron Moth
|-end|p1a: Iron Moth|Quark Drive|[silent]
|
|upkeep
|
|t:|1743828439
|switch|p1a: Zamazenta|Zamazenta|100/100
|-ability|p1a: Zamazenta|Dauntless Shield|boost
|-boost|p1a: Zamazenta|def|1
|turn|21
|
|t:|1743828442
|switch|p2a: Slowking|Slowking-Galar, M|55/100
|move|p1a: Zamazenta|Crunch|p2a: Slowking
|-supereffective|p2a: Slowking
|-damage|p2a: Slowking|1/100
|-unboost|p2a: Slowking|def|1
|
|upkeep
|turn|22
|
|t:|1743828445
|switch|p2a: Kingambit|Kingambit, M|100/100
|-damage|p2a: Kingambit|94/100|[from] Stealth Rock
|-activate|p2a: Kingambit|ability: Supreme Overlord
|-start|p2a: Kingambit|fallen3|[silent]
|move|p1a: Zamazenta|Crunch|p2a: Kingambit
|-resisted|p2a: Kingambit
|-damage|p2a: Kingambit|82/100
|
|upkeep
|turn|23
|
|t:|1743828448
|-end|p2a: Kingambit|fallen3|[silent]
|switch|p2a: Slowking|Slowking-Galar, M|34/100
|move|p1a: Zamazenta|Close Combat|p2a: Slowking
|-resisted|p2a: Slowking
|-damage|p2a: Slowking|18/100
|-unboost|p1a: Zamazenta|def|1
|-unboost|p1a: Zamazenta|spd|1
|
|upkeep
|turn|24
|
|t:|1743828453
|switch|p2a: Kingambit|Kingambit, M|82/100
|-damage|p2a: Kingambit|76/100|[from] Stealth Rock
|-activate|p2a: Kingambit|ability: Supreme Overlord
|-start|p2a: Kingambit|fallen3|[silent]
|move|p1a: Zamazenta|Crunch|p2a: Kingambit
|-resisted|p2a: Kingambit
|-crit|p2a: Kingambit
|-damage|p2a: Kingambit|58/100
|
|upkeep
|turn|25
|
|t:|1743828457
|-end|p2a: Kingambit|fallen3|[silent]
|switch|p2a: Slowking|Slowking-Galar, M|51/100
|move|p1a: Zamazenta|Close Combat|p2a: Slowking
|-resisted|p2a: Slowking
|-damage|p2a: Slowking|34/100
|-unboost|p1a: Zamazenta|def|1
|-unboost|p1a: Zamazenta|spd|1
|
|upkeep
|turn|26
|
|t:|1743828461
|switch|p2a: Kingambit|Kingambit, M|58/100
|-damage|p2a: Kingambit|52/100|[from] Stealth Rock
|-activate|p2a: Kingambit|ability: Supreme Overlord
|-start|p2a: Kingambit|fallen3|[silent]
|move|p1a: Zamazenta|Crunch|p2a: Kingambit
|-resisted|p2a: Kingambit
|-damage|p2a: Kingambit|41/100
|
|upkeep
|turn|27
|l| appleking123
|
|t:|1743828468
|move|p2a: Kingambit|Sucker Punch|p1a: Zamazenta
|-resisted|p1a: Zamazenta
|-crit|p1a: Zamazenta
|-damage|p1a: Zamazenta|34/100
|move|p1a: Zamazenta|Crunch|p2a: Kingambit
|-resisted|p2a: Kingambit
|-damage|p2a: Kingambit|29/100
|-unboost|p2a: Kingambit|def|1
|
|upkeep
|turn|28
|-message|BanTwave77 forfeited.
|
|win|2(H2O)
|raw|BanTwave77's rating: 1715 &rarr; <strong>1701</strong><br />(-14 for losing)
|raw|2(H2O)'s rating: 1826 &rarr; <strong>1840</strong><br />(+14 for winning)
|l|☆BanTwave77
|player|p1|
|l|☆2(H2O)
|player|p2|
|l| MiniLarry
|l| p0k3_v13rn35
