|j|☆dishes_ttv
|j|☆MobOfTheDead18
|t:|1743878998
|gametype|singles
|player|p1|dishes_ttv|170|1615
|player|p2|MobOfTheDead18|gardenia-masters|1722
|teamsize|p1|6
|teamsize|p2|6
|gen|9
|tier|[Gen 9] OU
|rated|
|rule|HP Percentage Mod: HP is shown in percentages
|rule|Endless Battle Clause: Forcing endless battles is banned
|rule|Species Clause: Limit one of each Pokémon
|rule|OHKO Clause: OHKO moves are banned
|rule|Evasion Items Clause: Evasion items are banned
|rule|Evasion Moves Clause: Evasion moves are banned
|rule|Sleep Moves Clause: Sleep-inducing moves are banned
|clearpoke
|poke|p1|Dragapult, F|
|poke|p1|Meowscarada, M|
|poke|p1|Tinkaton, F|
|poke|p1|Primarina, M|
|poke|p1|Gholdengo|
|poke|p1|Great Tusk|
|poke|p2|Torkoal, F|
|poke|p2|Walking Wake|
|poke|p2|Pelipper, M|
|poke|p2|Raging Bolt|
|poke|p2|Tyranitar, M|
|poke|p2|Excadrill, F|
|teampreview
|inactive|Battle timer is ON: inactive players will automatically lose when time's up. (requested by dishes_ttv)
|
|t:|1743879012
|start
|switch|p1a: Primarina|Primarina, M|100/100
|switch|p2a: Torkoal|Torkoal, F|100/100
|-weather|SunnyDay|[from] ability: Drought|[of] p2a: Torkoal
|turn|1
|
|t:|1743879025
|move|p1a: Primarina|Surf|p2a: Torkoal
|-supereffective|p2a: Torkoal
|-damage|p2a: Torkoal|30/100
|move|p2a: Torkoal|Solar Beam||[still]
|-prepare|p2a: Torkoal|Solar Beam
|-anim|p2a: Torkoal|Solar Beam|p1a: Primarina
|-supereffective|p1a: Primarina
|-damage|p1a: Primarina|33/100
|
|-weather|SunnyDay|[upkeep]
|upkeep
|turn|2
|
|t:|1743879041
|switch|p2a: Tyranitar|Tyranitar, M|100/100
|-weather|Sandstorm|[from] ability: Sand Stream|[of] p2a: Tyranitar
|move|p1a: Primarina|Moonblast|p2a: Tyranitar
|-supereffective|p2a: Tyranitar
|-damage|p2a: Tyranitar|68/100
|
|-weather|Sandstorm|[upkeep]
|-damage|p1a: Primarina|27/100|[from] Sandstorm
|upkeep
|turn|3
|
|t:|1743879048
|switch|p1a: Tinkaton|Tinkaton, F|100/100
|-ability|p1a: Tinkaton|Mold Breaker
|-item|p1a: Tinkaton|Air Balloon
|move|p2a: Tyranitar|Knock Off|p1a: Tinkaton
|-resisted|p1a: Tinkaton
|-damage|p1a: Tinkaton|75/100
|-enditem|p1a: Tinkaton|Air Balloon
|
|-weather|Sandstorm|[upkeep]
|upkeep
|turn|4
|
|t:|1743879056
|switch|p2a: Pelipper|Pelipper, M|100/100
|-weather|RainDance|[from] ability: Drizzle|[of] p2a: Pelipper
|move|p1a: Tinkaton|Stealth Rock|p2a: Pelipper
|-sidestart|p2: MobOfTheDead18|move: Stealth Rock
|
|-weather|RainDance|[upkeep]
|upkeep
|turn|5
|
|t:|1743879059
|move|p1a: Tinkaton|Thunder Wave|p2a: Pelipper
|-status|p2a: Pelipper|par
|move|p2a: Pelipper|Weather Ball|p1a: Tinkaton
|-damage|p1a: Tinkaton|15/100
|
|-weather|RainDance|[upkeep]
|upkeep
|turn|6
|
|t:|1743879071
|move|p1a: Tinkaton|Gigaton Hammer|p2a: Pelipper
|-resisted|p2a: Pelipper
|-damage|p2a: Pelipper|78/100 par
|move|p2a: Pelipper|Weather Ball|p1a: Tinkaton
|-damage|p1a: Tinkaton|0 fnt
|faint|p1a: Tinkaton
|
|-weather|RainDance|[upkeep]
|upkeep
|
|t:|1743879077
|switch|p1a: Dragapult|Dragapult, F|100/100
|turn|7
|
|t:|1743879085
|switch|p2a: Torkoal|Torkoal, F|30/100
|-damage|p2a: Torkoal|5/100|[from] Stealth Rock
|-weather|SunnyDay|[from] ability: Drought|[of] p2a: Torkoal
|move|p1a: Dragapult|Dragon Darts|p2a: Torkoal
|-damage|p2a: Torkoal|0 fnt
|faint|p2a: Torkoal
|
|-weather|SunnyDay|[upkeep]
|upkeep
|
|t:|1743879102
|switch|p2a: Walking Wake|Walking Wake|100/100
|-damage|p2a: Walking Wake|88/100|[from] Stealth Rock
|-activate|p2a: Walking Wake|ability: Protosynthesis
|-start|p2a: Walking Wake|protosynthesisspe
|turn|8
|
|t:|1743879107
|switch|p1a: Primarina|Primarina, M|27/100
|move|p2a: Walking Wake|Hydro Steam|p1a: Primarina
|-resisted|p1a: Primarina
|-damage|p1a: Primarina|0 fnt
|faint|p1a: Primarina
|
|-weather|SunnyDay|[upkeep]
|upkeep
|
|t:|1743879112
|switch|p1a: Meowscarada|Meowscarada, M|100/100
|turn|9
|
|t:|1743879118
|-terastallize|p2a: Walking Wake|Water
|move|p1a: Meowscarada|Flower Trick|p2a: Walking Wake
|-start|p1a: Meowscarada|typechange|Grass|[from] ability: Protean
|-supereffective|p2a: Walking Wake
|-crit|p2a: Walking Wake
|-damage|p2a: Walking Wake|0 fnt
|faint|p2a: Walking Wake
|-end|p2a: Walking Wake|Protosynthesis|[silent]
|
|-weather|SunnyDay|[upkeep]
|upkeep
|
|t:|1743879128
|switch|p2a: Raging Bolt|Raging Bolt|100/100
|-damage|p2a: Raging Bolt|88/100|[from] Stealth Rock
|-activate|p2a: Raging Bolt|ability: Protosynthesis
|-start|p2a: Raging Bolt|protosynthesisspa
|turn|10
|
|t:|1743879138
|switch|p1a: Gholdengo|Gholdengo|100/100
|-item|p1a: Gholdengo|Air Balloon
|move|p2a: Raging Bolt|Weather Ball|p1a: Gholdengo
|-supereffective|p1a: Gholdengo
|-damage|p1a: Gholdengo|0 fnt
|-enditem|p1a: Gholdengo|Air Balloon
|faint|p1a: Gholdengo
|
|-weather|SunnyDay|[upkeep]
|-heal|p2a: Raging Bolt|94/100|[from] item: Leftovers
|upkeep
|
|t:|1743879148
|switch|p1a: Great Tusk|Great Tusk|100/100
|-activate|p1a: Great Tusk|ability: Protosynthesis
|-start|p1a: Great Tusk|protosynthesisdef
|turn|11
|
|t:|1743879153
|move|p1a: Great Tusk|Headlong Rush|p2a: Raging Bolt
|-supereffective|p2a: Raging Bolt
|-damage|p2a: Raging Bolt|15/100
|-unboost|p1a: Great Tusk|def|1
|-unboost|p1a: Great Tusk|spd|1
|move|p2a: Raging Bolt|Draco Meteor|p1a: Great Tusk
|-damage|p1a: Great Tusk|0 fnt
|-unboost|p2a: Raging Bolt|spa|2
|faint|p1a: Great Tusk
|-end|p1a: Great Tusk|Protosynthesis|[silent]
|
|-weather|none
|-end|p2a: Raging Bolt|Protosynthesis
|-heal|p2a: Raging Bolt|21/100|[from] item: Leftovers
|upkeep
|
|t:|1743879164
|switch|p1a: Meowscarada|Meowscarada, M|100/100
|turn|12
|
|t:|1743879171
|move|p2a: Raging Bolt|Thunderclap|p1a: Meowscarada
|-resisted|p1a: Meowscarada
|-damage|p1a: Meowscarada|83/100
|move|p1a: Meowscarada|Flower Trick|p2a: Raging Bolt
|-start|p1a: Meowscarada|typechange|Grass|[from] ability: Protean
|-resisted|p2a: Raging Bolt
|-crit|p2a: Raging Bolt
|-damage|p2a: Raging Bolt|1/100
|
|-heal|p2a: Raging Bolt|8/100|[from] item: Leftovers
|upkeep
|turn|13
|
|t:|1743879178
|move|p1a: Meowscarada|Flower Trick|p2a: Raging Bolt
|-resisted|p2a: Raging Bolt
|-crit|p2a: Raging Bolt
|-damage|p2a: Raging Bolt|0 fnt
|faint|p2a: Raging Bolt
|-end|p2a: Raging Bolt|Protosynthesis|[silent]
|
|upkeep
|
|t:|1743879185
|switch|p2a: Excadrill|Excadrill, F|100/100
|-damage|p2a: Excadrill|97/100|[from] Stealth Rock
|turn|14
|
|t:|1743879191
|move|p1a: Meowscarada|Flower Trick|p2a: Excadrill
|-crit|p2a: Excadrill
|-damage|p2a: Excadrill|26/100
|move|p2a: Excadrill|Rapid Spin|p1a: Meowscarada
|-damage|p1a: Meowscarada|45/100
|-boost|p2a: Excadrill|spe|1
|-sideend|p2: MobOfTheDead18|Stealth Rock|[from] move: Rapid Spin|[of] p2a: Excadrill
|-damage|p2a: Excadrill|16/100|[from] item: Life Orb
|
|upkeep
|turn|15
|
|t:|1743879221
|move|p1a: Meowscarada|Flower Trick|p2a: Excadrill
|-crit|p2a: Excadrill
|-damage|p2a: Excadrill|0 fnt
|faint|p2a: Excadrill
|
|upkeep
|
|t:|1743879224
|switch|p2a: Pelipper|Pelipper, M|78/100 par
|-weather|RainDance|[from] ability: Drizzle|[of] p2a: Pelipper
|turn|16
|
|t:|1743879234
|move|p1a: Meowscarada|Flower Trick|p2a: Pelipper
|-crit|p2a: Pelipper
|-damage|p2a: Pelipper|26/100 par
|move|p2a: Pelipper|Ice Beam|p1a: Meowscarada
|-supereffective|p1a: Meowscarada
|-damage|p1a: Meowscarada|0 fnt
|faint|p1a: Meowscarada
|
|-weather|RainDance|[upkeep]
|upkeep
|
|t:|1743879238
|switch|p1a: Dragapult|Dragapult, F|100/100
|turn|17
|
|t:|1743879241
|move|p1a: Dragapult|Dragon Darts|p2a: Pelipper
|-damage|p2a: Pelipper|0 fnt
|faint|p2a: Pelipper
|
|-weather|RainDance|[upkeep]
|upkeep
|
|t:|1743879243
|switch|p2a: Tyranitar|Tyranitar, M|68/100
|-weather|Sandstorm|[from] ability: Sand Stream|[of] p2a: Tyranitar
|turn|18
|
|t:|1743879246
|move|p1a: Dragapult|Dragon Darts|p2a: Tyranitar
|-damage|p2a: Tyranitar|40/100
|-anim|p1a: Dragapult|Dragon Darts|p2a: Tyranitar
|-damage|p2a: Tyranitar|9/100
|move|p2a: Tyranitar|Knock Off|p1a: Dragapult
|-supereffective|p1a: Dragapult
|-damage|p1a: Dragapult|0 fnt
|-enditem|p1a: Dragapult|Choice Band|[from] move: Knock Off|[of] p2a: Tyranitar
|faint|p1a: Dragapult
|
|win|MobOfTheDead18
|raw|dishes_ttv's rating: 1615 &rarr; <strong>1601</strong><br />(-14 for losing)
|raw|MobOfTheDead18's rating: 1722 &rarr; <strong>1736</strong><br />(+14 for winning)
|l|☆dishes_ttv
|player|p1|
|l|☆MobOfTheDead18
|player|p2|
