|j|☆megachomptablesalt
|j|☆ArmyOfBrachydios
|t:|1743797089
|gametype|singles
|player|p1|megachomptablesalt|sage|1445
|player|p2|ArmyOfBrachydios|266|1427
|teamsize|p1|6
|teamsize|p2|6
|gen|9
|tier|[Gen 9] OU
|rated|
|rule|HP Percentage Mod: HP is shown in percentages
|rule|Endless Battle Clause: Forcing endless battles is banned
|rule|Species Clause: Limit one of each Pokémon
|rule|OHKO Clause: OHKO moves are banned
|rule|Evasion Items Clause: Evasion items are banned
|rule|Evasion Moves Clause: Evasion moves are banned
|rule|Sleep Moves Clause: Sleep-inducing moves are banned
|clearpoke
|poke|p1|Ninetales, F|
|poke|p1|Zarude|
|poke|p1|Walking Wake|
|poke|p1|Heatran, F|
|poke|p1|Great Tusk|
|poke|p1|Fezandipiti, M|
|poke|p2|Skeledirge, F|
|poke|p2|Garchomp, M|
|poke|p2|Quaquaval, F|
|poke|p2|Corviknight, F|
|poke|p2|Galvantula, M|
|poke|p2|Glimmora, M|
|teampreview
|
|t:|1743797118
|start
|switch|p1a: Great Tusk|Great Tusk, shiny|100/100
|switch|p2a: Galvantula|Galvantula, M|100/100
|-enditem|p1a: Great Tusk|Booster Energy
|-activate|p1a: Great Tusk|ability: Protosynthesis|[fromitem]
|-start|p1a: Great Tusk|protosynthesisspe
|turn|1
|inactive|Battle timer is ON: inactive players will automatically lose when time's up. (requested by megachomptablesalt)
|
|t:|1743797136
|move|p1a: Great Tusk|Rapid Spin|p2a: Galvantula
|-damage|p2a: Galvantula|74/100
|-boost|p1a: Great Tusk|spe|1
|move|p2a: Galvantula|Giga Drain|p1a: Great Tusk
|-supereffective|p1a: Great Tusk
|-crit|p1a: Great Tusk
|-damage|p1a: Great Tusk|11/100
|-heal|p2a: Galvantula|100/100|[from] drain|[of] p1a: Great Tusk
|
|upkeep
|turn|2
|
|t:|1743797142
|move|p1a: Great Tusk|Headlong Rush|p2a: Galvantula
|-damage|p2a: Galvantula|5/100
|-unboost|p1a: Great Tusk|def|1
|-unboost|p1a: Great Tusk|spd|1
|move|p2a: Galvantula|Giga Drain|p1a: Great Tusk
|-supereffective|p1a: Great Tusk
|-damage|p1a: Great Tusk|0 fnt
|-heal|p2a: Galvantula|13/100|[from] drain|[of] p1a: Great Tusk
|faint|p1a: Great Tusk
|-end|p1a: Great Tusk|Protosynthesis|[silent]
|
|upkeep
|
|t:|1743797167
|switch|p1a: Ninetales|Ninetales, F, shiny|100/100
|-weather|SunnyDay|[from] ability: Drought|[of] p1a: Ninetales
|turn|3
|inactive|megachomptablesalt has 120 seconds left.
|
|t:|1743797187
|move|p2a: Galvantula|Sticky Web|p1a: Ninetales
|-sidestart|p1: megachomptablesalt|move: Sticky Web
|move|p1a: Ninetales|Weather Ball|p2a: Galvantula
|-supereffective|p2a: Galvantula
|-damage|p2a: Galvantula|0 fnt
|faint|p2a: Galvantula
|
|-weather|SunnyDay|[upkeep]
|upkeep
|
|t:|1743797199
|switch|p2a: Skeledirge|Skeledirge, F|100/100
|turn|4
|inactive|megachomptablesalt has 120 seconds left.
|
|t:|1743797221
|-terastallize|p2a: Skeledirge|Fire
|move|p1a: Ninetales|Weather Ball|p2a: Skeledirge
|-resisted|p2a: Skeledirge
|-damage|p2a: Skeledirge|78/100
|move|p2a: Skeledirge|Torch Song|p1a: Ninetales
|-resisted|p1a: Ninetales
|-damage|p1a: Ninetales|63/100
|-boost|p2a: Skeledirge|spa|1
|
|-weather|SunnyDay|[upkeep]
|-heal|p2a: Skeledirge|84/100|[from] item: Leftovers
|upkeep
|turn|5
|inactive|megachomptablesalt has 120 seconds left.
|
|t:|1743797235
|switch|p1a: Walking Wake|Walking Wake|100/100
|-activate|p1a: Walking Wake|move: Sticky Web
|-unboost|p1a: Walking Wake|spe|1
|-activate|p1a: Walking Wake|ability: Protosynthesis
|-start|p1a: Walking Wake|protosynthesisspa
|move|p2a: Skeledirge|Torch Song|p1a: Walking Wake
|-resisted|p1a: Walking Wake
|-damage|p1a: Walking Wake|82/100
|-boost|p2a: Skeledirge|spa|1
|
|-weather|SunnyDay|[upkeep]
|-heal|p2a: Skeledirge|90/100|[from] item: Leftovers
|upkeep
|turn|6
|
|t:|1743797248
|move|p1a: Walking Wake|Hydro Steam|p2a: Skeledirge
|-supereffective|p2a: Skeledirge
|-damage|p2a: Skeledirge|0 fnt
|faint|p2a: Skeledirge
|
|-weather|SunnyDay|[upkeep]
|upkeep
|
|t:|1743797255
|switch|p2a: Garchomp|Garchomp, M|100/100
|turn|7
|
|t:|1743797267
|-end|p1a: Walking Wake|Protosynthesis|[silent]
|switch|p1a: Heatran|Heatran, F, shiny|100/100
|-item|p1a: Heatran|Air Balloon
|move|p2a: Garchomp|Scale Shot|p1a: Heatran
|-resisted|p1a: Heatran
|-damage|p1a: Heatran|96/100
|-enditem|p1a: Heatran|Air Balloon
|-resisted|p1a: Heatran
|-damage|p1a: Heatran|91/100
|-resisted|p1a: Heatran
|-damage|p1a: Heatran|85/100
|-resisted|p1a: Heatran
|-damage|p1a: Heatran|81/100
|-hitcount|p1a: Heatran|4
|-unboost|p2a: Garchomp|def|1
|-boost|p2a: Garchomp|spe|1
|
|-weather|SunnyDay|[upkeep]
|upkeep
|turn|8
|inactive|megachomptablesalt has 120 seconds left.
|
|t:|1743797311
|move|p2a: Garchomp|Swords Dance|p2a: Garchomp
|-boost|p2a: Garchomp|atk|2
|move|p1a: Heatran|Magma Storm|p2a: Garchomp
|-resisted|p2a: Garchomp
|-damage|p2a: Garchomp|64/100
|-activate|p2a: Garchomp|move: Magma Storm|[of] p1a: Heatran
|
|-weather|SunnyDay|[upkeep]
|-damage|p2a: Garchomp|51/100|[from] move: Magma Storm|[partiallytrapped]
|upkeep
|turn|9
|
|t:|1743797317
|move|p2a: Garchomp|Earthquake|p1a: Heatran
|-supereffective|p1a: Heatran
|-damage|p1a: Heatran|0 fnt
|faint|p1a: Heatran
|
|-weather|SunnyDay|[upkeep]
|-end|p2a: Garchomp|Magma Storm|[partiallytrapped]|[silent]
|upkeep
|inactive|megachomptablesalt has 90 seconds left.
|
|t:|1743797354
|switch|p1a: Fezandipiti|Fezandipiti, M|100/100
|-activate|p1a: Fezandipiti|move: Sticky Web
|-unboost|p1a: Fezandipiti|spe|1
|turn|10
|
|t:|1743797359
|-terastallize|p1a: Fezandipiti|Dark
|move|p2a: Garchomp|Earthquake|p1a: Fezandipiti
|-damage|p1a: Fezandipiti|6/100
|move|p1a: Fezandipiti|Play Rough|p2a: Garchomp
|-supereffective|p2a: Garchomp
|-damage|p2a: Garchomp|0 fnt
|-damage|p1a: Fezandipiti|0 fnt|[from] ability: Rough Skin|[of] p2a: Garchomp
|faint|p2a: Garchomp
|faint|p1a: Fezandipiti
|
|-weather|none
|upkeep
|
|t:|1743797370
|switch|p2a: Glimmora|Glimmora, M|100/100
|switch|p1a: Ninetales|Ninetales, F, shiny|63/100
|-activate|p1a: Ninetales|move: Sticky Web
|-unboost|p1a: Ninetales|spe|1
|-weather|SunnyDay|[from] ability: Drought|[of] p1a: Ninetales
|-item|p2a: Glimmora|Air Balloon
|turn|11
|
|t:|1743797385
|switch|p1a: Walking Wake|Walking Wake|82/100
|-activate|p1a: Walking Wake|move: Sticky Web
|-unboost|p1a: Walking Wake|spe|1
|-activate|p1a: Walking Wake|ability: Protosynthesis
|-start|p1a: Walking Wake|protosynthesisspa
|move|p2a: Glimmora|Sludge Bomb|p1a: Walking Wake
|-damage|p1a: Walking Wake|54/100
|
|-weather|SunnyDay|[upkeep]
|upkeep
|turn|12
|
|t:|1743797395
|move|p2a: Glimmora|Sludge Bomb|p1a: Walking Wake
|-damage|p1a: Walking Wake|24/100
|move|p1a: Walking Wake|Hydro Steam|p2a: Glimmora
|-supereffective|p2a: Glimmora
|-damage|p2a: Glimmora|0 fnt
|-enditem|p2a: Glimmora|Air Balloon
|faint|p2a: Glimmora
|
|-weather|SunnyDay|[upkeep]
|upkeep
|
|t:|1743797400
|switch|p2a: Quaquaval|Quaquaval, F|100/100
|turn|13
|
|t:|1743797405
|move|p2a: Quaquaval|Ice Spinner|p1a: Walking Wake
|-damage|p1a: Walking Wake|0 fnt
|faint|p1a: Walking Wake
|-end|p1a: Walking Wake|Protosynthesis|[silent]
|-ability|p2a: Quaquaval|Moxie|boost
|-boost|p2a: Quaquaval|atk|1
|-damage|p2a: Quaquaval|91/100|[from] item: Life Orb
|
|-weather|SunnyDay|[upkeep]
|upkeep
|
|t:|1743797410
|switch|p1a: Ninetales|Ninetales, F, shiny|63/100
|-activate|p1a: Ninetales|move: Sticky Web
|-unboost|p1a: Ninetales|spe|1
|turn|14
|inactive|megachomptablesalt has 120 seconds left.
|
|t:|1743797428
|move|p2a: Quaquaval|Knock Off|p1a: Ninetales
|-damage|p1a: Ninetales|0 fnt
|-enditem|p1a: Ninetales|Heat Rock|[from] move: Knock Off|[of] p2a: Quaquaval
|faint|p1a: Ninetales
|-ability|p2a: Quaquaval|Moxie|boost
|-boost|p2a: Quaquaval|atk|1
|-damage|p2a: Quaquaval|81/100|[from] item: Life Orb
|
|-weather|SunnyDay|[upkeep]
|upkeep
|
|t:|1743797433
|switch|p1a: Zarude|Zarude|100/100
|-activate|p1a: Zarude|move: Sticky Web
|-unboost|p1a: Zarude|spe|1
|turn|15
|
|t:|1743797437
|move|p2a: Quaquaval|Ice Spinner|p1a: Zarude
|-supereffective|p1a: Zarude
|-damage|p1a: Zarude|0 fnt
|faint|p1a: Zarude
|-damage|p2a: Quaquaval|71/100|[from] item: Life Orb
|
|win|ArmyOfBrachydios
|raw|megachomptablesalt's rating: 1445 &rarr; <strong>1424</strong><br />(-21 for losing)
|raw|ArmyOfBrachydios's rating: 1427 &rarr; <strong>1448</strong><br />(+21 for winning)
|l|☆megachomptablesalt
|player|p1|
|l|☆ArmyOfBrachydios
|player|p2|
