|j|☆ss_shedinja
|j|☆RoutesReborn
|t:|1743811004
|gametype|singles
|player|p1|ss_shedinja|iris-gen5bw2|1168
|player|p2|RoutesReborn|volkner|1175
|teamsize|p1|6
|teamsize|p2|6
|gen|9
|tier|[Gen 9] OU
|rated|
|rule|HP Percentage Mod: HP is shown in percentages
|rule|Endless Battle Clause: Forcing endless battles is banned
|rule|Species Clause: Limit one of each Pokémon
|rule|OHKO Clause: OHKO moves are banned
|rule|Evasion Items Clause: Evasion items are banned
|rule|Evasion Moves Clause: Evasion moves are banned
|rule|Sleep Moves Clause: Sleep-inducing moves are banned
|clearpoke
|poke|p1|Hatterene, F|
|poke|p1|Skeledirge, F|
|poke|p1|Clodsire, M|
|poke|p1|Quagsire, M|
|poke|p1|Iron Thorns|
|poke|p1|Hydrapple, M|
|poke|p2|Kingambit, M|
|poke|p2|Garchomp, M|
|poke|p2|Pecharunt|
|poke|p2|Darkrai|
|poke|p2|Kyurem|
|poke|p2|Zapdos-Galar|
|teampreview
|inactive|Battle timer is ON: inactive players will automatically lose when time's up. (requested by RoutesReborn)
|inactive|RoutesReborn has 120 seconds left.
|
|t:|1743811048
|start
|switch|p1a: Hydrapple|Hydrapple, M|100/100
|switch|p2a: Garchomp|Garchomp, M|100/100
|turn|1
|
|t:|1743811069
|move|p2a: Garchomp|Draco Meteor|p1a: Hydrapple
|-supereffective|p1a: Hydrapple
|-damage|p1a: Hydrapple|12/100
|-unboost|p2a: Garchomp|spa|2
|-damage|p2a: Garchomp|91/100|[from] item: Life Orb
|move|p1a: Hydrapple|Fickle Beam|p2a: Garchomp
|-supereffective|p2a: Garchomp
|-damage|p2a: Garchomp|0 fnt
|faint|p2a: Garchomp
|
|upkeep
|inactive|RoutesReborn has 120 seconds left.
|
|t:|1743811086
|switch|p2a: Darkrai|Darkrai|100/100
|turn|2
|inactive|RoutesReborn has 120 seconds left.
|
|t:|1743811097
|switch|p1a: Clodsire|Clodsire, M|100/100
|move|p2a: Darkrai|Dark Pulse|p1a: Clodsire
|-damage|p1a: Clodsire|79/100
|
|-heal|p1a: Clodsire|85/100|[from] item: Black Sludge
|upkeep
|turn|3
|inactive|RoutesReborn has 120 seconds left.
|
|t:|1743811108
|switch|p2a: Pecharunt|Pecharunt|100/100
|-item|p2a: Pecharunt|Air Balloon
|move|p1a: Clodsire|Earthquake|p2a: Pecharunt
|-immune|p2a: Pecharunt
|
|-heal|p1a: Clodsire|92/100|[from] item: Black Sludge
|upkeep
|turn|4
|
|t:|1743811121
|switch|p1a: Hatterene|Hatterene, F, shiny|100/100
|move|p2a: Pecharunt|Parting Shot|p1a: Hatterene
|move|p1a: Hatterene|Parting Shot|p2a: Pecharunt|[from] ability: Magic Bounce
|-unboost|p2a: Pecharunt|atk|1
|-unboost|p2a: Pecharunt|spa|1
|
|t:|1743811141
|switch|p1a: Hydrapple|Hydrapple, M|45/100|[from] Parting Shot
|
|upkeep
|turn|5
|
|t:|1743811155
|switch|p1a: Skeledirge|Skeledirge, F|100/100
|move|p2a: Pecharunt|Malignant Chain|p1a: Skeledirge
|-resisted|p1a: Skeledirge
|-damage|p1a: Skeledirge|87/100
|
|upkeep
|turn|6
|inactive|RoutesReborn has 120 seconds left.
|
|t:|1743811176
|move|p2a: Pecharunt|Parting Shot|p1a: Skeledirge
|-unboost|p1a: Skeledirge|atk|1
|-unboost|p1a: Skeledirge|spa|1
|inactive|RoutesReborn has 120 seconds left.
|
|t:|1743811193
|switch|p2a: Kyurem|Kyurem|100/100|[from] Parting Shot
|-ability|p2a: Kyurem|Pressure
|move|p1a: Skeledirge|Will-O-Wisp|p2a: Kyurem
|-status|p2a: Kyurem|brn
|
|-damage|p2a: Kyurem|94/100 brn|[from] brn
|upkeep
|turn|7
|
|t:|1743811212
|-terastallize|p2a: Kyurem|Ground
|move|p2a: Kyurem|Tera Blast|p1a: Skeledirge|[anim] Tera Blast Ground
|-supereffective|p1a: Skeledirge
|-damage|p1a: Skeledirge|54/100
|move|p1a: Skeledirge|Torch Song|p2a: Kyurem
|-damage|p2a: Kyurem|76/100 brn
|-boost|p1a: Skeledirge|spa|1
|
|-damage|p2a: Kyurem|70/100 brn|[from] brn
|upkeep
|turn|8
|
|t:|1743811231
|switch|p2a: Pecharunt|Pecharunt|100/100
|-item|p2a: Pecharunt|Air Balloon
|move|p1a: Skeledirge|Slack Off|p1a: Skeledirge
|-heal|p1a: Skeledirge|100/100
|
|upkeep
|turn|9
|
|t:|1743811243
|switch|p1a: Hatterene|Hatterene, F, shiny|100/100
|move|p2a: Pecharunt|Malignant Chain|p1a: Hatterene
|-supereffective|p1a: Hatterene
|-damage|p1a: Hatterene|41/100
|
|-heal|p1a: Hatterene|47/100|[from] item: Leftovers
|upkeep
|turn|10
|
|t:|1743811264
|-terastallize|p1a: Hatterene|Water
|move|p2a: Pecharunt|Hex|p1a: Hatterene
|-damage|p1a: Hatterene|26/100
|move|p1a: Hatterene|Draining Kiss|p2a: Pecharunt
|-resisted|p2a: Pecharunt
|-damage|p2a: Pecharunt|88/100
|-heal|p1a: Hatterene|37/100|[from] drain|[of] p2a: Pecharunt
|-enditem|p2a: Pecharunt|Air Balloon
|
|-heal|p1a: Hatterene|43/100|[from] item: Leftovers
|upkeep
|turn|11
|inactive|RoutesReborn has 90 seconds left.
|
|t:|1743811291
|move|p2a: Pecharunt|Malignant Chain|p1a: Hatterene
|-damage|p1a: Hatterene|8/100
|move|p1a: Hatterene|Psychic Noise|p2a: Pecharunt
|-supereffective|p2a: Pecharunt
|-damage|p2a: Pecharunt|13/100
|-start|p2a: Pecharunt|move: Heal Block
|
|-heal|p1a: Hatterene|14/100|[from] item: Leftovers
|upkeep
|turn|12
|
|t:|1743811302
|move|p2a: Pecharunt|Parting Shot|p1a: Hatterene
|move|p1a: Hatterene|Parting Shot|p2a: Pecharunt|[from] ability: Magic Bounce
|-unboost|p2a: Pecharunt|atk|1
|-unboost|p2a: Pecharunt|spa|1
|
|t:|1743811310
|switch|p1a: Iron Thorns|Iron Thorns|100/100|[from] Parting Shot
|-enditem|p1a: Iron Thorns|Booster Energy
|-activate|p1a: Iron Thorns|ability: Quark Drive|[fromitem]
|-start|p1a: Iron Thorns|quarkdriveatk
|
|-end|p2a: Pecharunt|move: Heal Block
|upkeep
|turn|13
|inactive|RoutesReborn has 90 seconds left.
|
|t:|1743811321
|move|p1a: Iron Thorns|Dragon Dance|p1a: Iron Thorns
|-boost|p1a: Iron Thorns|atk|1
|-boost|p1a: Iron Thorns|spe|1
|move|p2a: Pecharunt|Malignant Chain|p1a: Iron Thorns
|-resisted|p1a: Iron Thorns
|-damage|p1a: Iron Thorns|89/100
|
|upkeep
|turn|14
|inactive|RoutesReborn has 90 seconds left.
|
|t:|1743811330
|move|p1a: Iron Thorns|Ice Punch|p2a: Pecharunt
|-damage|p2a: Pecharunt|0 fnt
|faint|p2a: Pecharunt
|
|upkeep
|inactive|RoutesReborn has 90 seconds left.
|
|t:|1743811343
|switch|p2a: Zapdos|Zapdos-Galar|100/100
|turn|15
|inactive|RoutesReborn has 90 seconds left.
|
|t:|1743811359
|move|p2a: Zapdos|U-turn|p1a: Iron Thorns
|-damage|p1a: Iron Thorns|69/100
|
|t:|1743811367
|switch|p2a: Kyurem|Kyurem, tera:Ground|70/100 brn|[from] U-turn
|-ability|p2a: Kyurem|Pressure
|move|p1a: Iron Thorns|Wild Charge|p2a: Kyurem
|-immune|p2a: Kyurem
|
|-damage|p2a: Kyurem|63/100 brn|[from] brn
|upkeep
|turn|16
|
|t:|1743811389
|move|p1a: Iron Thorns|Ice Punch|p2a: Kyurem
|-supereffective|p2a: Kyurem
|-damage|p2a: Kyurem|0 fnt
|faint|p2a: Kyurem
|
|upkeep
|
|t:|1743811393
|switch|p2a: Zapdos|Zapdos-Galar|100/100
|turn|17
|
|t:|1743811401
|move|p2a: Zapdos|Close Combat|p1a: Iron Thorns
|-supereffective|p1a: Iron Thorns
|-damage|p1a: Iron Thorns|0 fnt
|-unboost|p2a: Zapdos|def|1
|-unboost|p2a: Zapdos|spd|1
|faint|p1a: Iron Thorns
|-end|p1a: Iron Thorns|Quark Drive|[silent]
|
|upkeep
|
|t:|1743811411
|switch|p1a: Hatterene|Hatterene, F, shiny, tera:Water|14/100
|turn|18
|
|t:|1743811417
|move|p2a: Zapdos|Close Combat|p1a: Hatterene
|-damage|p1a: Hatterene|0 fnt
|-unboost|p2a: Zapdos|def|1
|-unboost|p2a: Zapdos|spd|1
|faint|p1a: Hatterene
|
|upkeep
|
|t:|1743811430
|switch|p1a: Skeledirge|Skeledirge, F|100/100
|turn|19
|
|t:|1743811436
|switch|p2a: Darkrai|Darkrai|100/100
|move|p1a: Skeledirge|Torch Song|p2a: Darkrai
|-damage|p2a: Darkrai|64/100
|-boost|p1a: Skeledirge|spa|1
|
|upkeep
|turn|20
|
|t:|1743811446
|move|p2a: Darkrai|Dark Pulse|p1a: Skeledirge
|-supereffective|p1a: Skeledirge
|-damage|p1a: Skeledirge|19/100
|move|p1a: Skeledirge|Slack Off|p1a: Skeledirge
|-heal|p1a: Skeledirge|69/100
|
|upkeep
|turn|21
|
|t:|1743811452
|switch|p1a: Clodsire|Clodsire, M|92/100
|move|p2a: Darkrai|Dark Pulse|p1a: Clodsire
|-damage|p1a: Clodsire|68/100
|
|-heal|p1a: Clodsire|74/100|[from] item: Black Sludge
|upkeep
|turn|22
|
|t:|1743811470
|move|p2a: Darkrai|Nasty Plot|p2a: Darkrai
|-boost|p2a: Darkrai|spa|2
|move|p1a: Clodsire|Recover|p1a: Clodsire
|-heal|p1a: Clodsire|100/100
|
|upkeep
|turn|23
|
|t:|1743811485
|move|p2a: Darkrai|Ice Beam|p1a: Clodsire
|-supereffective|p1a: Clodsire
|-damage|p1a: Clodsire|69/100
|move|p1a: Clodsire|Toxic|p2a: Darkrai
|-status|p2a: Darkrai|tox
|
|-heal|p1a: Clodsire|75/100|[from] item: Black Sludge
|-damage|p2a: Darkrai|58/100 tox|[from] psn
|upkeep
|turn|24
|
|t:|1743811503
|switch|p2a: Zapdos|Zapdos-Galar|100/100
|move|p1a: Clodsire|Recover|p1a: Clodsire
|-heal|p1a: Clodsire|100/100
|
|upkeep
|turn|25
|inactive|ss_shedinja has 120 seconds left.
|
|t:|1743811533
|switch|p1a: Skeledirge|Skeledirge, F|69/100
|move|p2a: Zapdos|Brave Bird|p1a: Skeledirge
|-damage|p1a: Skeledirge|30/100
|-damage|p2a: Zapdos|84/100|[from] Recoil
|
|upkeep
|turn|26
|
|t:|1743811546
|move|p2a: Zapdos|Brave Bird|p1a: Skeledirge
|-damage|p1a: Skeledirge|0 fnt
|faint|p1a: Skeledirge
|-damage|p2a: Zapdos|72/100|[from] Recoil
|
|upkeep
|
|t:|1743811549
|switch|p1a: Quagsire|Quagsire, M|100/100
|turn|27
|inactive|RoutesReborn has 120 seconds left.
|
|t:|1743811555
|switch|p2a: Darkrai|Darkrai|58/100 tox
|move|p1a: Quagsire|Recover||[still]
|-fail|p1a: Quagsire|heal
|
|-damage|p2a: Darkrai|52/100 tox|[from] psn
|upkeep
|turn|28
|inactive|RoutesReborn has 120 seconds left.
|
|t:|1743811568
|switch|p1a: Clodsire|Clodsire, M|100/100
|move|p2a: Darkrai|Ice Beam|p1a: Clodsire
|-supereffective|p1a: Clodsire
|-damage|p1a: Clodsire|68/100
|
|-heal|p1a: Clodsire|74/100|[from] item: Black Sludge
|-damage|p2a: Darkrai|40/100 tox|[from] psn
|upkeep
|turn|29
|inactive|RoutesReborn has 120 seconds left.
|
|t:|1743811594
|switch|p2a: Zapdos|Zapdos-Galar|72/100
|move|p1a: Clodsire|Toxic|p2a: Zapdos
|-status|p2a: Zapdos|tox
|
|-heal|p1a: Clodsire|81/100|[from] item: Black Sludge
|-damage|p2a: Zapdos|65/100 tox|[from] psn
|upkeep
|turn|30
|
|t:|1743811600
|move|p2a: Zapdos|Dual Wingbeat|p1a: Clodsire
|-damage|p1a: Clodsire|60/100
|-damage|p1a: Clodsire|35/100
|-hitcount|p1a: Clodsire|2
|move|p1a: Clodsire|Recover|p1a: Clodsire
|-heal|p1a: Clodsire|85/100
|
|-heal|p1a: Clodsire|91/100|[from] item: Black Sludge
|-damage|p2a: Zapdos|53/100 tox|[from] psn
|upkeep
|turn|31
|
|t:|1743811613
|switch|p2a: Darkrai|Darkrai|40/100 tox
|switch|p1a: Quagsire|Quagsire, M|100/100
|
|-damage|p2a: Darkrai|34/100 tox|[from] psn
|upkeep
|turn|32
|
|t:|1743811624
|switch|p1a: Clodsire|Clodsire, M|91/100
|move|p2a: Darkrai|Ice Beam|p1a: Clodsire
|-supereffective|p1a: Clodsire
|-damage|p1a: Clodsire|54/100
|
|-heal|p1a: Clodsire|60/100|[from] item: Black Sludge
|-damage|p2a: Darkrai|21/100 tox|[from] psn
|upkeep
|turn|33
|
|t:|1743811629
|move|p2a: Darkrai|Ice Beam|p1a: Clodsire
|-supereffective|p1a: Clodsire
|-damage|p1a: Clodsire|25/100
|move|p1a: Clodsire|Recover|p1a: Clodsire
|-heal|p1a: Clodsire|75/100
|
|-heal|p1a: Clodsire|81/100|[from] item: Black Sludge
|-damage|p2a: Darkrai|3/100 tox|[from] psn
|upkeep
|turn|34
|
|t:|1743811634
|move|p2a: Darkrai|Ice Beam|p1a: Clodsire
|-supereffective|p1a: Clodsire
|-damage|p1a: Clodsire|49/100
|move|p1a: Clodsire|Recover|p1a: Clodsire
|-heal|p1a: Clodsire|99/100
|
|-heal|p1a: Clodsire|100/100|[from] item: Black Sludge
|-damage|p2a: Darkrai|0 fnt|[from] psn
|faint|p2a: Darkrai
|upkeep
|
|t:|1743811655
|switch|p2a: Zapdos|Zapdos-Galar|53/100 tox
|turn|35
|
|t:|1743811662
|switch|p1a: Quagsire|Quagsire, M|100/100
|move|p2a: Zapdos|Brave Bird|p1a: Quagsire
|-crit|p1a: Quagsire
|-damage|p1a: Quagsire|42/100
|-damage|p2a: Zapdos|36/100 tox|[from] item: Rocky Helmet|[of] p1a: Quagsire
|-damage|p2a: Zapdos|13/100 tox|[from] Recoil
|
|-damage|p2a: Zapdos|6/100 tox|[from] psn
|upkeep
|turn|36
|
|t:|1743811670
|move|p2a: Zapdos|Brave Bird|p1a: Quagsire
|-damage|p1a: Quagsire|0 fnt
|-damage|p2a: Zapdos|0 fnt|[from] item: Rocky Helmet|[of] p1a: Quagsire
|faint|p1a: Quagsire
|faint|p2a: Zapdos
|
|upkeep
|
|t:|1743811675
|switch|p2a: Kingambit|Kingambit, M|100/100
|switch|p1a: Hydrapple|Hydrapple, M|79/100
|-activate|p2a: Kingambit|ability: Supreme Overlord
|-start|p2a: Kingambit|fallen5|[silent]
|turn|37
|
|t:|1743811686
|move|p2a: Kingambit|Kowtow Cleave|p1a: Hydrapple
|-damage|p1a: Hydrapple|15/100
|move|p1a: Hydrapple|Earth Power|p2a: Kingambit
|-supereffective|p2a: Kingambit
|-damage|p2a: Kingambit|23/100
|
|upkeep
|turn|38
|
|t:|1743811693
|move|p2a: Kingambit|Kowtow Cleave|p1a: Hydrapple
|-damage|p1a: Hydrapple|0 fnt
|faint|p1a: Hydrapple
|
|upkeep
|
|t:|1743811695
|switch|p1a: Clodsire|Clodsire, M|100/100
|turn|39
|
|t:|1743811703
|move|p2a: Kingambit|Kowtow Cleave|p1a: Clodsire
|-damage|p1a: Clodsire|0 fnt
|faint|p1a: Clodsire
|
|win|RoutesReborn
|raw|ss_shedinja's rating: 1168 &rarr; <strong>1144</strong><br />(-24 for losing)
|raw|RoutesReborn's rating: 1175 &rarr; <strong>1199</strong><br />(+24 for winning)
|c|☆RoutesReborn|gg
