|j|☆kinsword
|j|☆Gizmo29
|t:|1743861240
|gametype|singles
|player|p1|kinsword|2|1259
|player|p2|Gizmo29|101|1247
|teamsize|p1|6
|teamsize|p2|6
|gen|9
|tier|[Gen 9] OU
|rated|
|rule|HP Percentage Mod: HP is shown in percentages
|rule|Endless Battle Clause: Forcing endless battles is banned
|rule|Species Clause: Limit one of each Pokémon
|rule|OHKO Clause: OHKO moves are banned
|rule|Evasion Items Clause: Evasion items are banned
|rule|Evasion Moves Clause: Evasion moves are banned
|rule|Sleep Moves Clause: Sleep-inducing moves are banned
|clearpoke
|poke|p1|Eelektross, F|
|poke|p1|Zapdos-Galar|
|poke|p1|Brambleghast, F|
|poke|p1|Goodra-Hisui, F|
|poke|p1|Entei|
|poke|p1|Suicune|
|poke|p2|Alomomola, M|
|poke|p2|Rillaboom, M|
|poke|p2|Zapdos|
|poke|p2|Goodra-Hisui, F|
|poke|p2|Great Tusk|
|poke|p2|Scizor, F|
|teampreview
|inactive|Battle timer is ON: inactive players will automatically lose when time's up. (requested by kinsword)
|
|t:|1743861253
|start
|switch|p1a: Suicune|Suicune|100/100
|switch|p2a: Scizor|Scizor, F|100/100
|-ability|p1a: Suicune|Pressure
|turn|1
|
|t:|1743861262
|move|p1a: Suicune|Scald|p2a: Scizor
|-crit|p2a: Scizor
|-damage|p2a: Scizor|48/100
|-status|p2a: Scizor|brn
|move|p2a: Scizor|U-turn|p1a: Suicune
|-damage|p1a: Suicune|84/100
|
|t:|1743861269
|switch|p2a: Rillaboom|Rillaboom, M|100/100|[from] U-turn
|-fieldstart|move: Grassy Terrain|[from] ability: Grassy Surge|[of] p2a: Rillaboom
|
|-heal|p1a: Suicune|91/100|[from] Grassy Terrain
|-heal|p1a: Suicune|97/100|[from] item: Leftovers
|upkeep
|turn|2
|
|t:|1743861279
|switch|p1a: Zapdos|Zapdos-Galar|100/100
|move|p2a: Rillaboom|Knock Off|p1a: Zapdos
|-resisted|p1a: Zapdos
|-damage|p1a: Zapdos|79/100
|-enditem|p1a: Zapdos|Choice Scarf|[from] move: Knock Off|[of] p2a: Rillaboom
|
|upkeep
|turn|3
|
|t:|1743861290
|switch|p2a: Alomomola|Alomomola, M|100/100
|move|p1a: Zapdos|Knock Off|p2a: Alomomola
|-damage|p2a: Alomomola|84/100
|-damage|p1a: Zapdos|62/100|[from] item: Rocky Helmet|[of] p2a: Alomomola
|-enditem|p2a: Alomomola|Rocky Helmet|[from] move: Knock Off|[of] p1a: Zapdos
|
|-heal|p2a: Alomomola|91/100|[from] Grassy Terrain
|upkeep
|turn|4
|
|t:|1743861301
|move|p1a: Zapdos|U-turn|p2a: Alomomola
|-damage|p2a: Alomomola|77/100
|
|t:|1743861305
|switch|p1a: Eelektross|Eelektross, F|100/100|[from] U-turn
|move|p2a: Alomomola|Flip Turn|p1a: Eelektross
|-damage|p1a: Eelektross|84/100
|
|t:|1743861311
|switch|p2a: Goodra|Goodra-Hisui, F|100/100|[from] Flip Turn
|
|-heal|p1a: Eelektross|91/100|[from] item: Leftovers
|upkeep
|turn|5
|
|t:|1743861319
|move|p2a: Goodra|Acid Spray|p1a: Eelektross
|-damage|p1a: Eelektross|76/100
|-unboost|p1a: Eelektross|spd|2
|move|p1a: Eelektross|Coil|p1a: Eelektross
|-boost|p1a: Eelektross|atk|1
|-boost|p1a: Eelektross|def|1
|-boost|p1a: Eelektross|accuracy|1
|
|-heal|p1a: Eelektross|82/100|[from] item: Leftovers
|-fieldend|move: Grassy Terrain
|upkeep
|turn|6
|
|t:|1743861336
|switch|p1a: Goodra|Goodra-Hisui, F|100/100
|move|p2a: Goodra|Dragon Pulse|p1a: Goodra
|-crit|p1a: Goodra
|-damage|p1a: Goodra|63/100
|
|-heal|p1a: Goodra|69/100|[from] item: Leftovers
|upkeep
|turn|7
|
|t:|1743861350
|switch|p2a: Great Tusk|Great Tusk|100/100
|move|p1a: Goodra|Earthquake|p2a: Great Tusk
|-damage|p2a: Great Tusk|88/100
|
|-heal|p1a: Goodra|75/100|[from] item: Leftovers
|upkeep
|turn|8
|
|t:|1743861359
|switch|p1a: Eelektross|Eelektross, F|82/100
|move|p2a: Great Tusk|Stealth Rock|p1a: Eelektross
|-sidestart|p1: kinsword|move: Stealth Rock
|
|-heal|p1a: Eelektross|88/100|[from] item: Leftovers
|upkeep
|turn|9
|
|t:|1743861373
|-end|p2a: Great Tusk|Protosynthesis|[silent]
|switch|p2a: Goodra|Goodra-Hisui, F|100/100
|move|p1a: Eelektross|Knock Off|p2a: Goodra
|-damage|p2a: Goodra|64/100
|-enditem|p2a: Goodra|Assault Vest|[from] move: Knock Off|[of] p1a: Eelektross
|
|-heal|p1a: Eelektross|94/100|[from] item: Leftovers
|upkeep
|turn|10
|
|t:|1743861388
|move|p2a: Goodra|Dragon Pulse|p1a: Eelektross
|-damage|p1a: Eelektross|45/100
|move|p1a: Eelektross|Coil|p1a: Eelektross
|-boost|p1a: Eelektross|atk|1
|-boost|p1a: Eelektross|def|1
|-boost|p1a: Eelektross|accuracy|1
|
|-heal|p1a: Eelektross|52/100|[from] item: Leftovers
|upkeep
|turn|11
|
|t:|1743861397
|move|p2a: Goodra|Dragon Pulse|p1a: Eelektross
|-damage|p1a: Eelektross|6/100
|move|p1a: Eelektross|Supercell Slam|p2a: Goodra
|-resisted|p2a: Goodra
|-damage|p2a: Goodra|20/100
|
|-heal|p1a: Eelektross|12/100|[from] item: Leftovers
|upkeep
|turn|12
|
|t:|1743861406
|move|p2a: Goodra|Dragon Pulse|p1a: Eelektross
|-damage|p1a: Eelektross|0 fnt
|faint|p1a: Eelektross
|
|upkeep
|
|t:|1743861414
|switch|p1a: Entei|Entei, shiny|100/100
|-ability|p1a: Entei|Pressure
|turn|13
|
|t:|1743861420
|switch|p2a: Alomomola|Alomomola, M|100/100
|move|p1a: Entei|Sacred Fire|p2a: Alomomola
|-resisted|p2a: Alomomola
|-damage|p2a: Alomomola|87/100
|
|upkeep
|turn|14
|
|t:|1743861433
|switch|p1a: Suicune|Suicune|97/100
|-damage|p1a: Suicune|84/100|[from] Stealth Rock
|-ability|p1a: Suicune|Pressure
|move|p2a: Alomomola|Wish|p2a: Alomomola
|
|-heal|p1a: Suicune|91/100|[from] item: Leftovers
|upkeep
|turn|15
|
|t:|1743861446
|move|p1a: Suicune|Substitute|p1a: Suicune
|-start|p1a: Suicune|Substitute
|-damage|p1a: Suicune|66/100
|move|p2a: Alomomola|Flip Turn|p1a: Suicune
|-resisted|p1a: Suicune
|-activate|p1a: Suicune|move: Substitute|[damage]
|
|t:|1743861454
|switch|p2a: Goodra|Goodra-Hisui, F|20/100|[from] Flip Turn
|
|-heal|p2a: Goodra|100/100|[from] move: Wish|[wisher] Alomomola
|-heal|p1a: Suicune|72/100|[from] item: Leftovers
|upkeep
|turn|16
|
|t:|1743861464
|move|p1a: Suicune|Calm Mind|p1a: Suicune
|-boost|p1a: Suicune|spa|1
|-boost|p1a: Suicune|spd|1
|move|p2a: Goodra|Dragon Pulse|p1a: Suicune
|-end|p1a: Suicune|Substitute
|
|-heal|p1a: Suicune|78/100|[from] item: Leftovers
|upkeep
|turn|17
|
|t:|1743861476
|move|p1a: Suicune|Substitute|p1a: Suicune
|-start|p1a: Suicune|Substitute
|-damage|p1a: Suicune|53/100
|move|p2a: Goodra|Dragon Pulse|p1a: Suicune
|-activate|p1a: Suicune|move: Substitute|[damage]
|
|-heal|p1a: Suicune|59/100|[from] item: Leftovers
|upkeep
|turn|18
|
|t:|1743861486
|switch|p2a: Rillaboom|Rillaboom, M|100/100
|-fieldstart|move: Grassy Terrain|[from] ability: Grassy Surge|[of] p2a: Rillaboom
|move|p1a: Suicune|Calm Mind|p1a: Suicune
|-boost|p1a: Suicune|spa|1
|-boost|p1a: Suicune|spd|1
|
|-heal|p1a: Suicune|65/100|[from] Grassy Terrain
|-heal|p1a: Suicune|72/100|[from] item: Leftovers
|upkeep
|turn|19
|
|t:|1743861498
|move|p2a: Rillaboom|Grassy Glide|p1a: Suicune
|-supereffective|p1a: Suicune
|-end|p1a: Suicune|Substitute
|move|p1a: Suicune|Substitute|p1a: Suicune
|-start|p1a: Suicune|Substitute
|-damage|p1a: Suicune|47/100
|
|-heal|p1a: Suicune|53/100|[from] Grassy Terrain
|-heal|p1a: Suicune|59/100|[from] item: Leftovers
|upkeep
|turn|20
|
|t:|1743861508
|move|p2a: Rillaboom|Grassy Glide|p1a: Suicune
|-supereffective|p1a: Suicune
|-end|p1a: Suicune|Substitute
|move|p1a: Suicune|Ice Beam|p2a: Rillaboom
|-supereffective|p2a: Rillaboom
|-damage|p2a: Rillaboom|17/100
|
|-heal|p1a: Suicune|65/100|[from] Grassy Terrain
|-heal|p1a: Suicune|71/100|[from] item: Leftovers
|-heal|p2a: Rillaboom|23/100|[from] Grassy Terrain
|-heal|p2a: Rillaboom|29/100|[from] item: Leftovers
|upkeep
|turn|21
|
|t:|1743861522
|switch|p1a: Goodra|Goodra-Hisui, F|75/100
|-damage|p1a: Goodra|69/100|[from] Stealth Rock
|move|p2a: Rillaboom|Grassy Glide|p1a: Goodra
|-ability|p1a: Goodra|Sap Sipper|boost
|-boost|p1a: Goodra|atk|1
|
|-heal|p2a: Rillaboom|35/100|[from] Grassy Terrain
|-heal|p2a: Rillaboom|42/100|[from] item: Leftovers
|-heal|p1a: Goodra|75/100|[from] Grassy Terrain
|-heal|p1a: Goodra|81/100|[from] item: Leftovers
|upkeep
|turn|22
|
|t:|1743861535
|move|p2a: Rillaboom|Drain Punch|p1a: Goodra
|-supereffective|p1a: Goodra
|-damage|p1a: Goodra|28/100
|-heal|p2a: Rillaboom|66/100|[from] drain|[of] p1a: Goodra
|move|p1a: Goodra|Draco Meteor|p2a: Rillaboom|[miss]
|-miss|p1a: Goodra|p2a: Rillaboom
|
|-heal|p2a: Rillaboom|72/100|[from] Grassy Terrain
|-heal|p2a: Rillaboom|78/100|[from] item: Leftovers
|-heal|p1a: Goodra|34/100|[from] Grassy Terrain
|-heal|p1a: Goodra|40/100|[from] item: Leftovers
|-fieldend|move: Grassy Terrain
|upkeep
|turn|23
|
|t:|1743861550
|switch|p1a: Brambleghast|Brambleghast, F|100/100
|move|p2a: Rillaboom|Drain Punch|p1a: Brambleghast
|-immune|p1a: Brambleghast
|
|-heal|p2a: Rillaboom|85/100|[from] item: Leftovers
|upkeep
|turn|24
|
|t:|1743861560
|move|p1a: Brambleghast|Rapid Spin|p2a: Rillaboom
|-damage|p2a: Rillaboom|70/100
|-boost|p1a: Brambleghast|spe|1
|-sideend|p1: kinsword|Stealth Rock|[from] move: Rapid Spin|[of] p1a: Brambleghast
|move|p2a: Rillaboom|Substitute|p2a: Rillaboom
|-start|p2a: Rillaboom|Substitute
|-damage|p2a: Rillaboom|45/100
|
|-heal|p2a: Rillaboom|52/100|[from] item: Leftovers
|upkeep
|turn|25
|
|t:|1743861570
|move|p1a: Brambleghast|Poltergeist|p2a: Rillaboom
|-activate|p2a: Rillaboom|move: Poltergeist|Leftovers
|-end|p2a: Rillaboom|Substitute
|move|p2a: Rillaboom|Knock Off|p1a: Brambleghast
|-supereffective|p1a: Brambleghast
|-damage|p1a: Brambleghast|8/100
|-enditem|p1a: Brambleghast|Heavy-Duty Boots|[from] move: Knock Off|[of] p2a: Rillaboom
|
|-heal|p2a: Rillaboom|58/100|[from] item: Leftovers
|upkeep
|turn|26
|
|t:|1743861581
|switch|p2a: Goodra|Goodra-Hisui, F|100/100
|move|p1a: Brambleghast|Strength Sap|p2a: Goodra
|-unboost|p2a: Goodra|atk|1
|-heal|p1a: Brambleghast|66/100
|
|upkeep
|turn|27
|
|t:|1743861597
|move|p1a: Brambleghast|Poltergeist||[still]
|-fail|p1a: Brambleghast
|move|p2a: Goodra|Acid Spray|p1a: Brambleghast
|-damage|p1a: Brambleghast|47/100
|-unboost|p1a: Brambleghast|spd|2
|
|upkeep
|turn|28
|
|t:|1743861605
|switch|p1a: Goodra|Goodra-Hisui, F|40/100
|move|p2a: Goodra|Dragon Pulse|p1a: Goodra
|-damage|p1a: Goodra|14/100
|
|-heal|p1a: Goodra|20/100|[from] item: Leftovers
|upkeep
|turn|29
|
|t:|1743861615
|switch|p2a: Zapdos|Zapdos|100/100
|move|p1a: Goodra|Draco Meteor|p2a: Zapdos
|-damage|p2a: Zapdos|51/100
|-unboost|p1a: Goodra|spa|2
|
|-heal|p1a: Goodra|26/100|[from] item: Leftovers
|upkeep
|turn|30
|
|t:|1743861626
|switch|p1a: Brambleghast|Brambleghast, F|47/100
|move|p2a: Zapdos|Volt Switch|p1a: Brambleghast
|-resisted|p1a: Brambleghast
|-damage|p1a: Brambleghast|11/100
|
|t:|1743861633
|switch|p2a: Scizor|Scizor, F|48/100 brn|[from] Volt Switch
|
|-damage|p2a: Scizor|42/100 brn|[from] brn
|upkeep
|turn|31
|
|t:|1743861640
|switch|p1a: Suicune|Suicune|71/100
|-ability|p1a: Suicune|Pressure
|move|p2a: Scizor|Bullet Punch|p1a: Suicune
|-resisted|p1a: Suicune
|-damage|p1a: Suicune|64/100
|
|-heal|p1a: Suicune|71/100|[from] item: Leftovers
|-damage|p2a: Scizor|36/100 brn|[from] brn
|upkeep
|turn|32
|
|t:|1743861657
|switch|p2a: Rillaboom|Rillaboom, M|58/100
|-fieldstart|move: Grassy Terrain|[from] ability: Grassy Surge|[of] p2a: Rillaboom
|move|p1a: Suicune|Ice Beam|p2a: Rillaboom
|-supereffective|p2a: Rillaboom
|-damage|p2a: Rillaboom|11/100
|
|-heal|p1a: Suicune|77/100|[from] Grassy Terrain
|-heal|p1a: Suicune|83/100|[from] item: Leftovers
|-heal|p2a: Rillaboom|17/100|[from] Grassy Terrain
|-heal|p2a: Rillaboom|23/100|[from] item: Leftovers
|upkeep
|turn|33
|
|t:|1743861670
|switch|p1a: Brambleghast|Brambleghast, F|11/100
|move|p2a: Rillaboom|Grassy Glide|p1a: Brambleghast
|-resisted|p1a: Brambleghast
|-damage|p1a: Brambleghast|0 fnt
|faint|p1a: Brambleghast
|
|-heal|p2a: Rillaboom|30/100|[from] Grassy Terrain
|-heal|p2a: Rillaboom|36/100|[from] item: Leftovers
|upkeep
|
|t:|1743861683
|switch|p1a: Entei|Entei, shiny|100/100
|-ability|p1a: Entei|Pressure
|turn|34
|
|t:|1743861690
|switch|p1a: Suicune|Suicune|83/100
|-ability|p1a: Suicune|Pressure
|switch|p2a: Alomomola|Alomomola, M|100/100
|
|-heal|p1a: Suicune|89/100|[from] Grassy Terrain
|-heal|p1a: Suicune|95/100|[from] item: Leftovers
|upkeep
|turn|35
|
|t:|1743861701
|move|p1a: Suicune|Substitute|p1a: Suicune
|-start|p1a: Suicune|Substitute
|-damage|p1a: Suicune|70/100
|move|p2a: Alomomola|Flip Turn|p1a: Suicune
|-resisted|p1a: Suicune
|-activate|p1a: Suicune|move: Substitute|[damage]
|
|t:|1743861708
|switch|p2a: Zapdos|Zapdos|51/100|[from] Flip Turn
|
|-heal|p1a: Suicune|76/100|[from] Grassy Terrain
|-heal|p1a: Suicune|83/100|[from] item: Leftovers
|upkeep
|turn|36
|
|t:|1743861718
|move|p2a: Zapdos|Discharge|p1a: Suicune
|-supereffective|p1a: Suicune
|-end|p1a: Suicune|Substitute
|move|p1a: Suicune|Ice Beam|p2a: Zapdos
|-supereffective|p2a: Zapdos
|-damage|p2a: Zapdos|17/100
|-status|p2a: Zapdos|frz
|
|-heal|p1a: Suicune|89/100|[from] Grassy Terrain
|-heal|p1a: Suicune|95/100|[from] item: Leftovers
|-fieldend|move: Grassy Terrain
|upkeep
|turn|37
|c|☆Gizmo29|...
|
|t:|1743861734
|cant|p2a: Zapdos|frz
|move|p1a: Suicune|Substitute|p1a: Suicune
|-start|p1a: Suicune|Substitute
|-damage|p1a: Suicune|70/100
|
|-heal|p1a: Suicune|76/100|[from] item: Leftovers
|upkeep
|turn|38
|c|☆Gizmo29|Cancer
|
|t:|1743861750
|switch|p2a: Goodra|Goodra-Hisui, F|100/100
|move|p1a: Suicune|Calm Mind|p1a: Suicune
|-boost|p1a: Suicune|spa|1
|-boost|p1a: Suicune|spd|1
|
|-heal|p1a: Suicune|82/100|[from] item: Leftovers
|upkeep
|turn|39
|
|t:|1743861767
|move|p1a: Suicune|Calm Mind|p1a: Suicune
|-boost|p1a: Suicune|spa|1
|-boost|p1a: Suicune|spd|1
|move|p2a: Goodra|Dragon Pulse|p1a: Suicune
|-activate|p1a: Suicune|move: Substitute|[damage]
|
|-heal|p1a: Suicune|89/100|[from] item: Leftovers
|upkeep
|turn|40
|
|t:|1743861780
|move|p1a: Suicune|Calm Mind|p1a: Suicune
|-boost|p1a: Suicune|spa|1
|-boost|p1a: Suicune|spd|1
|move|p2a: Goodra|Dragon Pulse|p1a: Suicune
|-end|p1a: Suicune|Substitute
|
|-heal|p1a: Suicune|95/100|[from] item: Leftovers
|upkeep
|turn|41
|
|t:|1743861790
|move|p1a: Suicune|Substitute|p1a: Suicune
|-start|p1a: Suicune|Substitute
|-damage|p1a: Suicune|70/100
|move|p2a: Goodra|Dragon Pulse|p1a: Suicune
|-activate|p1a: Suicune|move: Substitute|[damage]
|
|-heal|p1a: Suicune|76/100|[from] item: Leftovers
|upkeep
|turn|42
|
|t:|1743861803
|move|p1a: Suicune|Ice Beam|p2a: Goodra
|-damage|p2a: Goodra|70/100
|-status|p2a: Goodra|frz
|cant|p2a: Goodra|frz
|
|-heal|p1a: Suicune|82/100|[from] item: Leftovers
|upkeep
|turn|43
|
|t:|1743861819
|move|p1a: Suicune|Ice Beam|p2a: Goodra
|-damage|p2a: Goodra|41/100 frz
|cant|p2a: Goodra|frz
|
|-heal|p1a: Suicune|88/100|[from] item: Leftovers
|upkeep
|turn|44
|
|t:|1743861829
|move|p1a: Suicune|Calm Mind|p1a: Suicune
|-boost|p1a: Suicune|spa|1
|-boost|p1a: Suicune|spd|1
|cant|p2a: Goodra|frz
|
|-heal|p1a: Suicune|95/100|[from] item: Leftovers
|upkeep
|turn|45
|-message|Gizmo29 forfeited.
|
|win|kinsword
|raw|kinsword's rating: 1259 &rarr; <strong>1283</strong><br />(+24 for winning)
|raw|Gizmo29's rating: 1247 &rarr; <strong>1223</strong><br />(-24 for losing)
|l|☆Gizmo29
|player|p2|
|l|☆kinsword
|player|p1|
