|j|☆Pks fafo
|j|☆arroyofran2
|t:|1743833078
|gametype|singles
|player|p1|Pks fafo|169|1445
|player|p2|arroyofran2|fisherman|1449
|teamsize|p1|6
|teamsize|p2|6
|gen|9
|tier|[Gen 9] OU
|rated|
|rule|HP Percentage Mod: HP is shown in percentages
|rule|Endless Battle Clause: Forcing endless battles is banned
|rule|Species Clause: Limit one of each Pokémon
|rule|OHKO Clause: OHKO moves are banned
|rule|Evasion Items Clause: Evasion items are banned
|rule|Evasion Moves Clause: Evasion moves are banned
|rule|Sleep Moves Clause: Sleep-inducing moves are banned
|clearpoke
|poke|p1|Quaquaval, F|
|poke|p1|Rillaboom, M|
|poke|p1|Hawlucha, F|
|poke|p1|Iron Treads|
|poke|p1|Dragapult, M|
|poke|p1|Raging Bolt|
|poke|p2|Torkoal, F|
|poke|p2|Walking Wake|
|poke|p2|Charizard, M|
|poke|p2|Venusaur, M|
|poke|p2|Landorus-Therian, M|
|poke|p2|Alomomola, M|
|teampreview
|
|t:|1743833094
|start
|switch|p1a: Dragapult|Dragapult, M|100/100
|switch|p2a: Landorus|Landorus-Therian, M|100/100
|-ability|p2a: Landorus|Intimidate|boost
|-unboost|p1a: Dragapult|atk|1
|turn|1
|
|t:|1743833104
|move|p1a: Dragapult|Will-O-Wisp|p2a: Landorus
|-status|p2a: Landorus|brn
|move|p2a: Landorus|U-turn|p1a: Dragapult
|-resisted|p1a: Dragapult
|-damage|p1a: Dragapult|91/100
|
|t:|1743833138
|switch|p2a: Torkoal|Torkoal, F|100/100|[from] U-turn
|-weather|SunnyDay|[from] ability: Drought|[of] p2a: Torkoal
|
|-weather|SunnyDay|[upkeep]
|upkeep
|turn|2
|
|t:|1743833155
|move|p1a: Dragapult|Thunder Wave|p2a: Torkoal
|-status|p2a: Torkoal|par
|move|p2a: Torkoal|Stealth Rock|p1a: Dragapult
|-sidestart|p1: Pks fafo|move: Stealth Rock
|
|-weather|SunnyDay|[upkeep]
|upkeep
|turn|3
|
|t:|1743833175
|switch|p2a: Alomomola|Alomomola, M|100/100
|move|p1a: Dragapult|Draco Meteor|p2a: Alomomola
|-damage|p2a: Alomomola|35/100
|-unboost|p1a: Dragapult|spa|2
|
|-weather|SunnyDay|[upkeep]
|upkeep
|turn|4
|
|t:|1743833201
|move|p1a: Dragapult|Thunder Wave|p2a: Alomomola
|-status|p2a: Alomomola|par
|cant|p2a: Alomomola|par
|
|-weather|SunnyDay|[upkeep]
|upkeep
|turn|5
|
|t:|1743833217
|move|p1a: Dragapult|Thunder Wave|p2a: Alomomola
|-fail|p2a: Alomomola|par
|move|p2a: Alomomola|Flip Turn|p1a: Dragapult
|-resisted|p1a: Dragapult
|-damage|p1a: Dragapult|86/100
|
|t:|1743833222
|switch|p2a: Walking Wake|Walking Wake|100/100|[from] Flip Turn
|-activate|p2a: Walking Wake|ability: Protosynthesis
|-start|p2a: Walking Wake|protosynthesisspa
|
|-weather|SunnyDay|[upkeep]
|upkeep
|turn|6
|
|t:|1743833260
|move|p1a: Dragapult|Draco Meteor|p2a: Walking Wake
|-supereffective|p2a: Walking Wake
|-damage|p2a: Walking Wake|37/100
|-unboost|p1a: Dragapult|spa|2
|move|p2a: Walking Wake|Dragon Pulse|p1a: Dragapult
|-supereffective|p1a: Dragapult
|-crit|p1a: Dragapult
|-damage|p1a: Dragapult|0 fnt
|faint|p1a: Dragapult
|
|-weather|SunnyDay|[upkeep]
|upkeep
|
|t:|1743833283
|switch|p1a: Iron Treads|Iron Treads|100/100
|-damage|p1a: Iron Treads|97/100|[from] Stealth Rock
|-enditem|p1a: Iron Treads|Booster Energy
|-activate|p1a: Iron Treads|ability: Quark Drive|[fromitem]
|-start|p1a: Iron Treads|quarkdrivespe
|turn|7
|
|t:|1743833319
|-end|p2a: Walking Wake|Protosynthesis|[silent]
|switch|p2a: Landorus|Landorus-Therian, M|100/100 brn
|-ability|p2a: Landorus|Intimidate|boost
|-unboost|p1a: Iron Treads|atk|1
|move|p1a: Iron Treads|Stealth Rock|p2a: Landorus
|-sidestart|p2: arroyofran2|move: Stealth Rock
|
|-weather|SunnyDay|[upkeep]
|-damage|p2a: Landorus|94/100 brn|[from] brn
|upkeep
|turn|8
|
|t:|1743833326
|move|p1a: Iron Treads|Rapid Spin|p2a: Landorus
|-damage|p2a: Landorus|87/100 brn
|-boost|p1a: Iron Treads|spe|1
|-damage|p1a: Iron Treads|81/100|[from] item: Rocky Helmet|[of] p2a: Landorus
|-sideend|p1: Pks fafo|Stealth Rock|[from] move: Rapid Spin|[of] p1a: Iron Treads
|move|p2a: Landorus|U-turn|p1a: Iron Treads
|-resisted|p1a: Iron Treads
|-damage|p1a: Iron Treads|75/100
|
|t:|1743833337
|switch|p2a: Alomomola|Alomomola, M|68/100 par|[from] U-turn
|
|-weather|none
|upkeep
|turn|9
|
|t:|1743833357
|-end|p1a: Iron Treads|Quark Drive|[silent]
|switch|p1a: Raging Bolt|Raging Bolt|100/100
|-enditem|p1a: Raging Bolt|Booster Energy
|-activate|p1a: Raging Bolt|ability: Protosynthesis|[fromitem]
|-start|p1a: Raging Bolt|protosynthesisspa
|cant|p2a: Alomomola|par
|
|upkeep
|turn|10
|
|t:|1743833373
|switch|p2a: Landorus|Landorus-Therian, M|87/100 brn
|-damage|p2a: Landorus|74/100 brn|[from] Stealth Rock
|-ability|p2a: Landorus|Intimidate|boost
|-unboost|p1a: Raging Bolt|atk|1
|move|p1a: Raging Bolt|Calm Mind|p1a: Raging Bolt
|-boost|p1a: Raging Bolt|spa|1
|-boost|p1a: Raging Bolt|spd|1
|
|-damage|p2a: Landorus|68/100 brn|[from] brn
|upkeep
|turn|11
|
|t:|1743833396
|-terastallize|p1a: Raging Bolt|Fairy
|move|p2a: Landorus|Earthquake|p1a: Raging Bolt
|-damage|p1a: Raging Bolt|74/100
|move|p1a: Raging Bolt|Draco Meteor|p2a: Landorus
|-damage|p2a: Landorus|0 fnt
|-unboost|p1a: Raging Bolt|spa|2
|faint|p2a: Landorus
|
|upkeep
|
|t:|1743833407
|switch|p2a: Venusaur|Venusaur, M|100/100
|-damage|p2a: Venusaur|88/100|[from] Stealth Rock
|turn|12
|
|t:|1743833429
|-end|p1a: Raging Bolt|Protosynthesis|[silent]
|switch|p1a: Iron Treads|Iron Treads|75/100
|move|p2a: Venusaur|Sludge Bomb|p1a: Iron Treads
|-immune|p1a: Iron Treads
|
|upkeep
|turn|13
|
|t:|1743833435
|switch|p2a: Alomomola|Alomomola, M|100/100 par
|move|p1a: Iron Treads|Earth Power|p2a: Alomomola
|-damage|p2a: Alomomola|65/100 par
|
|upkeep
|turn|14
|
|t:|1743833449
|-end|p1a: Iron Treads|Quark Drive|[silent]
|switch|p1a: Raging Bolt|Raging Bolt, tera:Fairy|74/100
|cant|p2a: Alomomola|par
|
|upkeep
|turn|15
|
|t:|1743833466
|-terastallize|p2a: Alomomola|Grass
|move|p1a: Raging Bolt|Draco Meteor|p2a: Alomomola
|-damage|p2a: Alomomola|0 fnt
|-unboost|p1a: Raging Bolt|spa|2
|faint|p2a: Alomomola
|
|upkeep
|
|t:|1743833474
|switch|p2a: Torkoal|Torkoal, F|100/100 par
|-damage|p2a: Torkoal|76/100 par|[from] Stealth Rock
|-weather|SunnyDay|[from] ability: Drought|[of] p2a: Torkoal
|-activate|p1a: Raging Bolt|ability: Protosynthesis
|-start|p1a: Raging Bolt|protosynthesisspe
|turn|16
|
|t:|1743833485
|move|p1a: Raging Bolt|Draco Meteor|p2a: Torkoal|[miss]
|-miss|p1a: Raging Bolt|p2a: Torkoal
|move|p2a: Torkoal|Stealth Rock|p1a: Raging Bolt
|-sidestart|p1: Pks fafo|move: Stealth Rock
|
|-weather|SunnyDay|[upkeep]
|upkeep
|turn|17
|
|t:|1743833496
|move|p1a: Raging Bolt|Draco Meteor|p2a: Torkoal
|-damage|p2a: Torkoal|38/100 par
|-unboost|p1a: Raging Bolt|spa|2
|move|p2a: Torkoal|Overheat|p1a: Raging Bolt
|-damage|p1a: Raging Bolt|14/100
|-unboost|p2a: Torkoal|spa|2
|
|-weather|SunnyDay|[upkeep]
|upkeep
|turn|18
|
|t:|1743833508
|switch|p2a: Venusaur|Venusaur, M|88/100
|-damage|p2a: Venusaur|76/100|[from] Stealth Rock
|move|p1a: Raging Bolt|Thunderbolt|p2a: Venusaur
|-resisted|p2a: Venusaur
|-crit|p2a: Venusaur
|-damage|p2a: Venusaur|27/100
|
|-weather|SunnyDay|[upkeep]
|upkeep
|turn|19
|
|t:|1743833517
|move|p2a: Venusaur|Sludge Bomb|p1a: Raging Bolt
|-supereffective|p1a: Raging Bolt
|-damage|p1a: Raging Bolt|0 fnt
|faint|p1a: Raging Bolt
|-end|p1a: Raging Bolt|Protosynthesis|[silent]
|-damage|p2a: Venusaur|17/100|[from] item: Life Orb
|
|-weather|SunnyDay|[upkeep]
|upkeep
|
|t:|1743833532
|switch|p1a: Iron Treads|Iron Treads|75/100
|-damage|p1a: Iron Treads|72/100|[from] Stealth Rock
|turn|20
|
|t:|1743833536
|move|p2a: Venusaur|Weather Ball|p1a: Iron Treads
|-supereffective|p1a: Iron Treads
|-damage|p1a: Iron Treads|0 fnt
|faint|p1a: Iron Treads
|-end|p1a: Iron Treads|Quark Drive|[silent]
|-damage|p2a: Venusaur|7/100|[from] item: Life Orb
|
|-weather|SunnyDay|[upkeep]
|upkeep
|
|t:|1743833545
|switch|p1a: Rillaboom|Rillaboom, M|100/100
|-damage|p1a: Rillaboom|88/100|[from] Stealth Rock
|-fieldstart|move: Grassy Terrain|[from] ability: Grassy Surge|[of] p1a: Rillaboom
|turn|21
|
|t:|1743833549
|move|p1a: Rillaboom|Grassy Glide|p2a: Venusaur
|-resisted|p2a: Venusaur
|-damage|p2a: Venusaur|0 fnt
|faint|p2a: Venusaur
|
|-weather|SunnyDay|[upkeep]
|-heal|p1a: Rillaboom|94/100|[from] Grassy Terrain
|upkeep
|
|t:|1743833553
|switch|p2a: Charizard|Charizard, M|100/100
|turn|22
|
|t:|1743833595
|move|p1a: Rillaboom|Grassy Glide|p2a: Charizard
|-resisted|p2a: Charizard
|-damage|p2a: Charizard|81/100
|move|p2a: Charizard|Weather Ball|p1a: Rillaboom
|-supereffective|p1a: Rillaboom
|-crit|p1a: Rillaboom
|-damage|p1a: Rillaboom|0 fnt
|faint|p1a: Rillaboom
|
|-weather|SunnyDay|[upkeep]
|-damage|p2a: Charizard|69/100|[from] ability: Solar Power|[of] p2a: Charizard
|upkeep
|inactive|Battle timer is ON: inactive players will automatically lose when time's up. (requested by arroyofran2)
|
|t:|1743833600
|switch|p1a: Quaquaval|Quaquaval, F|100/100
|-damage|p1a: Quaquaval|94/100|[from] Stealth Rock
|turn|23
|
|t:|1743833624
|move|p2a: Charizard|Air Slash|p1a: Quaquaval
|-supereffective|p1a: Quaquaval
|-damage|p1a: Quaquaval|0 fnt
|faint|p1a: Quaquaval
|
|-weather|none
|upkeep
|
|t:|1743833627
|switch|p1a: Hawlucha|Hawlucha, F|100/100
|-damage|p1a: Hawlucha|88/100|[from] Stealth Rock
|-enditem|p1a: Hawlucha|Grassy Seed
|-boost|p1a: Hawlucha|def|1|[from] item: Grassy Seed
|turn|24
|
|t:|1743833637
|move|p1a: Hawlucha|Swords Dance|p1a: Hawlucha
|-boost|p1a: Hawlucha|atk|2
|move|p2a: Charizard|Air Slash|p1a: Hawlucha
|-supereffective|p1a: Hawlucha
|-damage|p1a: Hawlucha|0 fnt
|faint|p1a: Hawlucha
|
|win|arroyofran2
|raw|Pks fafo's rating: 1445 &rarr; <strong>1425</strong><br />(-20 for losing)
|raw|arroyofran2's rating: 1449 &rarr; <strong>1469</strong><br />(+20 for winning)
|c|☆Pks fafo|Gg
|l|☆arroyofran2
|player|p2|
|l|☆Pks fafo
|player|p1|
