|j|☆Seltzergod
|j|☆tap water gang
|t:|1743869554
|gametype|singles
|player|p1|Seltzergod|flannery|1473
|player|p2|tap water gang|sage-gen2jp|1456
|teamsize|p1|6
|teamsize|p2|6
|gen|9
|tier|[Gen 9] OU
|rated|
|rule|HP Percentage Mod: HP is shown in percentages
|rule|Endless Battle Clause: Forcing endless battles is banned
|rule|Species Clause: Limit one of each Pokémon
|rule|OHKO Clause: OHKO moves are banned
|rule|Evasion Items Clause: Evasion items are banned
|rule|Evasion Moves Clause: Evasion moves are banned
|rule|Sleep Moves Clause: Sleep-inducing moves are banned
|clearpoke
|poke|p1|Bombirdier, F|
|poke|p1|Great Tusk|
|poke|p1|Muk, F|
|poke|p1|Alomomola, F|
|poke|p1|Ting-Lu|
|poke|p1|Kyurem|
|poke|p2|Gholdengo|
|poke|p2|Ting-Lu|
|poke|p2|Zapdos|
|poke|p2|Kyurem|
|poke|p2|Alomomola, M|
|poke|p2|Great Tusk|
|teampreview
|
|t:|1743869572
|start
|switch|p1a: Metal Cooler|Kyurem|100/100
|switch|p2a: Gholdengo|Gholdengo|100/100
|-ability|p1a: Metal Cooler|Pressure
|turn|1
|
|t:|1743869584
|move|p1a: Metal Cooler|Earth Power|p2a: Gholdengo
|-supereffective|p2a: Gholdengo
|-damage|p2a: Gholdengo|0 fnt
|faint|p2a: Gholdengo
|
|upkeep
|
|t:|1743869587
|switch|p2a: Zapdos|Zapdos|100/100
|turn|2
|
|t:|1743869592
|switch|p2a: Kyurem|Kyurem|100/100
|-ability|p2a: Kyurem|Pressure
|switch|p1a: Monster Munch|Muk, F|100/100
|
|upkeep
|turn|3
|
|t:|1743869596
|move|p2a: Kyurem|Dragon Dance|p2a: Kyurem
|-boost|p2a: Kyurem|atk|1
|-boost|p2a: Kyurem|spe|1
|move|p1a: Monster Munch|Drain Punch|p2a: Kyurem
|-supereffective|p2a: Kyurem
|-damage|p2a: Kyurem|51/100
|
|upkeep
|turn|4
|
|t:|1743869598
|move|p2a: Kyurem|Icicle Spear|p1a: Monster Munch
|-damage|p1a: Monster Munch|81/100
|-damage|p1a: Monster Munch|62/100
|-damage|p1a: Monster Munch|43/100
|-damage|p1a: Monster Munch|21/100
|-damage|p1a: Monster Munch|0 fnt
|faint|p1a: Monster Munch
|-hitcount|p1: Monster Munch|5
|
|upkeep
|
|t:|1743869642
|switch|p1a: Tutankhamun|Great Tusk|100/100
|-enditem|p1a: Tutankhamun|Booster Energy
|-activate|p1a: Tutankhamun|ability: Protosynthesis|[fromitem]
|-start|p1a: Tutankhamun|protosynthesisspe
|turn|5
|
|t:|1743869645
|-terastallize|p1a: Tutankhamun|Steel
|move|p2a: Kyurem|Icicle Spear|p1a: Tutankhamun
|-resisted|p1a: Tutankhamun
|-damage|p1a: Tutankhamun|95/100
|-resisted|p1a: Tutankhamun
|-damage|p1a: Tutankhamun|89/100
|-resisted|p1a: Tutankhamun
|-crit|p1a: Tutankhamun
|-damage|p1a: Tutankhamun|80/100
|-resisted|p1a: Tutankhamun
|-damage|p1a: Tutankhamun|73/100
|-hitcount|p1a: Tutankhamun|4
|move|p1a: Tutankhamun|Rapid Spin|p2a: Kyurem
|-damage|p2a: Kyurem|39/100
|-boost|p1a: Tutankhamun|spe|1
|
|upkeep
|turn|6
|
|t:|1743869652
|switch|p2a: Zapdos|Zapdos|100/100
|move|p1a: Tutankhamun|Headlong Rush|p2a: Zapdos
|-immune|p2a: Zapdos
|
|upkeep
|turn|7
|
|t:|1743869658
|move|p1a: Tutankhamun|Knock Off|p2a: Zapdos
|-damage|p2a: Zapdos|67/100
|-enditem|p2a: Zapdos|Life Orb|[from] move: Knock Off|[of] p1a: Tutankhamun
|move|p2a: Zapdos|Heat Wave|p1a: Tutankhamun
|-supereffective|p1a: Tutankhamun
|-damage|p1a: Tutankhamun|0 fnt
|faint|p1a: Tutankhamun
|-end|p1a: Tutankhamun|Protosynthesis|[silent]
|
|upkeep
|
|t:|1743869664
|switch|p1a: Metal Cooler|Kyurem|100/100
|-ability|p1a: Metal Cooler|Pressure
|turn|8
|
|t:|1743869675
|-terastallize|p2a: Zapdos|Fire
|move|p2a: Zapdos|Heat Wave|p1a: Metal Cooler
|-crit|p1a: Metal Cooler
|-damage|p1a: Metal Cooler|33/100
|move|p1a: Metal Cooler|Ice Beam|p2a: Zapdos
|-resisted|p2a: Zapdos
|-damage|p2a: Zapdos|24/100
|
|upkeep
|turn|9
|
|t:|1743869681
|switch|p1a: XIV|Ting-Lu|100/100
|-ability|p1a: XIV|Vessel of Ruin
|move|p2a: Zapdos|Heat Wave|p1a: XIV
|-damage|p1a: XIV|81/100
|
|-heal|p1a: XIV|87/100|[from] item: Leftovers
|upkeep
|turn|10
|
|t:|1743869689
|switch|p2a: Great Tusk|Great Tusk|100/100
|move|p1a: XIV|Spikes|p2a: Great Tusk
|-sidestart|p2: tap water gang|Spikes
|
|-heal|p1a: XIV|93/100|[from] item: Leftovers
|upkeep
|turn|11
|
|t:|1743869691
|switch|p1a: Savior|Alomomola, F|100/100
|move|p2a: Great Tusk|Rapid Spin|p1a: Savior
|-damage|p1a: Savior|90/100
|-boost|p2a: Great Tusk|spe|1
|-sideend|p2: tap water gang|Spikes|[from] move: Rapid Spin|[of] p2a: Great Tusk
|
|upkeep
|turn|12
|
|t:|1743869694
|move|p2a: Great Tusk|Stealth Rock|p1a: Savior
|-sidestart|p1: Seltzergod|move: Stealth Rock
|move|p1a: Savior|Wish|p1a: Savior
|
|upkeep
|turn|13
|
|t:|1743869700
|-end|p2a: Great Tusk|Protosynthesis|[silent]
|switch|p2a: Ting-Lu|Ting-Lu|100/100
|-ability|p2a: Ting-Lu|Vessel of Ruin
|move|p1a: Savior|Flip Turn|p2a: Ting-Lu
|-supereffective|p2a: Ting-Lu
|-damage|p2a: Ting-Lu|84/100
|
|t:|1743869703
|switch|p1a: Metal Cooler|Kyurem|33/100|[from] Flip Turn
|-damage|p1a: Metal Cooler|8/100|[from] Stealth Rock
|-ability|p1a: Metal Cooler|Pressure
|
|-heal|p1a: Metal Cooler|68/100|[from] move: Wish|[wisher] Savior
|-heal|p2a: Ting-Lu|90/100|[from] item: Leftovers
|upkeep
|turn|14
|
|t:|1743869707
|move|p1a: Metal Cooler|Ice Beam|p2a: Ting-Lu
|-supereffective|p2a: Ting-Lu
|-damage|p2a: Ting-Lu|31/100
|move|p2a: Ting-Lu|Earthquake|p1a: Metal Cooler
|-damage|p1a: Metal Cooler|30/100
|
|-heal|p2a: Ting-Lu|37/100|[from] item: Leftovers
|upkeep
|turn|15
|
|t:|1743869709
|switch|p2a: Alomomola|Alomomola, M|100/100
|move|p1a: Metal Cooler|Ice Beam|p2a: Alomomola
|-resisted|p2a: Alomomola
|-damage|p2a: Alomomola|62/100
|
|upkeep
|turn|16
|
|t:|1743869713
|move|p1a: Metal Cooler|Ice Beam|p2a: Alomomola
|-resisted|p2a: Alomomola
|-crit|p2a: Alomomola
|-damage|p2a: Alomomola|0 fnt
|faint|p2a: Alomomola
|
|upkeep
|
|t:|1743869716
|switch|p2a: Zapdos|Zapdos, tera:Fire|24/100
|turn|17
|
|t:|1743869721
|switch|p1a: XIV|Ting-Lu|93/100
|-damage|p1a: XIV|87/100|[from] Stealth Rock
|-ability|p1a: XIV|Vessel of Ruin
|move|p2a: Zapdos|Roost|p2a: Zapdos
|-heal|p2a: Zapdos|74/100
|
|-heal|p1a: XIV|93/100|[from] item: Leftovers
|upkeep
|turn|18
|
|t:|1743869727
|switch|p2a: Great Tusk|Great Tusk|100/100
|move|p1a: XIV|Ruination|p2a: Great Tusk
|-damage|p2a: Great Tusk|51/100
|
|-heal|p1a: XIV|99/100|[from] item: Leftovers
|upkeep
|turn|19
|
|t:|1743869730
|switch|p1a: Savior|Alomomola, F|100/100
|move|p2a: Great Tusk|Headlong Rush|p1a: Savior
|-damage|p1a: Savior|66/100
|-unboost|p2a: Great Tusk|def|1
|-unboost|p2a: Great Tusk|spd|1
|
|upkeep
|turn|20
|
|t:|1743869734
|move|p2a: Great Tusk|Headlong Rush|p1a: Savior
|-damage|p1a: Savior|30/100
|-unboost|p2a: Great Tusk|def|1
|-unboost|p2a: Great Tusk|spd|1
|move|p1a: Savior|Wish|p1a: Savior
|
|upkeep
|turn|21
|
|t:|1743869736
|move|p1a: Savior|Protect|p1a: Savior
|-singleturn|p1a: Savior|Protect
|move|p2a: Great Tusk|Headlong Rush|p1a: Savior
|-activate|p1a: Savior|move: Protect
|
|-heal|p1a: Savior|80/100|[from] move: Wish|[wisher] Savior
|upkeep
|turn|22
|
|t:|1743869743
|move|p2a: Great Tusk|Headlong Rush|p1a: Savior
|-damage|p1a: Savior|40/100
|-unboost|p2a: Great Tusk|def|1
|-unboost|p2a: Great Tusk|spd|1
|move|p1a: Savior|Wish|p1a: Savior
|
|upkeep
|turn|23
|
|t:|1743869748
|-end|p2a: Great Tusk|Protosynthesis|[silent]
|switch|p2a: Zapdos|Zapdos, tera:Fire|74/100
|move|p1a: Savior|Protect||[still]
|-fail|p1a: Savior
|
|-heal|p1a: Savior|90/100|[from] move: Wish|[wisher] Savior
|upkeep
|turn|24
|
|t:|1743869751
|switch|p1a: XIV|Ting-Lu|99/100
|-damage|p1a: XIV|93/100|[from] Stealth Rock
|-ability|p1a: XIV|Vessel of Ruin
|move|p2a: Zapdos|Volt Switch|p1a: XIV
|-immune|p1a: XIV
|
|-heal|p1a: XIV|99/100|[from] item: Leftovers
|upkeep
|turn|25
|
|t:|1743869756
|switch|p2a: Great Tusk|Great Tusk|51/100
|move|p1a: XIV|Earthquake|p2a: Great Tusk
|-damage|p2a: Great Tusk|24/100
|
|-heal|p1a: XIV|100/100|[from] item: Leftovers
|upkeep
|turn|26
|
|t:|1743869761
|switch|p1a: Savior|Alomomola, F|100/100
|move|p2a: Great Tusk|Rapid Spin|p1a: Savior
|-damage|p1a: Savior|89/100
|-boost|p2a: Great Tusk|spe|1
|
|upkeep
|turn|27
|
|t:|1743869765
|-end|p2a: Great Tusk|Protosynthesis|[silent]
|switch|p2a: Zapdos|Zapdos, tera:Fire|74/100
|move|p1a: Savior|Wish|p1a: Savior
|
|upkeep
|turn|28
|
|t:|1743869768
|switch|p1a: XIV|Ting-Lu|100/100
|-damage|p1a: XIV|94/100|[from] Stealth Rock
|-ability|p1a: XIV|Vessel of Ruin
|move|p2a: Zapdos|Volt Switch|p1a: XIV
|-immune|p1a: XIV
|
|-heal|p1a: XIV|100/100|[from] move: Wish|[wisher] Savior
|upkeep
|turn|29
|
|t:|1743869771
|switch|p2a: Ting-Lu|Ting-Lu|37/100
|-ability|p2a: Ting-Lu|Vessel of Ruin
|move|p1a: XIV|Earthquake|p2a: Ting-Lu
|-damage|p2a: Ting-Lu|16/100
|
|-heal|p2a: Ting-Lu|23/100|[from] item: Leftovers
|upkeep
|turn|30
|
|t:|1743869776
|move|p1a: XIV|Earthquake|p2a: Ting-Lu
|-damage|p2a: Ting-Lu|2/100
|move|p2a: Ting-Lu|Ruination|p1a: XIV
|-damage|p1a: XIV|50/100
|
|-heal|p1a: XIV|57/100|[from] item: Leftovers
|-heal|p2a: Ting-Lu|8/100|[from] item: Leftovers
|upkeep
|turn|31
|
|t:|1743869781
|move|p1a: XIV|Earthquake|p2a: Ting-Lu
|-damage|p2a: Ting-Lu|0 fnt
|faint|p2a: Ting-Lu
|
|-heal|p1a: XIV|63/100|[from] item: Leftovers
|upkeep
|
|t:|1743869782
|switch|p2a: Kyurem|Kyurem|39/100
|-ability|p2a: Kyurem|Pressure
|turn|32
|
|t:|1743869788
|move|p2a: Kyurem|Icicle Spear|p1a: XIV
|-supereffective|p1a: XIV
|-damage|p1a: XIV|48/100
|-supereffective|p1a: XIV
|-damage|p1a: XIV|32/100
|-supereffective|p1a: XIV
|-damage|p1a: XIV|18/100
|-supereffective|p1a: XIV
|-damage|p1a: XIV|5/100
|-supereffective|p1a: XIV
|-damage|p1a: XIV|0 fnt
|faint|p1a: XIV
|-hitcount|p1: XIV|5
|
|upkeep
|
|t:|1743869802
|switch|p1a: Savior|Alomomola, F|100/100
|turn|33
|
|t:|1743869805
|move|p2a: Kyurem|Scale Shot|p1a: Savior
|-damage|p1a: Savior|93/100
|-damage|p1a: Savior|86/100
|-crit|p1a: Savior
|-damage|p1a: Savior|73/100
|-damage|p1a: Savior|65/100
|-hitcount|p1a: Savior|4
|-unboost|p2a: Kyurem|def|1
|-boost|p2a: Kyurem|spe|1
|move|p1a: Savior|Flip Turn|p2a: Kyurem
|-resisted|p2a: Kyurem
|-damage|p2a: Kyurem|27/100
|
|t:|1743869808
|switch|p1a: Skeleton Balloon|Bombirdier, F|100/100|[from] Flip Turn
|
|upkeep
|turn|34
|
|t:|1743869811
|move|p1a: Skeleton Balloon|Sucker Punch|p2a: Kyurem
|-damage|p2a: Kyurem|0 fnt
|faint|p2a: Kyurem
|
|upkeep
|
|t:|1743869813
|switch|p2a: Zapdos|Zapdos, tera:Fire|74/100
|turn|35
|
|t:|1743869847
|move|p1a: Skeleton Balloon|Sucker Punch|p2a: Zapdos
|-damage|p2a: Zapdos|36/100
|-status|p1a: Skeleton Balloon|par|[from] ability: Static|[of] p2a: Zapdos
|move|p2a: Zapdos|Volt Switch|p1a: Skeleton Balloon
|-supereffective|p1a: Skeleton Balloon
|-damage|p1a: Skeleton Balloon|2/100 par
|
|t:|1743869851
|switch|p2a: Great Tusk|Great Tusk|24/100|[from] Volt Switch
|
|upkeep
|turn|36
|
|t:|1743869855
|move|p2a: Great Tusk|Rapid Spin|p1a: Skeleton Balloon
|-damage|p1a: Skeleton Balloon|0 fnt
|-boost|p2a: Great Tusk|spe|1
|faint|p1a: Skeleton Balloon
|
|upkeep
|
|t:|1743869857
|switch|p1a: Savior|Alomomola, F|98/100
|turn|37
|
|t:|1743869861
|move|p2a: Great Tusk|Headlong Rush|p1a: Savior
|-crit|p1a: Savior
|-damage|p1a: Savior|37/100
|-unboost|p2a: Great Tusk|def|1
|-unboost|p2a: Great Tusk|spd|1
|move|p1a: Savior|Scald|p2a: Great Tusk
|-supereffective|p2a: Great Tusk
|-damage|p2a: Great Tusk|0 fnt
|faint|p2a: Great Tusk
|-end|p2a: Great Tusk|Protosynthesis|[silent]
|
|upkeep
|
|t:|1743869863
|switch|p2a: Zapdos|Zapdos, tera:Fire|36/100
|turn|38
|
|t:|1743869869
|switch|p1a: Metal Cooler|Kyurem|30/100
|-damage|p1a: Metal Cooler|5/100|[from] Stealth Rock
|-ability|p1a: Metal Cooler|Pressure
|move|p2a: Zapdos|Volt Switch|p1a: Metal Cooler
|-resisted|p1a: Metal Cooler
|-damage|p1a: Metal Cooler|0 fnt
|faint|p1a: Metal Cooler
|
|upkeep
|
|t:|1743869871
|switch|p1a: Savior|Alomomola, F|70/100
|turn|39
|
|t:|1743869874
|move|p2a: Zapdos|Volt Switch|p1a: Savior
|-supereffective|p1a: Savior
|-damage|p1a: Savior|5/100
|move|p1a: Savior|Flip Turn|p2a: Zapdos
|-supereffective|p2a: Zapdos
|-damage|p2a: Zapdos|0 fnt
|faint|p2a: Zapdos
|
|win|Seltzergod
|raw|Seltzergod's rating: 1473 &rarr; <strong>1492</strong><br />(+19 for winning)
|raw|tap water gang's rating: 1456 &rarr; <strong>1437</strong><br />(-19 for losing)
|c|☆Seltzergod|gg
|c|☆tap water gang|ggs
|l|☆tap water gang
|player|p2|
|l|☆Seltzergod
|player|p1|
