|j|☆SIGM4
|j|☆Boneyard00
|t:|1743801896
|gametype|singles
|player|p1|SIGM4|gentleman-gen4|1242
|player|p2|Boneyard00|acetrainer-gen4dp|1188
|teamsize|p1|6
|teamsize|p2|6
|gen|9
|tier|[Gen 9] OU
|rated|
|rule|HP Percentage Mod: HP is shown in percentages
|rule|Endless Battle Clause: Forcing endless battles is banned
|rule|Species Clause: Limit one of each Pokémon
|rule|OHKO Clause: OHKO moves are banned
|rule|Evasion Items Clause: Evasion items are banned
|rule|Evasion Moves Clause: Evasion moves are banned
|rule|Sleep Moves Clause: Sleep-inducing moves are banned
|clearpoke
|poke|p1|Iron Moth|
|poke|p1|Iron Hands|
|poke|p1|Kingambit, F|
|poke|p1|Rillaboom, F|
|poke|p1|Slowking, F|
|poke|p1|Great Tusk|
|poke|p2|Talonflame, F|
|poke|p2|Sawsbuck-Winter, M|
|poke|p2|Basculegion, M|
|poke|p2|Electivire, F|
|poke|p2|Avalugg, M|
|poke|p2|Vespiquen, F|
|teampreview
|inactive|Battle timer is ON: inactive players will automatically lose when time's up. (requested by Boneyard00)
|
|t:|1743801929
|start
|switch|p1a: flopman|Slowking, F|100/100
|switch|p2a: Caribbean|Talonflame, F|100/100
|turn|1
|
|t:|1743801938
|move|p2a: Caribbean|Taunt|p1a: flopman
|-start|p1a: flopman|move: Taunt
|move|p1a: flopman|Scald|p2a: Caribbean
|-supereffective|p2a: Caribbean
|-damage|p2a: Caribbean|18/100
|
|upkeep
|turn|2
|
|t:|1743801946
|move|p2a: Caribbean|U-turn|p1a: flopman
|-supereffective|p1a: flopman
|-damage|p1a: flopman|73/100
|
|t:|1743801949
|switch|p2a: Bashigon|Basculegion, M|100/100|[from] U-turn
|move|p1a: flopman|Scald|p2a: Bashigon
|-resisted|p2a: Bashigon
|-damage|p2a: Bashigon|84/100
|
|-heal|p1a: flopman|79/100|[from] item: Leftovers
|upkeep
|turn|3
|
|t:|1743801967
|move|p2a: Bashigon|Phantom Force||[still]
|-prepare|p2a: Bashigon|Phantom Force
|move|p1a: flopman|Scald|p2a: Bashigon|[miss]
|-miss|p1a: flopman|p2a: Bashigon
|
|-heal|p1a: flopman|85/100|[from] item: Leftovers
|-end|p1a: flopman|move: Taunt
|upkeep
|turn|4
|
|t:|1743801980
|switch|p1a: Mifune|Kingambit, F|100/100
|move|p2a: Bashigon|Phantom Force|p1a: Mifune|[from] lockedmove
|-resisted|p1a: Mifune
|-damage|p1a: Mifune|69/100
|
|-heal|p1a: Mifune|75/100|[from] item: Leftovers
|upkeep
|turn|5
|
|t:|1743801989
|switch|p2a: Laurentor|Avalugg, M|100/100
|-end|p1a: Mifune|fallenundefined|[silent]
|switch|p1a: Jack|Rillaboom, F|100/100
|-fieldstart|move: Grassy Terrain|[from] ability: Grassy Surge|[of] p1a: Jack
|
|upkeep
|turn|6
|c|☆Boneyard00|Hit the road...
|
|t:|1743802008
|switch|p1a: bite-de-fer|Iron Moth|100/100
|move|p2a: Laurentor|Body Press|p1a: bite-de-fer
|-resisted|p1a: bite-de-fer
|-damage|p1a: bite-de-fer|72/100
|
|-heal|p1a: bite-de-fer|78/100|[from] Grassy Terrain
|upkeep
|turn|7
|
|t:|1743802018
|switch|p2a: Haywire|Electivire, F|100/100
|move|p1a: bite-de-fer|Overheat|p2a: Haywire|[miss]
|-miss|p1a: bite-de-fer|p2a: Haywire
|
|-heal|p1a: bite-de-fer|84/100|[from] Grassy Terrain
|upkeep
|turn|8
|
|t:|1743802027
|move|p1a: bite-de-fer|Overheat|p2a: Haywire
|-damage|p2a: Haywire|11/100
|-unboost|p1a: bite-de-fer|spa|2
|move|p2a: Haywire|Earthquake|p1a: bite-de-fer
|-supereffective|p1a: bite-de-fer
|-damage|p1a: bite-de-fer|0 fnt
|faint|p1a: bite-de-fer
|-end|p1a: bite-de-fer|Quark Drive|[silent]
|
|-heal|p2a: Haywire|17/100|[from] Grassy Terrain
|upkeep
|
|t:|1743802038
|switch|p1a: Jack|Rillaboom, F|100/100
|turn|9
|
|t:|1743802042
|switch|p2a: Milwauk|Sawsbuck-Winter, M, shiny|100/100
|move|p1a: Jack|Grassy Glide|p2a: Milwauk
|-ability|p2a: Milwauk|Sap Sipper|boost
|-boost|p2a: Milwauk|atk|1
|
|-fieldend|move: Grassy Terrain
|upkeep
|turn|10
|
|t:|1743802059
|switch|p1a: Iron Hands|Iron Hands|100/100
|move|p2a: Milwauk|Headbutt|p1a: Iron Hands
|-crit|p1a: Iron Hands
|-damage|p1a: Iron Hands|48/100
|-damage|p2a: Milwauk|91/100|[from] item: Life Orb
|
|upkeep
|turn|11
|
|t:|1743802070
|move|p2a: Milwauk|High Horsepower|p1a: Iron Hands
|-supereffective|p1a: Iron Hands
|-damage|p1a: Iron Hands|0 fnt
|faint|p1a: Iron Hands
|-end|p1a: Iron Hands|Quark Drive|[silent]
|-damage|p2a: Milwauk|81/100|[from] item: Life Orb
|
|upkeep
|
|t:|1743802089
|switch|p1a: Jack|Rillaboom, F|100/100
|-fieldstart|move: Grassy Terrain|[from] ability: Grassy Surge|[of] p1a: Jack
|turn|12
|
|t:|1743802095
|move|p2a: Milwauk|Headbutt|p1a: Jack
|-damage|p1a: Jack|40/100
|-damage|p2a: Milwauk|71/100|[from] item: Life Orb
|move|p1a: Jack|Knock Off|p2a: Milwauk
|-damage|p2a: Milwauk|0 fnt
|-enditem|p2a: Milwauk|Life Orb|[from] move: Knock Off|[of] p1a: Jack
|faint|p2a: Milwauk
|
|-heal|p1a: Jack|46/100|[from] Grassy Terrain
|upkeep
|
|t:|1743802101
|switch|p2a: Caribbean|Talonflame, F|18/100
|turn|13
|c|☆Boneyard00|Rude
|
|t:|1743802109
|switch|p1a: flopman|Slowking, F|100/100
|move|p2a: Caribbean|Brave Bird|p1a: flopman
|-damage|p1a: flopman|67/100
|-damage|p2a: Caribbean|3/100|[from] Recoil
|
|-heal|p1a: flopman|73/100|[from] Grassy Terrain
|-heal|p1a: flopman|79/100|[from] item: Leftovers
|upkeep
|turn|14
|
|t:|1743802122
|move|p2a: Caribbean|U-turn|p1a: flopman
|-supereffective|p1a: flopman
|-damage|p1a: flopman|53/100
|
|t:|1743802125
|switch|p2a: Haywire|Electivire, F|17/100|[from] U-turn
|move|p1a: flopman|Scald|p2a: Haywire
|-damage|p2a: Haywire|0 fnt
|faint|p2a: Haywire
|
|-heal|p1a: flopman|59/100|[from] Grassy Terrain
|-heal|p1a: flopman|65/100|[from] item: Leftovers
|upkeep
|
|t:|1743802129
|switch|p2a: Vicky|Vespiquen, F|100/100
|-ability|p2a: Vicky|Pressure
|turn|15
|
|t:|1743802141
|move|p2a: Vicky|Defend Order|p2a: Vicky
|-boost|p2a: Vicky|def|1
|-boost|p2a: Vicky|spd|1
|move|p1a: flopman|Thunder Wave|p2a: Vicky|[miss]
|-miss|p1a: flopman|p2a: Vicky
|
|-heal|p1a: flopman|72/100|[from] Grassy Terrain
|-heal|p1a: flopman|78/100|[from] item: Leftovers
|upkeep
|turn|16
|
|t:|1743802151
|move|p2a: Vicky|Toxic|p1a: flopman
|-status|p1a: flopman|tox
|move|p1a: flopman|Thunder Wave|p2a: Vicky
|-status|p2a: Vicky|par
|
|-heal|p1a: flopman|84/100 tox|[from] Grassy Terrain
|-heal|p1a: flopman|90/100 tox|[from] item: Leftovers
|-damage|p1a: flopman|84/100 tox|[from] psn
|-fieldend|move: Grassy Terrain
|upkeep
|turn|17
|
|t:|1743802163
|-prepare|p1a: flopman|Chilly Reception|[premajor]
|move|p1a: flopman|Chilly Reception|p1a: flopman
|-weather|Snowscape
|
|t:|1743802168
|switch|p1a: Jack|Rillaboom, F|46/100|[from] Chilly Reception
|-fieldstart|move: Grassy Terrain|[from] ability: Grassy Surge|[of] p1a: Jack
|move|p2a: Vicky|Defend Order|p2a: Vicky
|-boost|p2a: Vicky|def|1
|-boost|p2a: Vicky|spd|1
|
|-weather|Snowscape|[upkeep]
|-heal|p1a: Jack|52/100|[from] Grassy Terrain
|upkeep
|turn|18
|
|t:|1743802178
|move|p1a: Jack|Knock Off|p2a: Vicky
|-crit|p2a: Vicky
|-damage|p2a: Vicky|29/100 par
|-enditem|p2a: Vicky|Leftovers|[from] move: Knock Off|[of] p1a: Jack
|cant|p2a: Vicky|par
|
|-weather|Snowscape|[upkeep]
|-heal|p1a: Jack|58/100|[from] Grassy Terrain
|upkeep
|turn|19
|c|☆Boneyard00|Ok
|
|t:|1743802188
|move|p1a: Jack|Knock Off|p2a: Vicky
|-damage|p2a: Vicky|11/100 par
|move|p2a: Vicky|Roost|p2a: Vicky
|-heal|p2a: Vicky|61/100 par
|-singleturn|p2a: Vicky|move: Roost
|
|-weather|Snowscape|[upkeep]
|-heal|p1a: Jack|64/100|[from] Grassy Terrain
|-heal|p2a: Vicky|67/100 par|[from] Grassy Terrain
|upkeep
|turn|20
|
|t:|1743802203
|move|p1a: Jack|Knock Off|p2a: Vicky
|-damage|p2a: Vicky|51/100 par
|move|p2a: Vicky|Defend Order|p2a: Vicky
|-boost|p2a: Vicky|def|1
|-boost|p2a: Vicky|spd|1
|
|-weather|Snowscape|[upkeep]
|-heal|p1a: Jack|70/100|[from] Grassy Terrain
|upkeep
|turn|21
|c|☆Boneyard00|Hows that choice band
|
|t:|1743802215
|switch|p1a: flopman|Slowking, F|100/100 tox
|move|p2a: Vicky|Roost|p2a: Vicky
|-heal|p2a: Vicky|100/100 par
|-singleturn|p2a: Vicky|move: Roost
|
|-weather|none
|-damage|p1a: flopman|94/100 tox|[from] psn
|-fieldend|move: Grassy Terrain
|upkeep
|turn|22
|-message|SIGM4 forfeited.
|
|win|Boneyard00
|raw|SIGM4's rating: 1242 &rarr; <strong>1213</strong><br />(-29 for losing)
|raw|Boneyard00's rating: 1188 &rarr; <strong>1217</strong><br />(+29 for winning)
|l|☆SIGM4
|player|p1|
|c|☆Boneyard00|Hahahaha
|l|☆Boneyard00
|player|p2|
