|j|☆Enchidio
|j|☆Dark-J-K_78
|t:|1743904151
|gametype|singles
|player|p1|Enchidio|gambler|1464
|player|p2|Dark-J-K_78|101|1478
|teamsize|p1|6
|teamsize|p2|6
|gen|9
|tier|[Gen 9] OU
|rated|
|rule|HP Percentage Mod: HP is shown in percentages
|rule|Endless Battle Clause: Forcing endless battles is banned
|rule|Species Clause: Limit one of each Pokémon
|rule|OHKO Clause: OHKO moves are banned
|rule|Evasion Items Clause: Evasion items are banned
|rule|Evasion Moves Clause: Evasion moves are banned
|rule|Sleep Moves Clause: Sleep-inducing moves are banned
|clearpoke
|poke|p1|Araquanid, M|
|poke|p1|Kingambit, M|
|poke|p1|Iron Crown|
|poke|p1|Gholdengo|
|poke|p1|Weavile, M|
|poke|p1|Ogerpon-Wellspring, F|
|poke|p2|Deoxys-Defense|
|poke|p2|Landorus-Therian, M|
|poke|p2|Blissey, F|
|poke|p2|Ditto|
|poke|p2|Meloetta|
|poke|p2|Gengar, M|
|teampreview
|c|☆Enchidio|glhf
|
|t:|1743904178
|start
|switch|p1a: Araquanid|Araquanid, M|100/100
|switch|p2a: Métastana|Ditto|100/100
|-transform|p2a: Métastana|p1a: Araquanid|[from] ability: Imposter
|turn|1
|c|☆Dark-J-K_78|glhf
|
|t:|1743904190
|move|p2a: Métastana|Sticky Web|p1a: Araquanid
|-sidestart|p1: Enchidio|move: Sticky Web
|move|p1a: Araquanid|Sticky Web|p2a: Métastana
|-sidestart|p2: Dark-J-K_78|move: Sticky Web
|
|upkeep
|turn|2
|
|t:|1743904198
|switch|p2a: Bouledozer|Blissey, F|100/100
|-activate|p2a: Bouledozer|move: Sticky Web
|-unboost|p2a: Bouledozer|spe|1
|switch|p1a: Weavile|Weavile, M|100/100
|
|upkeep
|turn|3
|
|t:|1743904214
|move|p1a: Weavile|Swords Dance|p1a: Weavile
|-boost|p1a: Weavile|atk|2
|move|p2a: Bouledozer|Tera Blast|p1a: Weavile
|-damage|p1a: Weavile|62/100
|
|upkeep
|turn|4
|
|t:|1743904222
|move|p1a: Weavile|Knock Off|p2a: Bouledozer
|-crit|p2a: Bouledozer
|-damage|p2a: Bouledozer|0 fnt
|-enditem|p2a: Bouledozer|Terrain Extender|[from] move: Knock Off|[of] p1a: Weavile
|faint|p2a: Bouledozer
|
|upkeep
|
|t:|1743904228
|switch|p2a: Métastana|Ditto|100/100
|-activate|p2a: Métastana|move: Sticky Web
|-unboost|p2a: Métastana|spe|1
|-transform|p2a: Métastana|p1a: Weavile|[from] ability: Imposter
|turn|5
|
|t:|1743904240
|switch|p1a: Kingambit|Kingambit, M|100/100
|-activate|p1a: Kingambit|move: Sticky Web
|-unboost|p1a: Kingambit|spe|1
|move|p2a: Métastana|Knock Off|p1a: Kingambit
|-resisted|p1a: Kingambit
|-damage|p1a: Kingambit|58/100
|-enditem|p1a: Kingambit|Black Glasses|[from] move: Knock Off|[of] p2a: Métastana
|
|upkeep
|turn|6
|
|t:|1743904267
|switch|p2a: 92i|Meloetta|100/100
|-end|p1a: Kingambit|fallenundefined|[silent]
|switch|p1a: Ogerpon|Ogerpon-Wellspring, F|100/100
|-activate|p1a: Ogerpon|move: Sticky Web
|-unboost|p1a: Ogerpon|spe|1
|
|upkeep
|turn|7
|
|t:|1743904276
|move|p2a: 92i|Relic Song|p1a: Ogerpon
|-crit|p1a: Ogerpon
|-damage|p1a: Ogerpon|37/100
|-formechange|p2a: 92i|Meloetta-Pirouette|[msg]
|move|p1a: Ogerpon|Encore|p2a: 92i
|-start|p2a: 92i|Encore
|
|upkeep
|turn|8
|
|t:|1743904291
|switch|p2a: Staline|Landorus-Therian, M|100/100
|-ability|p2a: Staline|Intimidate|boost
|-unboost|p1a: Ogerpon|atk|1
|switch|p1a: Gholdengo|Gholdengo|100/100
|-item|p1a: Gholdengo|Air Balloon
|
|upkeep
|turn|9
|
|t:|1743904316
|switch|p2a: Bouffiquse|Deoxys-Defense|100/100
|-activate|p2a: Bouffiquse|move: Sticky Web
|-unboost|p2a: Bouffiquse|spe|1
|-ability|p2a: Bouffiquse|Pressure
|move|p1a: Gholdengo|Make It Rain|p2a: Bouffiquse
|-damage|p2a: Bouffiquse|63/100
|-unboost|p1a: Gholdengo|spa|1
|
|upkeep
|turn|10
|
|t:|1743904325
|switch|p1a: Iron Crown|Iron Crown|100/100
|-activate|p1a: Iron Crown|move: Sticky Web
|-unboost|p1a: Iron Crown|spe|1
|move|p2a: Bouffiquse|Stored Power|p1a: Iron Crown
|-resisted|p1a: Iron Crown
|-crit|p1a: Iron Crown
|-damage|p1a: Iron Crown|99/100
|
|upkeep
|turn|11
|
|t:|1743904338
|move|p1a: Iron Crown|Future Sight|p2a: Bouffiquse
|-start|p1a: Iron Crown|move: Future Sight
|move|p2a: Bouffiquse|Recover|p2a: Bouffiquse
|-heal|p2a: Bouffiquse|100/100
|
|upkeep
|turn|12
|
|t:|1743904348
|move|p1a: Iron Crown|Volt Switch|p2a: Bouffiquse
|-damage|p2a: Bouffiquse|88/100
|
|t:|1743904355
|-end|p1a: Iron Crown|Quark Drive|[silent]
|switch|p1a: Kingambit|Kingambit, M|58/100|[from] Volt Switch
|-activate|p1a: Kingambit|move: Sticky Web
|-unboost|p1a: Kingambit|spe|1
|move|p2a: Bouffiquse|Cosmic Power|p2a: Bouffiquse
|-boost|p2a: Bouffiquse|def|1
|-boost|p2a: Bouffiquse|spd|1
|
|upkeep
|turn|13
|
|t:|1743904359
|move|p1a: Kingambit|Swords Dance|p1a: Kingambit
|-boost|p1a: Kingambit|atk|2
|move|p2a: Bouffiquse|Cosmic Power|p2a: Bouffiquse
|-boost|p2a: Bouffiquse|def|1
|-boost|p2a: Bouffiquse|spd|1
|
|-end|p2a: Bouffiquse|move: Future Sight
|-resisted|p2a: Bouffiquse
|-damage|p2a: Bouffiquse|78/100
|upkeep
|turn|14
|
|t:|1743904373
|move|p1a: Kingambit|Kowtow Cleave|p2a: Bouffiquse
|-supereffective|p2a: Bouffiquse
|-damage|p2a: Bouffiquse|14/100
|move|p2a: Bouffiquse|Cosmic Power|p2a: Bouffiquse
|-boost|p2a: Bouffiquse|def|1
|-boost|p2a: Bouffiquse|spd|1
|
|upkeep
|turn|15
|
|t:|1743904377
|move|p1a: Kingambit|Kowtow Cleave|p2a: Bouffiquse
|-supereffective|p2a: Bouffiquse
|-damage|p2a: Bouffiquse|0 fnt
|faint|p2a: Bouffiquse
|
|upkeep
|
|t:|1743904381
|switch|p2a: Métastana|Ditto|100/100
|-activate|p2a: Métastana|move: Sticky Web
|-unboost|p2a: Métastana|spe|1
|-transform|p2a: Métastana|p1a: Kingambit|[from] ability: Imposter
|-activate|p2a: Métastana|ability: Supreme Overlord
|-start|p2a: Métastana|fallen2|[silent]
|turn|16
|
|t:|1743904392
|move|p2a: Métastana|Kowtow Cleave|p1a: Kingambit
|-resisted|p1a: Kingambit
|-damage|p1a: Kingambit|10/100
|move|p1a: Kingambit|Kowtow Cleave|p2a: Métastana
|-resisted|p2a: Métastana
|-damage|p2a: Métastana|56/100
|
|upkeep
|turn|17
|
|t:|1743904414
|move|p2a: Métastana|Kowtow Cleave|p1a: Kingambit
|-resisted|p1a: Kingambit
|-damage|p1a: Kingambit|0 fnt
|faint|p1a: Kingambit
|-end|p1a: Kingambit|fallenundefined|[silent]
|
|upkeep
|
|t:|1743904434
|switch|p1a: Iron Crown|Iron Crown|99/100
|-activate|p1a: Iron Crown|move: Sticky Web
|-unboost|p1a: Iron Crown|spe|1
|turn|18
|
|t:|1743904440
|-end|p2a: Métastana|fallen2|[silent]
|switch|p2a: Ectoplasmatique|Gengar, M|100/100
|-activate|p2a: Ectoplasmatique|move: Sticky Web
|-unboost|p2a: Ectoplasmatique|spe|1
|move|p1a: Iron Crown|Focus Blast|p2a: Ectoplasmatique
|-immune|p2a: Ectoplasmatique
|
|upkeep
|turn|19
|inactive|Battle timer is ON: inactive players will automatically lose when time's up. (requested by Enchidio)
|
|t:|1743904448
|move|p2a: Ectoplasmatique|Shadow Ball|p1a: Iron Crown
|-supereffective|p1a: Iron Crown
|-damage|p1a: Iron Crown|11/100
|move|p1a: Iron Crown|Future Sight|p2a: Ectoplasmatique
|-start|p1a: Iron Crown|move: Future Sight
|
|upkeep
|turn|20
|
|t:|1743904454
|-end|p1a: Iron Crown|Quark Drive|[silent]
|switch|p1a: Weavile|Weavile, M|62/100
|move|p2a: Ectoplasmatique|Shadow Ball|p1a: Weavile
|-resisted|p1a: Weavile
|-damage|p1a: Weavile|20/100
|
|upkeep
|turn|21
|inactive|Dark-J-K_78 has 120 seconds left.
|
|t:|1743904484
|switch|p2a: Staline|Landorus-Therian, M|100/100
|-ability|p2a: Staline|Intimidate|boost
|-unboost|p1a: Weavile|atk|1
|move|p1a: Weavile|Triple Axel|p2a: Staline|[miss]
|-miss|p1a: Weavile|p2a: Staline
|
|-end|p2a: Staline|move: Future Sight
|-damage|p2a: Staline|25/100
|upkeep
|turn|22
|inactive|Dark-J-K_78 has 120 seconds left.
|
|t:|1743904497
|move|p1a: Weavile|Ice Shard|p2a: Staline
|-supereffective|p2a: Staline
|-damage|p2a: Staline|0 fnt
|faint|p2a: Staline
|
|upkeep
|inactive|Dark-J-K_78 has 120 seconds left.
|
|t:|1743904502
|switch|p2a: Métastana|Ditto|56/100
|-activate|p2a: Métastana|move: Sticky Web
|-unboost|p2a: Métastana|spe|1
|-transform|p2a: Métastana|p1a: Weavile|[from] ability: Imposter
|turn|23
|
|t:|1743904512
|switch|p1a: Ogerpon|Ogerpon-Wellspring, F|37/100
|-activate|p1a: Ogerpon|move: Sticky Web
|-unboost|p1a: Ogerpon|spe|1
|move|p2a: Métastana|Knock Off|p1a: Ogerpon
|-damage|p1a: Ogerpon|9/100
|
|upkeep
|turn|24
|
|t:|1743904520
|move|p2a: Métastana|Knock Off|p1a: Ogerpon
|-damage|p1a: Ogerpon|0 fnt
|faint|p1a: Ogerpon
|
|upkeep
|
|t:|1743904522
|switch|p1a: Araquanid|Araquanid, M|100/100
|-activate|p1a: Araquanid|move: Sticky Web
|-unboost|p1a: Araquanid|spe|1
|turn|25
|
|t:|1743904535
|switch|p2a: Ectoplasmatique|Gengar, M|100/100
|-activate|p2a: Ectoplasmatique|move: Sticky Web
|-unboost|p2a: Ectoplasmatique|spe|1
|move|p1a: Araquanid|Surf|p2a: Ectoplasmatique
|-damage|p2a: Ectoplasmatique|6/100
|
|upkeep
|turn|26
|
|t:|1743904548
|move|p2a: Ectoplasmatique|Shadow Ball|p1a: Araquanid
|-damage|p1a: Araquanid|51/100
|-unboost|p1a: Araquanid|spd|1
|move|p1a: Araquanid|Surf|p2a: Ectoplasmatique
|-damage|p2a: Ectoplasmatique|0 fnt
|faint|p2a: Ectoplasmatique
|
|upkeep
|
|t:|1743904554
|switch|p2a: 92i|Meloetta|100/100
|turn|27
|
|t:|1743904564
|switch|p1a: Gholdengo|Gholdengo|100/100
|-item|p1a: Gholdengo|Air Balloon
|move|p2a: 92i|Relic Song|p1a: Gholdengo
|-immune|p1a: Gholdengo
|
|upkeep
|turn|28
|
|t:|1743904574
|-terastallize|p2a: 92i|Dark
|move|p2a: 92i|Tera Blast|p1a: Gholdengo|[anim] Tera Blast Dark
|-supereffective|p1a: Gholdengo
|-damage|p1a: Gholdengo|0 fnt
|-enditem|p1a: Gholdengo|Air Balloon
|faint|p1a: Gholdengo
|
|upkeep
|
|t:|1743904580
|switch|p1a: Weavile|Weavile, M|20/100
|turn|29
|
|t:|1743904589
|move|p1a: Weavile|Triple Axel|p2a: 92i|[miss]
|-miss|p1a: Weavile|p2a: 92i
|move|p2a: 92i|Close Combat|p1a: Weavile
|-supereffective|p1a: Weavile
|-damage|p1a: Weavile|0 fnt
|-unboost|p2a: 92i|def|1
|-unboost|p2a: 92i|spd|1
|faint|p1a: Weavile
|
|upkeep
|
|t:|1743904593
|switch|p1a: Araquanid|Araquanid, M|51/100
|-activate|p1a: Araquanid|move: Sticky Web
|-unboost|p1a: Araquanid|spe|1
|turn|30
|
|t:|1743904613
|switch|p2a: Métastana|Ditto|56/100
|-activate|p2a: Métastana|move: Sticky Web
|-unboost|p2a: Métastana|spe|1
|-transform|p2a: Métastana|p1a: Araquanid|[from] ability: Imposter
|move|p1a: Araquanid|Surf|p2a: Métastana
|-resisted|p2a: Métastana
|-damage|p2a: Métastana|30/100
|
|upkeep
|turn|31
|
|t:|1743904635
|move|p2a: Métastana|Surf|p1a: Araquanid
|-resisted|p1a: Araquanid
|-damage|p1a: Araquanid|28/100
|move|p1a: Araquanid|Surf|p2a: Métastana
|-resisted|p2a: Métastana
|-crit|p2a: Métastana
|-damage|p2a: Métastana|0 fnt
|faint|p2a: Métastana
|
|upkeep
|
|t:|1743904640
|switch|p2a: 92i|Meloetta, tera:Dark|100/100
|turn|32
|
|t:|1743904644
|move|p1a: Araquanid|Endure|p1a: Araquanid
|-singleturn|p1a: Araquanid|move: Endure
|move|p2a: 92i|Tera Blast|p1a: Araquanid|[anim] Tera Blast Dark
|-activate|p1a: Araquanid|move: Endure
|-damage|p1a: Araquanid|1/100
|
|upkeep
|turn|33
|c|☆Enchidio|gg
|-enditem|p1a: Araquanid|Custap Berry|[eat]
|-activate|p1a: Araquanid|item: Custap Berry|[consumed]
|
|t:|1743904652
|move|p1a: Araquanid|Endeavor|p2a: 92i
|-damage|p2a: 92i|1/100
|move|p2a: 92i|Tera Blast|p1a: Araquanid|[anim] Tera Blast Dark
|-damage|p1a: Araquanid|0 fnt
|faint|p1a: Araquanid
|
|upkeep
|
|t:|1743904656
|switch|p1a: Iron Crown|Iron Crown|11/100
|-activate|p1a: Iron Crown|move: Sticky Web
|-unboost|p1a: Iron Crown|spe|1
|turn|34
|c|☆Dark-J-K_78|g
|c|☆Dark-J-K_78|g
|
|t:|1743904663
|-terastallize|p1a: Iron Crown|Fighting
|move|p2a: 92i|Tera Blast|p1a: Iron Crown|[anim] Tera Blast Dark
|-resisted|p1a: Iron Crown
|-damage|p1a: Iron Crown|0 fnt
|faint|p1a: Iron Crown
|-end|p1a: Iron Crown|Quark Drive|[silent]
|
|win|Dark-J-K_78
|raw|Enchidio's rating: 1464 &rarr; <strong>1445</strong><br />(-19 for losing)
|raw|Dark-J-K_78's rating: 1478 &rarr; <strong>1497</strong><br />(+19 for winning)
|l|☆Enchidio
|player|p1|
|l|☆Dark-J-K_78
|player|p2|
