|j|☆grochi
|j|☆NeonNinja_21
|t:|1743911965
|gametype|singles
|player|p1|grochi|pilot|1395
|player|p2|NeonNinja_21|doubleteam|1420
|teamsize|p1|6
|teamsize|p2|6
|gen|9
|tier|[Gen 9] OU
|rated|
|rule|HP Percentage Mod: HP is shown in percentages
|rule|Endless Battle Clause: Forcing endless battles is banned
|rule|Species Clause: Limit one of each Pokémon
|rule|OHKO Clause: OHKO moves are banned
|rule|Evasion Items Clause: Evasion items are banned
|rule|Evasion Moves Clause: Evasion moves are banned
|rule|Sleep Moves Clause: Sleep-inducing moves are banned
|clearpoke
|poke|p1|Ribombee, M|
|poke|p1|Raging Bolt|
|poke|p1|Kingambit, F|
|poke|p1|Enamorus, F|
|poke|p1|Entei|
|poke|p1|Inteleon, F|
|poke|p2|Scizor, M|
|poke|p2|Samurott-Hisui, F|
|poke|p2|Pecharunt|
|poke|p2|Serperior, F|
|poke|p2|Primarina, F|
|poke|p2|Great Tusk|
|teampreview
|
|t:|1743911984
|start
|switch|p1a: Ribombee|Ribombee, M|100/100
|switch|p2a: Samurott|Samurott-Hisui, F|100/100
|turn|1
|
|t:|1743911991
|move|p1a: Ribombee|Moonblast|p2a: Samurott
|-supereffective|p2a: Samurott
|-enditem|p2a: Samurott|Focus Sash
|-damage|p2a: Samurott|1/100
|move|p2a: Samurott|Encore|p1a: Ribombee
|-start|p1a: Ribombee|Encore
|
|upkeep
|turn|2
|
|t:|1743912000
|switch|p2a: Scizor|Scizor, M|100/100
|move|p1a: Ribombee|Moonblast|p2a: Scizor
|-resisted|p2a: Scizor
|-damage|p2a: Scizor|74/100
|
|upkeep
|turn|3
|
|t:|1743912008
|switch|p1a: WHUT CHU SAY!?|Entei|100/100
|move|p2a: Scizor|Knock Off|p1a: WHUT CHU SAY!?
|-damage|p1a: WHUT CHU SAY!?|50/100
|-enditem|p1a: WHUT CHU SAY!?|Heavy-Duty Boots|[from] move: Knock Off|[of] p2a: Scizor
|-damage|p2a: Scizor|64/100|[from] item: Life Orb
|
|upkeep
|turn|4
|
|t:|1743912016
|switch|p2a: Pecharunt|Pecharunt|100/100
|-item|p2a: Pecharunt|Air Balloon
|move|p1a: WHUT CHU SAY!?|Sacred Fire|p2a: Pecharunt
|-damage|p2a: Pecharunt|77/100
|-status|p2a: Pecharunt|brn
|-enditem|p2a: Pecharunt|Air Balloon
|
|-damage|p2a: Pecharunt|71/100 brn|[from] brn
|upkeep
|turn|5
|
|t:|1743912035
|-terastallize|p1a: WHUT CHU SAY!?|Normal
|move|p1a: WHUT CHU SAY!?|Crunch|p2a: Pecharunt
|-supereffective|p2a: Pecharunt
|-damage|p2a: Pecharunt|47/100 brn
|-unboost|p2a: Pecharunt|def|1
|move|p2a: Pecharunt|Malignant Chain|p1a: WHUT CHU SAY!?
|-damage|p1a: WHUT CHU SAY!?|11/100
|
|-damage|p2a: Pecharunt|41/100 brn|[from] brn
|upkeep
|turn|6
|
|t:|1743912059
|move|p1a: WHUT CHU SAY!?|Crunch|p2a: Pecharunt
|-supereffective|p2a: Pecharunt
|-damage|p2a: Pecharunt|5/100 brn
|move|p2a: Pecharunt|Recover|p2a: Pecharunt
|-heal|p2a: Pecharunt|55/100 brn
|
|-damage|p2a: Pecharunt|49/100 brn|[from] brn
|upkeep
|turn|7
|
|t:|1743912069
|switch|p2a: Great Tusk|Great Tusk|100/100
|move|p1a: WHUT CHU SAY!?|Crunch|p2a: Great Tusk
|-resisted|p2a: Great Tusk
|-damage|p2a: Great Tusk|91/100
|-damage|p1a: WHUT CHU SAY!?|0 fnt|[from] item: Rocky Helmet|[of] p2a: Great Tusk
|faint|p1a: WHUT CHU SAY!?
|
|upkeep
|
|t:|1743912080
|switch|p1a: Inteleon|Inteleon, F|100/100
|turn|8
|
|t:|1743912086
|-end|p2a: Great Tusk|Protosynthesis|[silent]
|switch|p2a: Primarina|Primarina, F|100/100
|move|p1a: Inteleon|Snipe Shot|p2a: Primarina
|-resisted|p2a: Primarina
|-crit|p2a: Primarina
|-damage|p2a: Primarina|70/100
|
|upkeep
|turn|9
|
|t:|1743912105
|switch|p1a: the helf inspector|Enamorus, F|100/100
|move|p2a: Primarina|Moonblast|p1a: the helf inspector
|-damage|p1a: the helf inspector|24/100
|
|upkeep
|turn|10
|
|t:|1743912113
|move|p1a: the helf inspector|Moonblast|p2a: Primarina
|-damage|p2a: Primarina|17/100
|-unboost|p2a: Primarina|spa|1
|move|p2a: Primarina|Moonblast|p1a: the helf inspector
|-damage|p1a: the helf inspector|0 fnt
|faint|p1a: the helf inspector
|
|upkeep
|
|t:|1743912127
|switch|p1a: Raging Bolt|Raging Bolt|100/100
|-enditem|p1a: Raging Bolt|Booster Energy
|-activate|p1a: Raging Bolt|ability: Protosynthesis|[fromitem]
|-start|p1a: Raging Bolt|protosynthesisspa
|turn|11
|
|t:|1743912152
|move|p1a: Raging Bolt|Thunderbolt|p2a: Primarina
|-supereffective|p2a: Primarina
|-damage|p2a: Primarina|0 fnt
|faint|p2a: Primarina
|
|upkeep
|
|t:|1743912164
|switch|p2a: Serperior|Serperior, F|100/100
|turn|12
|
|t:|1743912170
|move|p2a: Serperior|Leech Seed|p1a: Raging Bolt
|-start|p1a: Raging Bolt|move: Leech Seed
|move|p1a: Raging Bolt|Dragon Pulse|p2a: Serperior
|-damage|p2a: Serperior|34/100
|
|-heal|p2a: Serperior|40/100|[from] item: Leftovers
|-damage|p1a: Raging Bolt|88/100|[from] Leech Seed|[of] p2a: Serperior
|-heal|p2a: Serperior|54/100|[silent]
|upkeep
|turn|13
|
|t:|1743912182
|switch|p2a: Samurott|Samurott-Hisui, F|1/100
|move|p1a: Raging Bolt|Dragon Pulse|p2a: Samurott
|-damage|p2a: Samurott|0 fnt
|faint|p2a: Samurott
|
|upkeep
|
|t:|1743912187
|switch|p2a: Great Tusk|Great Tusk|91/100
|turn|14
|
|t:|1743912195
|-end|p1a: Raging Bolt|Protosynthesis|[silent]
|switch|p1a: Ribombee|Ribombee, M|100/100
|move|p2a: Great Tusk|Headlong Rush|p1a: Ribombee
|-resisted|p1a: Ribombee
|-damage|p1a: Ribombee|41/100
|-unboost|p2a: Great Tusk|def|1
|-unboost|p2a: Great Tusk|spd|1
|
|upkeep
|turn|15
|
|t:|1743912205
|move|p1a: Ribombee|Moonblast|p2a: Great Tusk
|-supereffective|p2a: Great Tusk
|-damage|p2a: Great Tusk|0 fnt
|faint|p2a: Great Tusk
|-end|p2a: Great Tusk|Protosynthesis|[silent]
|
|upkeep
|
|t:|1743912209
|switch|p2a: Scizor|Scizor, M|64/100
|turn|16
|
|t:|1743912217
|move|p2a: Scizor|Bullet Punch|p1a: Ribombee
|-supereffective|p1a: Ribombee
|-damage|p1a: Ribombee|0 fnt
|faint|p1a: Ribombee
|-damage|p2a: Scizor|55/100|[from] item: Life Orb
|
|upkeep
|
|t:|1743912226
|switch|p1a: Raging Bolt|Raging Bolt|88/100
|turn|17
|
|t:|1743912232
|move|p1a: Raging Bolt|Thunderbolt|p2a: Scizor
|-damage|p2a: Scizor|0 fnt
|faint|p2a: Scizor
|
|upkeep
|
|t:|1743912237
|switch|p2a: Serperior|Serperior, F|54/100
|turn|18
|
|t:|1743912243
|move|p2a: Serperior|Leech Seed|p1a: Raging Bolt
|-start|p1a: Raging Bolt|move: Leech Seed
|move|p1a: Raging Bolt|Dragon Pulse|p2a: Serperior
|-damage|p2a: Serperior|1/100
|
|-heal|p2a: Serperior|7/100|[from] item: Leftovers
|-damage|p1a: Raging Bolt|76/100|[from] Leech Seed|[of] p2a: Serperior
|-heal|p2a: Serperior|21/100|[silent]
|upkeep
|turn|19
|
|t:|1743912254
|move|p2a: Serperior|Leaf Storm|p1a: Raging Bolt
|-resisted|p1a: Raging Bolt
|-damage|p1a: Raging Bolt|60/100
|-boost|p2a: Serperior|spa|2
|move|p1a: Raging Bolt|Dragon Pulse|p2a: Serperior
|-damage|p2a: Serperior|0 fnt
|faint|p2a: Serperior
|
|upkeep
|
|t:|1743912260
|switch|p2a: Pecharunt|Pecharunt|49/100 brn
|turn|20
|
|t:|1743912264
|move|p1a: Raging Bolt|Thunderbolt|p2a: Pecharunt
|-damage|p2a: Pecharunt|0 fnt
|faint|p2a: Pecharunt
|
|win|grochi
|raw|grochi's rating: 1395 &rarr; <strong>1416</strong><br />(+21 for winning)
|raw|NeonNinja_21's rating: 1420 &rarr; <strong>1399</strong><br />(-21 for losing)
|l|☆NeonNinja_21
|player|p2|
|l|☆grochi
|player|p1|
