|j|☆nocta_dz
|j|☆jh de los jh
|t:|1743873559
|gametype|singles
|player|p1|nocta_dz|hilbert|1100
|player|p2|jh de los jh|ghetsis-gen5bw|1099
|teamsize|p1|6
|teamsize|p2|6
|gen|9
|tier|[Gen 9] OU
|rated|
|rule|HP Percentage Mod: HP is shown in percentages
|rule|Endless Battle Clause: Forcing endless battles is banned
|rule|Species Clause: Limit one of each Pokémon
|rule|OHKO Clause: OHKO moves are banned
|rule|Evasion Items Clause: Evasion items are banned
|rule|Evasion Moves Clause: Evasion moves are banned
|rule|Sleep Moves Clause: Sleep-inducing moves are banned
|clearpoke
|poke|p1|Tyranitar, M|
|poke|p1|Excadrill, M|
|poke|p1|Ogerpon-Cornerstone, F|
|poke|p1|Dragapult, M|
|poke|p1|Moltres|
|poke|p1|Corviknight, F|
|poke|p2|Electivire, F|
|poke|p2|Poliwrath, F|
|poke|p2|Cramorant, M|
|poke|p2|Bellibolt, M|
|poke|p2|Granbull, M|
|poke|p2|Greedent, M|
|teampreview
|
|t:|1743873574
|start
|switch|p1a: Tyranitar|Tyranitar, M, shiny|100/100
|switch|p2a: Poliwrath|Poliwrath, F|100/100
|-weather|Sandstorm|[from] ability: Sand Stream|[of] p1a: Tyranitar
|turn|1
|
|t:|1743873583
|move|p2a: Poliwrath|Bulk Up|p2a: Poliwrath
|-boost|p2a: Poliwrath|atk|1
|-boost|p2a: Poliwrath|def|1
|move|p1a: Tyranitar|Stealth Rock|p2a: Poliwrath
|-sidestart|p2: jh de los jh|move: Stealth Rock
|
|-weather|Sandstorm|[upkeep]
|-damage|p2a: Poliwrath|94/100|[from] Sandstorm
|-heal|p2a: Poliwrath|100/100|[from] item: Leftovers
|upkeep
|turn|2
|
|t:|1743873595
|move|p2a: Poliwrath|Bulk Up|p2a: Poliwrath
|-boost|p2a: Poliwrath|atk|1
|-boost|p2a: Poliwrath|def|1
|move|p1a: Tyranitar|Thunder Wave|p2a: Poliwrath
|-status|p2a: Poliwrath|par
|
|-weather|Sandstorm|[upkeep]
|-damage|p2a: Poliwrath|94/100 par|[from] Sandstorm
|-heal|p2a: Poliwrath|100/100 par|[from] item: Leftovers
|upkeep
|turn|3
|
|t:|1743873608
|move|p1a: Tyranitar|Knock Off|p2a: Poliwrath
|-resisted|p2a: Poliwrath
|-damage|p2a: Poliwrath|91/100 par
|-enditem|p2a: Poliwrath|Leftovers|[from] move: Knock Off|[of] p1a: Tyranitar
|move|p2a: Poliwrath|Drain Punch|p1a: Tyranitar
|-supereffective|p1a: Tyranitar
|-damage|p1a: Tyranitar|0 fnt
|-heal|p2a: Poliwrath|100/100 par|[from] drain|[of] p1a: Tyranitar
|faint|p1a: Tyranitar
|
|-weather|Sandstorm|[upkeep]
|-damage|p2a: Poliwrath|94/100 par|[from] Sandstorm
|upkeep
|
|t:|1743873622
|switch|p1a: Ogerpon|Ogerpon-Cornerstone, F|100/100
|turn|4
|
|t:|1743873637
|move|p1a: Ogerpon|Power Whip|p2a: Poliwrath
|-supereffective|p2a: Poliwrath
|-damage|p2a: Poliwrath|24/100 par
|move|p2a: Poliwrath|Drain Punch|p1a: Ogerpon
|-supereffective|p1a: Ogerpon
|-crit|p1a: Ogerpon
|-ability|p1a: Ogerpon|Sturdy
|-damage|p1a: Ogerpon|1/100
|-heal|p2a: Poliwrath|63/100 par|[from] drain|[of] p1a: Ogerpon
|
|-weather|Sandstorm|[upkeep]
|-damage|p2a: Poliwrath|57/100 par|[from] Sandstorm
|upkeep
|turn|5
|
|t:|1743873656
|move|p1a: Ogerpon|Power Whip|p2a: Poliwrath|[miss]
|-miss|p1a: Ogerpon|p2a: Poliwrath
|move|p2a: Poliwrath|Drain Punch|p1a: Ogerpon
|-supereffective|p1a: Ogerpon
|-damage|p1a: Ogerpon|0 fnt
|-heal|p2a: Poliwrath|57/100 par|[from] drain|[of] p1a: Ogerpon
|faint|p1a: Ogerpon
|
|-weather|Sandstorm|[upkeep]
|-damage|p2a: Poliwrath|51/100 par|[from] Sandstorm
|upkeep
|
|t:|1743873665
|switch|p1a: Corviknight|Corviknight, F, shiny|100/100
|-ability|p1a: Corviknight|Pressure
|turn|6
|
|t:|1743873673
|move|p1a: Corviknight|Brave Bird|p2a: Poliwrath
|-supereffective|p2a: Poliwrath
|-damage|p2a: Poliwrath|19/100 par
|-damage|p1a: Corviknight|90/100|[from] Recoil
|cant|p2a: Poliwrath|par
|
|-weather|Sandstorm|[upkeep]
|-damage|p2a: Poliwrath|13/100 par|[from] Sandstorm
|-heal|p1a: Corviknight|96/100|[from] item: Leftovers
|upkeep
|turn|7
|
|t:|1743873685
|move|p1a: Corviknight|Brave Bird|p2a: Poliwrath
|-supereffective|p2a: Poliwrath
|-damage|p2a: Poliwrath|0 fnt
|faint|p2a: Poliwrath
|-damage|p1a: Corviknight|92/100|[from] Recoil
|
|-weather|Sandstorm|[upkeep]
|-heal|p1a: Corviknight|98/100|[from] item: Leftovers
|upkeep
|
|t:|1743873695
|switch|p2a: Bellibolt|Bellibolt, M|100/100
|-damage|p2a: Bellibolt|88/100|[from] Stealth Rock
|turn|8
|
|t:|1743873703
|move|p1a: Corviknight|U-turn|p2a: Bellibolt
|-damage|p2a: Bellibolt|75/100
|-start|p2a: Bellibolt|Charge|U-turn|[from] ability: Electromorphosis
|
|t:|1743873706
|switch|p1a: Excadrill|Excadrill, M, shiny|100/100|[from] U-turn
|move|p2a: Bellibolt|Thunderbolt|p1a: Excadrill
|-immune|p1a: Excadrill
|-end|p2a: Bellibolt|Charge|[silent]
|
|-weather|none
|upkeep
|turn|9
|
|t:|1743873720
|switch|p2a: Cramorant|Cramorant, M|100/100
|move|p1a: Excadrill|Swords Dance|p1a: Excadrill
|-boost|p1a: Excadrill|atk|2
|
|upkeep
|turn|10
|
|t:|1743873732
|move|p1a: Excadrill|Iron Head|p2a: Cramorant
|-resisted|p2a: Cramorant
|-damage|p2a: Cramorant|0 fnt
|faint|p2a: Cramorant
|-damage|p1a: Excadrill|91/100|[from] item: Life Orb
|
|upkeep
|
|t:|1743873745
|switch|p2a: Electivire|Electivire, F|100/100
|-damage|p2a: Electivire|88/100|[from] Stealth Rock
|turn|11
|
|t:|1743873751
|move|p2a: Electivire|Earthquake|p1a: Excadrill
|-supereffective|p1a: Excadrill
|-damage|p1a: Excadrill|0 fnt
|faint|p1a: Excadrill
|
|upkeep
|
|t:|1743873764
|switch|p1a: Corviknight|Corviknight, F, shiny|98/100
|-ability|p1a: Corviknight|Pressure
|turn|12
|
|t:|1743873773
|switch|p2a: Greedent|Greedent, M|100/100
|-damage|p2a: Greedent|88/100|[from] Stealth Rock
|move|p1a: Corviknight|U-turn|p2a: Greedent
|-crit|p2a: Greedent
|-damage|p2a: Greedent|69/100
|
|t:|1743873778
|switch|p1a: Dragapult|Dragapult, M, shiny|100/100|[from] U-turn
|
|upkeep
|turn|13
|
|t:|1743873787
|move|p1a: Dragapult|Draco Meteor|p2a: Greedent
|-damage|p2a: Greedent|0 fnt
|-unboost|p1a: Dragapult|spa|2
|faint|p2a: Greedent
|
|upkeep
|
|t:|1743873809
|switch|p2a: Electivire|Electivire, F|88/100
|-damage|p2a: Electivire|76/100|[from] Stealth Rock
|turn|14
|
|t:|1743873815
|move|p2a: Electivire|Supercell Slam|p1a: Dragapult
|-resisted|p1a: Dragapult
|-damage|p1a: Dragapult|63/100
|move|p1a: Dragapult|Draco Meteor|p2a: Electivire
|-damage|p2a: Electivire|23/100
|-unboost|p1a: Dragapult|spa|2
|
|upkeep
|turn|15
|
|t:|1743873825
|move|p2a: Electivire|Supercell Slam|p1a: Dragapult
|-resisted|p1a: Dragapult
|-damage|p1a: Dragapult|22/100
|move|p1a: Dragapult|Draco Meteor|p2a: Electivire
|-damage|p2a: Electivire|0 fnt
|-unboost|p1a: Dragapult|spa|2
|faint|p2a: Electivire
|
|upkeep
|
|t:|1743873835
|switch|p2a: Bellibolt|Bellibolt, M|75/100
|-damage|p2a: Bellibolt|63/100|[from] Stealth Rock
|turn|16
|
|t:|1743873846
|switch|p1a: Corviknight|Corviknight, F, shiny|98/100
|-ability|p1a: Corviknight|Pressure
|move|p2a: Bellibolt|Thunderbolt|p1a: Corviknight
|-supereffective|p1a: Corviknight
|-damage|p1a: Corviknight|35/100
|
|-heal|p1a: Corviknight|41/100|[from] item: Leftovers
|upkeep
|turn|17
|
|t:|1743873861
|move|p1a: Corviknight|Roost|p1a: Corviknight
|-heal|p1a: Corviknight|91/100
|-singleturn|p1a: Corviknight|move: Roost
|move|p2a: Bellibolt|Thunderbolt|p1a: Corviknight
|-damage|p1a: Corviknight|61/100
|
|-heal|p1a: Corviknight|67/100|[from] item: Leftovers
|upkeep
|turn|18
|
|t:|1743873874
|move|p1a: Corviknight|Roost|p1a: Corviknight
|-heal|p1a: Corviknight|100/100
|-singleturn|p1a: Corviknight|move: Roost
|move|p2a: Bellibolt|Hyper Voice|p1a: Corviknight
|-resisted|p1a: Corviknight
|-damage|p1a: Corviknight|91/100
|-enditem|p2a: Bellibolt|Throat Spray
|-boost|p2a: Bellibolt|spa|1|[from] item: Throat Spray
|
|-heal|p1a: Corviknight|97/100|[from] item: Leftovers
|upkeep
|turn|19
|
|t:|1743873888
|move|p1a: Corviknight|Brave Bird|p2a: Bellibolt
|-resisted|p2a: Bellibolt
|-damage|p2a: Bellibolt|48/100
|-start|p2a: Bellibolt|Charge|Brave Bird|[from] ability: Electromorphosis
|-damage|p1a: Corviknight|91/100|[from] Recoil
|move|p2a: Bellibolt|Thunderbolt|p1a: Corviknight
|-supereffective|p1a: Corviknight
|-damage|p1a: Corviknight|0 fnt
|faint|p1a: Corviknight
|-end|p2a: Bellibolt|Charge|[silent]
|
|upkeep
|
|t:|1743873894
|switch|p1a: Moltres|Moltres, shiny|100/100
|turn|20
|
|t:|1743873905
|move|p1a: Moltres|Flamethrower|p2a: Bellibolt
|-damage|p2a: Bellibolt|14/100
|-start|p2a: Bellibolt|Charge|Flamethrower|[from] ability: Electromorphosis
|move|p2a: Bellibolt|Thunderbolt|p1a: Moltres
|-supereffective|p1a: Moltres
|-damage|p1a: Moltres|0 fnt
|faint|p1a: Moltres
|-end|p2a: Bellibolt|Charge|[silent]
|
|upkeep
|
|t:|1743873907
|switch|p1a: Dragapult|Dragapult, M, shiny|22/100
|turn|21
|
|t:|1743873930
|move|p1a: Dragapult|Shadow Ball|p2a: Bellibolt
|-damage|p2a: Bellibolt|0 fnt
|faint|p2a: Bellibolt
|
|upkeep
|
|t:|1743873936
|switch|p2a: Granbull|Granbull, M|100/100
|-damage|p2a: Granbull|88/100|[from] Stealth Rock
|-ability|p2a: Granbull|Intimidate|boost
|-unboost|p1a: Dragapult|atk|1
|turn|22
|
|t:|1743873949
|-terastallize|p2a: Granbull|Steel
|move|p1a: Dragapult|Shadow Ball|p2a: Granbull
|-damage|p2a: Granbull|18/100
|move|p2a: Granbull|Crunch|p1a: Dragapult
|-supereffective|p1a: Dragapult
|-damage|p1a: Dragapult|0 fnt
|faint|p1a: Dragapult
|
|win|jh de los jh
|raw|nocta_dz's rating: 1100 &rarr; <strong>1075</strong><br />(-25 for losing)
|raw|jh de los jh's rating: 1099 &rarr; <strong>1124</strong><br />(+25 for winning)
|c|☆nocta_dz|gg
|l|☆nocta_dz
|player|p1|
|l|☆jh de los jh
|player|p2|
