|j|☆gadasgdgadssagd
|j|☆cowmaster57
|t:|1743865806
|gametype|singles
|player|p1|gadasgdgadssagd|101|1104
|player|p2|cowmaster57|n|1085
|teamsize|p1|6
|teamsize|p2|6
|gen|9
|tier|[Gen 9] OU
|rated|
|rule|HP Percentage Mod: HP is shown in percentages
|rule|Endless Battle Clause: Forcing endless battles is banned
|rule|Species Clause: Limit one of each Pokémon
|rule|OHKO Clause: OHKO moves are banned
|rule|Evasion Items Clause: Evasion items are banned
|rule|Evasion Moves Clause: Evasion moves are banned
|rule|Sleep Moves Clause: Sleep-inducing moves are banned
|clearpoke
|poke|p1|Zoroark-Hisui, F|
|poke|p1|Spidops, M|
|poke|p1|Maushold|
|poke|p1|Okidogi, M|
|poke|p1|Moltres|
|poke|p1|Goodra-Hisui, M|
|poke|p2|Mandibuzz, F|
|poke|p2|Lokix, F|
|poke|p2|Oricorio-Pom-Pom, F|
|poke|p2|Skarmory, F|
|poke|p2|Decidueye, M|
|poke|p2|Iron Boulder|
|teampreview
|
|t:|1743865821
|start
|switch|p1a: Spidops|Spidops, M|100/100
|switch|p2a: Lokix|Lokix, F|100/100
|turn|1
|
|t:|1743865830
|move|p2a: Lokix|First Impression|p1a: Spidops
|-damage|p1a: Spidops|28/100
|-damage|p2a: Lokix|91/100|[from] item: Life Orb
|move|p1a: Spidops|U-turn|p2a: Lokix
|-supereffective|p2a: Lokix
|-damage|p2a: Lokix|0 fnt
|faint|p2a: Lokix
|
|t:|1743865842
|switch|p1a: Moltres|Moltres|100/100|[from] U-turn
|
|upkeep
|
|t:|1743865847
|switch|p2a: Iron Boulder|Iron Boulder|100/100
|-enditem|p2a: Iron Boulder|Booster Energy
|-activate|p2a: Iron Boulder|ability: Quark Drive|[fromitem]
|-start|p2a: Iron Boulder|quarkdrivespe
|turn|2
|
|t:|1743865875
|switch|p1a: Goodra|Goodra-Hisui, M|100/100
|move|p2a: Iron Boulder|Psycho Cut|p1a: Goodra
|-resisted|p1a: Goodra
|-damage|p1a: Goodra|85/100
|
|upkeep
|turn|3
|
|t:|1743865887
|-terastallize|p2a: Iron Boulder|Rock
|move|p2a: Iron Boulder|Mighty Cleave|p1a: Goodra
|-resisted|p1a: Goodra
|-damage|p1a: Goodra|58/100
|-damage|p2a: Iron Boulder|84/100|[from] item: Rocky Helmet|[of] p1a: Goodra
|move|p1a: Goodra|Curse|p1a: Goodra
|-unboost|p1a: Goodra|spe|1
|-boost|p1a: Goodra|atk|1
|-boost|p1a: Goodra|def|1
|
|upkeep
|turn|4
|
|t:|1743865902
|move|p2a: Iron Boulder|Sacred Sword|p1a: Goodra
|-supereffective|p1a: Goodra
|-damage|p1a: Goodra|5/100
|-damage|p2a: Iron Boulder|67/100|[from] item: Rocky Helmet|[of] p1a: Goodra
|move|p1a: Goodra|Curse|p1a: Goodra
|-unboost|p1a: Goodra|spe|1
|-boost|p1a: Goodra|atk|1
|-boost|p1a: Goodra|def|1
|
|upkeep
|turn|5
|
|t:|1743865923
|switch|p1a: Spidops|Spidops, M|28/100
|move|p2a: Iron Boulder|Psycho Cut|p1a: Spidops
|-damage|p1a: Spidops|0 fnt
|faint|p1a: Spidops
|
|upkeep
|inactive|Battle timer is ON: inactive players will automatically lose when time's up. (requested by cowmaster57)
|
|t:|1743865963
|switch|p1a: Okidogi|Okidogi, M|100/100
|turn|6
|
|t:|1743865980
|-terastallize|p1a: Okidogi|Water
|move|p2a: Iron Boulder|Psycho Cut|p1a: Okidogi
|-damage|p1a: Okidogi|76/100
|move|p1a: Okidogi|Bulk Up|p1a: Okidogi
|-boost|p1a: Okidogi|atk|1
|-boost|p1a: Okidogi|def|1
|
|-heal|p1a: Okidogi|82/100|[from] item: Leftovers
|upkeep
|turn|7
|
|t:|1743865992
|-end|p2a: Iron Boulder|Quark Drive|[silent]
|switch|p2a: Oricorio|Oricorio-Pom-Pom, F, shiny|100/100
|move|p1a: Okidogi|Drain Punch|p2a: Oricorio
|-resisted|p2a: Oricorio
|-damage|p2a: Oricorio|69/100
|-heal|p1a: Okidogi|97/100|[from] drain|[of] p2a: Oricorio
|
|-heal|p2a: Oricorio|75/100|[from] item: Leftovers
|-heal|p1a: Okidogi|100/100|[from] item: Leftovers
|upkeep
|turn|8
|inactive|gadasgdgadssagd has 120 seconds left.
|
|t:|1743866022
|switch|p1a: Goodra|Goodra-Hisui, M|5/100
|move|p2a: Oricorio|Substitute|p2a: Oricorio
|-start|p2a: Oricorio|Substitute
|-damage|p2a: Oricorio|50/100
|
|-heal|p2a: Oricorio|56/100|[from] item: Leftovers
|upkeep
|turn|9
|
|t:|1743866031
|move|p2a: Oricorio|Quiver Dance|p2a: Oricorio
|-boost|p2a: Oricorio|spa|1
|-boost|p2a: Oricorio|spd|1
|-boost|p2a: Oricorio|spe|1
|move|p1a: Goodra|Rest|p1a: Goodra
|-status|p1a: Goodra|slp|[from] move: Rest
|-heal|p1a: Goodra|100/100 slp|[silent]
|
|-heal|p2a: Oricorio|63/100|[from] item: Leftovers
|upkeep
|turn|10
|
|t:|1743866040
|move|p2a: Oricorio|Quiver Dance|p2a: Oricorio
|-boost|p2a: Oricorio|spa|1
|-boost|p2a: Oricorio|spd|1
|-boost|p2a: Oricorio|spe|1
|cant|p1a: Goodra|slp
|move|p1a: Goodra|Sleep Talk|p1a: Goodra
|move|p1a: Goodra|Curse|p1a: Goodra|[from] move: Sleep Talk
|-unboost|p1a: Goodra|spe|1
|-boost|p1a: Goodra|atk|1
|-boost|p1a: Goodra|def|1
|
|-heal|p2a: Oricorio|69/100|[from] item: Leftovers
|upkeep
|turn|11
|
|t:|1743866052
|move|p2a: Oricorio|Revelation Dance|p1a: Goodra
|-resisted|p1a: Goodra
|-damage|p1a: Goodra|85/100 slp
|cant|p1a: Goodra|slp
|move|p1a: Goodra|Sleep Talk|p1a: Goodra
|move|p1a: Goodra|Rest||[from] move: Sleep Talk|[still]
|-fail|p1a: Goodra
|
|-heal|p2a: Oricorio|75/100|[from] item: Leftovers
|upkeep
|turn|12
|
|t:|1743866063
|move|p2a: Oricorio|U-turn|p1a: Goodra
|-resisted|p1a: Goodra
|-damage|p1a: Goodra|82/100 slp
|-damage|p2a: Oricorio|58/100|[from] item: Rocky Helmet|[of] p1a: Goodra
|
|t:|1743866072
|switch|p2a: Skarmory|Skarmory, F, shiny|100/100|[from] U-turn
|-curestatus|p1a: Goodra|slp|[msg]
|move|p1a: Goodra|Gyro Ball|p2a: Skarmory
|-resisted|p2a: Skarmory
|-damage|p2a: Skarmory|84/100
|
|-heal|p2a: Skarmory|90/100|[from] item: Leftovers
|upkeep
|turn|13
|
|t:|1743866092
|switch|p1a: Okidogi|Okidogi, M, tera:Water|100/100
|move|p2a: Skarmory|Stealth Rock|p1a: Okidogi
|-sidestart|p1: gadasgdgadssagd|move: Stealth Rock
|
|-heal|p2a: Skarmory|96/100|[from] item: Leftovers
|upkeep
|turn|14
|
|t:|1743866098
|move|p2a: Skarmory|Tailwind|p2a: Skarmory
|-sidestart|p2: cowmaster57|move: Tailwind
|move|p1a: Okidogi|Bulk Up|p1a: Okidogi
|-boost|p1a: Okidogi|atk|1
|-boost|p1a: Okidogi|def|1
|
|-heal|p2a: Skarmory|100/100|[from] item: Leftovers
|upkeep
|turn|15
|
|t:|1743866105
|move|p2a: Skarmory|Spikes|p1a: Okidogi
|-sidestart|p1: gadasgdgadssagd|Spikes
|move|p1a: Okidogi|Bulk Up|p1a: Okidogi
|-boost|p1a: Okidogi|atk|1
|-boost|p1a: Okidogi|def|1
|
|upkeep
|turn|16
|
|t:|1743866110
|move|p2a: Skarmory|Spikes|p1a: Okidogi
|-sidestart|p1: gadasgdgadssagd|Spikes
|move|p1a: Okidogi|Bulk Up|p1a: Okidogi
|-boost|p1a: Okidogi|atk|1
|-boost|p1a: Okidogi|def|1
|
|upkeep
|turn|17
|
|t:|1743866116
|move|p2a: Skarmory|Spikes|p1a: Okidogi
|-sidestart|p1: gadasgdgadssagd|Spikes
|move|p1a: Okidogi|Bulk Up|p1a: Okidogi
|-boost|p1a: Okidogi|atk|1
|-boost|p1a: Okidogi|def|1
|
|-sideend|p2: cowmaster57|move: Tailwind
|upkeep
|turn|18
|
|t:|1743866122
|move|p2a: Skarmory|Tailwind|p2a: Skarmory
|-sidestart|p2: cowmaster57|move: Tailwind
|move|p1a: Okidogi|Bulk Up|p1a: Okidogi
|-boost|p1a: Okidogi|atk|1
|-boost|p1a: Okidogi|def|1
|
|upkeep
|turn|19
|
|t:|1743866128
|move|p2a: Skarmory|Iron Head|p1a: Okidogi
|-resisted|p1a: Okidogi
|-damage|p1a: Okidogi|98/100
|move|p1a: Okidogi|Bulk Up|p1a: Okidogi
|-boost|p1a: Okidogi|atk|1
|-boost|p1a: Okidogi|def|1
|
|-heal|p1a: Okidogi|100/100|[from] item: Leftovers
|upkeep
|turn|20
|
|t:|1743866139
|switch|p2a: Decidueye|Decidueye, M, shiny|100/100
|move|p1a: Okidogi|Drain Punch|p2a: Decidueye
|-immune|p2a: Decidueye
|
|upkeep
|turn|21
|
|t:|1743866151
|move|p2a: Decidueye|Shadow Claw|p1a: Okidogi
|-crit|p1a: Okidogi
|-damage|p1a: Okidogi|64/100
|move|p1a: Okidogi|Knock Off|p2a: Decidueye
|-supereffective|p2a: Decidueye
|-damage|p2a: Decidueye|0 fnt
|-enditem|p2a: Decidueye|Leftovers|[from] move: Knock Off|[of] p1a: Okidogi
|faint|p2a: Decidueye
|
|-heal|p1a: Okidogi|70/100|[from] item: Leftovers
|-sideend|p2: cowmaster57|move: Tailwind
|upkeep
|
|t:|1743866161
|switch|p2a: Oricorio|Oricorio-Pom-Pom, F, shiny|58/100
|turn|22
|
|t:|1743866166
|move|p2a: Oricorio|Revelation Dance|p1a: Okidogi
|-supereffective|p1a: Okidogi
|-damage|p1a: Okidogi|19/100
|move|p1a: Okidogi|Drain Punch|p2a: Oricorio
|-resisted|p2a: Oricorio
|-damage|p2a: Oricorio|0 fnt
|-heal|p1a: Okidogi|46/100|[from] drain|[of] p2a: Oricorio
|faint|p2a: Oricorio
|
|-heal|p1a: Okidogi|52/100|[from] item: Leftovers
|upkeep
|
|t:|1743866180
|switch|p2a: Mandibuzz|Mandibuzz, F, shiny|100/100
|turn|23
|
|t:|1743866189
|move|p2a: Mandibuzz|Dual Wingbeat|p1a: Okidogi
|-damage|p1a: Okidogi|49/100
|-damage|p1a: Okidogi|46/100
|-hitcount|p1a: Okidogi|2
|move|p1a: Okidogi|Drain Punch|p2a: Mandibuzz
|-damage|p2a: Mandibuzz|0 fnt
|-heal|p1a: Okidogi|93/100|[from] drain|[of] p2a: Mandibuzz
|faint|p2a: Mandibuzz
|
|-heal|p1a: Okidogi|99/100|[from] item: Leftovers
|upkeep
|
|t:|1743866200
|switch|p2a: Iron Boulder|Iron Boulder, tera:Rock|67/100
|turn|24
|
|t:|1743866203
|move|p2a: Iron Boulder|Poison Jab|p1a: Okidogi
|-damage|p1a: Okidogi|94/100
|-status|p1a: Okidogi|psn
|move|p1a: Okidogi|Drain Punch|p2a: Iron Boulder
|-supereffective|p2a: Iron Boulder
|-damage|p2a: Iron Boulder|0 fnt
|-heal|p1a: Okidogi|100/100 psn|[from] drain|[of] p2a: Iron Boulder
|faint|p2a: Iron Boulder
|-end|p2a: Iron Boulder|Quark Drive|[silent]
|
|-damage|p1a: Okidogi|88/100 psn|[from] psn
|upkeep
|
|t:|1743866214
|switch|p2a: Skarmory|Skarmory, F, shiny|100/100
|turn|25
|
|t:|1743866219
|move|p2a: Skarmory|Iron Head|p1a: Okidogi
|-resisted|p1a: Okidogi
|-damage|p1a: Okidogi|86/100 psn
|move|p1a: Okidogi|Drain Punch|p2a: Skarmory
|-damage|p2a: Skarmory|7/100
|-heal|p1a: Okidogi|100/100 psn|[from] drain|[of] p2a: Skarmory
|
|-heal|p2a: Skarmory|13/100|[from] item: Leftovers
|-damage|p1a: Okidogi|88/100 psn|[from] psn
|upkeep
|turn|26
|
|t:|1743866228
|move|p2a: Skarmory|Iron Head|p1a: Okidogi
|-resisted|p1a: Okidogi
|-damage|p1a: Okidogi|85/100 psn
|move|p1a: Okidogi|Drain Punch|p2a: Skarmory
|-damage|p2a: Skarmory|0 fnt
|-heal|p1a: Okidogi|90/100 psn|[from] drain|[of] p2a: Skarmory
|faint|p2a: Skarmory
|
|win|gadasgdgadssagd
|raw|gadasgdgadssagd's rating: 1104 &rarr; <strong>1128</strong><br />(+24 for winning)
|raw|cowmaster57's rating: 1085 &rarr; <strong>1063</strong><br />(-22 for losing)
|l|☆cowmaster57
|player|p2|
|l|☆gadasgdgadssagd
|player|p1|
