|j|☆CRPCgaming.TTV
|j|‽XIXINANA
|t:|1743874455
|gametype|singles
|player|p1|CRPCgaming.TTV|backersf|1341
|player|p2|XIXINANA|hilbert|1328
|teamsize|p1|6
|teamsize|p2|6
|gen|9
|tier|[Gen 9] OU
|rated|
|rule|HP Percentage Mod: HP is shown in percentages
|rule|Endless Battle Clause: Forcing endless battles is banned
|rule|Species Clause: Limit one of each Pokémon
|rule|OHKO Clause: OHKO moves are banned
|rule|Evasion Items Clause: Evasion items are banned
|rule|Evasion Moves Clause: Evasion moves are banned
|rule|Sleep Moves Clause: Sleep-inducing moves are banned
|clearpoke
|poke|p1|Iron Moth|
|poke|p1|Cloyster, M|
|poke|p1|Latias, F|
|poke|p1|Hatterene, F|
|poke|p1|Garchomp, F|
|poke|p1|Tyranitar, F|
|poke|p2|Iron Valiant|
|poke|p2|Braviary-Hisui, M|
|poke|p2|Enamorus-Therian, F|
|poke|p2|Fezandipiti, M|
|poke|p2|Brute Bonnet|
|poke|p2|Magmortar, M|
|teampreview
|inactive|Battle timer is ON: inactive players will automatically lose when time's up. (requested by CRPCgaming.TTV)
|
|t:|1743874467
|start
|switch|p1a: Cloyster|Cloyster, M, shiny|100/100
|switch|p2a: Fezandipiti|Fezandipiti, M|100/100
|turn|1
|
|t:|1743874483
|move|p2a: Fezandipiti|Play Rough|p1a: Cloyster
|-damage|p1a: Cloyster|64/100
|-unboost|p1a: Cloyster|atk|1
|move|p1a: Cloyster|Shell Smash|p1a: Cloyster
|-unboost|p1a: Cloyster|def|1
|-unboost|p1a: Cloyster|spd|1
|-boost|p1a: Cloyster|atk|2
|-boost|p1a: Cloyster|spa|2
|-boost|p1a: Cloyster|spe|2
|
|upkeep
|turn|2
|
|t:|1743874495
|move|p2a: Fezandipiti|Quick Attack|p1a: Cloyster
|-damage|p1a: Cloyster|49/100
|move|p1a: Cloyster|Icicle Spear|p2a: Fezandipiti
|-damage|p2a: Fezandipiti|81/100
|-damage|p2a: Fezandipiti|62/100
|-damage|p2a: Fezandipiti|40/100
|-damage|p2a: Fezandipiti|20/100
|-damage|p2a: Fezandipiti|1/100
|-hitcount|p2a: Fezandipiti|5
|
|upkeep
|turn|3
|
|t:|1743874506
|move|p2a: Fezandipiti|Quick Attack|p1a: Cloyster
|-damage|p1a: Cloyster|34/100
|move|p1a: Cloyster|Icicle Spear|p2a: Fezandipiti
|-damage|p2a: Fezandipiti|0 fnt
|faint|p2a: Fezandipiti
|-hitcount|p2: Fezandipiti|1
|
|upkeep
|
|t:|1743874514
|switch|p2a: Iron Valiant|Iron Valiant|100/100
|turn|4
|
|t:|1743874517
|move|p2a: Iron Valiant|Vacuum Wave|p1a: Cloyster
|-supereffective|p1a: Cloyster
|-damage|p1a: Cloyster|0 fnt
|faint|p1a: Cloyster
|-damage|p2a: Iron Valiant|91/100|[from] item: Life Orb
|
|upkeep
|
|t:|1743874525
|switch|p1a: Iron Moth|Iron Moth, shiny|100/100
|-enditem|p1a: Iron Moth|Booster Energy
|-activate|p1a: Iron Moth|ability: Quark Drive|[fromitem]
|-start|p1a: Iron Moth|quarkdrivespe
|turn|5
|
|t:|1743874539
|-end|p2a: Iron Valiant|Quark Drive|[silent]
|switch|p2a: Brute Bonnet|Brute Bonnet|100/100
|move|p1a: Iron Moth|Sludge Wave|p2a: Brute Bonnet
|-supereffective|p2a: Brute Bonnet
|-damage|p2a: Brute Bonnet|24/100
|-status|p2a: Brute Bonnet|psn
|
|-damage|p2a: Brute Bonnet|12/100 psn|[from] psn
|upkeep
|turn|6
|
|t:|1743874548
|-terastallize|p2a: Brute Bonnet|Dark
|move|p2a: Brute Bonnet|Sucker Punch||[still]
|-fail|p2a: Brute Bonnet
|move|p1a: Iron Moth|Substitute|p1a: Iron Moth
|-start|p1a: Iron Moth|Substitute
|-damage|p1a: Iron Moth|76/100
|
|-damage|p2a: Brute Bonnet|0 fnt|[from] psn
|faint|p2a: Brute Bonnet
|-end|p2a: Brute Bonnet|Protosynthesis|[silent]
|upkeep
|
|t:|1743874557
|switch|p2a: Magmortar|Magmortar, M|100/100
|turn|7
|
|t:|1743874562
|move|p1a: Iron Moth|Sludge Wave|p2a: Magmortar
|-damage|p2a: Magmortar|38/100
|move|p2a: Magmortar|Psychic|p1a: Iron Moth
|-supereffective|p1a: Iron Moth
|-end|p1a: Iron Moth|Substitute
|-damage|p2a: Magmortar|28/100|[from] item: Life Orb
|
|upkeep
|turn|8
|
|t:|1743874569
|move|p1a: Iron Moth|Sludge Wave|p2a: Magmortar
|-damage|p2a: Magmortar|0 fnt
|faint|p2a: Magmortar
|
|upkeep
|
|t:|1743874575
|switch|p2a: Braviary|Braviary-Hisui, M|100/100
|turn|9
|
|t:|1743874585
|move|p1a: Iron Moth|Dazzling Gleam|p2a: Braviary
|-damage|p2a: Braviary|64/100
|move|p2a: Braviary|Psychic|p1a: Iron Moth
|-supereffective|p1a: Iron Moth
|-damage|p1a: Iron Moth|0 fnt
|faint|p1a: Iron Moth
|-end|p1a: Iron Moth|Quark Drive|[silent]
|
|upkeep
|
|t:|1743874591
|switch|p1a: Tyranitar|Tyranitar, F, shiny|100/100
|-weather|Sandstorm|[from] ability: Sand Stream|[of] p1a: Tyranitar
|turn|10
|
|t:|1743874597
|move|p2a: Braviary|Vacuum Wave|p1a: Tyranitar
|-supereffective|p1a: Tyranitar
|-damage|p1a: Tyranitar|71/100
|-damage|p2a: Braviary|54/100|[from] item: Life Orb
|move|p1a: Tyranitar|Knock Off|p2a: Braviary
|-supereffective|p2a: Braviary
|-damage|p2a: Braviary|0 fnt
|-enditem|p2a: Braviary|Life Orb|[from] move: Knock Off|[of] p1a: Tyranitar
|faint|p2a: Braviary
|
|-weather|Sandstorm|[upkeep]
|-heal|p1a: Tyranitar|77/100|[from] item: Leftovers
|upkeep
|
|t:|1743874605
|switch|p2a: Iron Valiant|Iron Valiant|91/100
|turn|11
|
|t:|1743874610
|move|p2a: Iron Valiant|Close Combat|p1a: Tyranitar
|-supereffective|p1a: Tyranitar
|-damage|p1a: Tyranitar|0 fnt
|-unboost|p2a: Iron Valiant|def|1
|-unboost|p2a: Iron Valiant|spd|1
|faint|p1a: Tyranitar
|-damage|p2a: Iron Valiant|81/100|[from] item: Life Orb
|
|-weather|Sandstorm|[upkeep]
|-damage|p2a: Iron Valiant|75/100|[from] Sandstorm
|upkeep
|
|t:|1743874619
|switch|p1a: Garchomp|Garchomp, F, shiny|100/100
|turn|12
|
|t:|1743874624
|move|p2a: Iron Valiant|Moonblast|p1a: Garchomp
|-supereffective|p1a: Garchomp
|-damage|p1a: Garchomp|0 fnt
|faint|p1a: Garchomp
|-damage|p2a: Iron Valiant|65/100|[from] item: Life Orb
|
|-weather|Sandstorm|[upkeep]
|-damage|p2a: Iron Valiant|59/100|[from] Sandstorm
|upkeep
|
|t:|1743874631
|switch|p1a: Latias|Latias, F|100/100
|turn|13
|
|t:|1743874635
|-terastallize|p1a: Latias|Electric
|move|p2a: Iron Valiant|Moonblast|p1a: Latias
|-damage|p1a: Latias|47/100
|-unboost|p1a: Latias|spa|1
|-damage|p2a: Iron Valiant|49/100|[from] item: Life Orb
|move|p1a: Latias|Agility|p1a: Latias
|-boost|p1a: Latias|spe|2
|
|-weather|Sandstorm|[upkeep]
|-damage|p1a: Latias|41/100|[from] Sandstorm
|-damage|p2a: Iron Valiant|43/100|[from] Sandstorm
|upkeep
|turn|14
|
|t:|1743874647
|move|p1a: Latias|Calm Mind|p1a: Latias
|-boost|p1a: Latias|spa|1
|-boost|p1a: Latias|spd|1
|move|p2a: Iron Valiant|Moonblast|p1a: Latias
|-damage|p1a: Latias|5/100
|-damage|p2a: Iron Valiant|33/100|[from] item: Life Orb
|
|-weather|none
|upkeep
|turn|15
|
|t:|1743874655
|move|p2a: Iron Valiant|Vacuum Wave|p1a: Latias
|-damage|p1a: Latias|0 fnt
|faint|p1a: Latias
|-damage|p2a: Iron Valiant|24/100|[from] item: Life Orb
|
|upkeep
|-message|CRPCgaming.TTV forfeited.
|
|win|XIXINANA
|raw|CRPCgaming.TTV's rating: 1341 &rarr; <strong>1320</strong><br />(-21 for losing)
|raw|XIXINANA's rating: 1328 &rarr; <strong>1349</strong><br />(+21 for winning)
|l|☆CRPCgaming.TTV
|player|p1|
|l|‽XIXINANA
|player|p2|
