|j|☆skilled gamblers
|j|☆nyalicethotep
|t:|1743837388
|gametype|singles
|player|p1|skilled gamblers|backers|1371
|player|p2|nyalicethotep|265|1324
|teamsize|p1|6
|teamsize|p2|6
|gen|9
|tier|[Gen 9] OU
|rated|
|rule|HP Percentage Mod: HP is shown in percentages
|rule|Endless Battle Clause: Forcing endless battles is banned
|rule|Species Clause: Limit one of each Pokémon
|rule|OHKO Clause: OHKO moves are banned
|rule|Evasion Items Clause: Evasion items are banned
|rule|Evasion Moves Clause: Evasion moves are banned
|rule|Sleep Moves Clause: Sleep-inducing moves are banned
|clearpoke
|poke|p1|Tinkaton, F|
|poke|p1|Moltres|
|poke|p1|Ogerpon-Wellspring, F|
|poke|p1|Gholdengo|
|poke|p1|Great Tusk|
|poke|p1|Dragapult, M|
|poke|p2|Zamazenta-*|
|poke|p2|Slowking-Galar, F|
|poke|p2|Great Tusk|
|poke|p2|Kingambit, M|
|poke|p2|Zapdos|
|poke|p2|Ogerpon-Wellspring, F|
|teampreview
|inactive|Battle timer is ON: inactive players will automatically lose when time's up. (requested by skilled gamblers)
|
|t:|1743837414
|start
|switch|p1a: Moltres|Moltres|100/100
|switch|p2a: Zapdos|Zapdos|100/100
|turn|1
|c|☆nyalicethotep|Gud luck
|c|☆nyalicethotep|A gambler like u should need it
|
|t:|1743837434
|move|p2a: Zapdos|Hurricane|p1a: Moltres
|-damage|p1a: Moltres|56/100
|move|p1a: Moltres|Will-O-Wisp|p2a: Zapdos
|-status|p2a: Zapdos|brn
|
|-damage|p2a: Zapdos|94/100 brn|[from] brn
|upkeep
|turn|2
|
|t:|1743837454
|switch|p1a: Great Tusk|Great Tusk|100/100
|-enditem|p1a: Great Tusk|Booster Energy
|-activate|p1a: Great Tusk|ability: Protosynthesis|[fromitem]
|-start|p1a: Great Tusk|protosynthesisspe
|move|p2a: Zapdos|Volt Switch|p1a: Great Tusk
|-immune|p1a: Great Tusk
|
|-damage|p2a: Zapdos|88/100 brn|[from] brn
|upkeep
|turn|3
|
|t:|1743837467
|move|p1a: Great Tusk|Ice Spinner|p2a: Zapdos
|-supereffective|p2a: Zapdos
|-damage|p2a: Zapdos|54/100 brn
|move|p2a: Zapdos|Hurricane|p1a: Great Tusk
|-supereffective|p1a: Great Tusk
|-damage|p1a: Great Tusk|0 fnt
|faint|p1a: Great Tusk
|-end|p1a: Great Tusk|Protosynthesis|[silent]
|
|-damage|p2a: Zapdos|47/100 brn|[from] brn
|upkeep
|
|t:|1743837478
|switch|p1a: Dragapult|Dragapult, M|100/100
|turn|4
|
|t:|1743837492
|move|p1a: Dragapult|Draco Meteor|p2a: Zapdos
|-damage|p2a: Zapdos|0 fnt
|-unboost|p1a: Dragapult|spa|2
|faint|p2a: Zapdos
|
|upkeep
|inactive|nyalicethotep has 120 seconds left.
|
|t:|1743837517
|switch|p2a: Kingambit|Kingambit, M|100/100
|-activate|p2a: Kingambit|ability: Supreme Overlord
|-start|p2a: Kingambit|fallen1|[silent]
|turn|5
|
|t:|1743837524
|switch|p1a: Tinkaton|Tinkaton, F|100/100
|-ability|p1a: Tinkaton|Mold Breaker
|-end|p2a: Kingambit|fallen1|[silent]
|switch|p2a: Ogerpon|Ogerpon-Wellspring, F|100/100
|
|upkeep
|turn|6
|
|t:|1743837535
|move|p2a: Ogerpon|U-turn|p1a: Tinkaton
|-resisted|p1a: Tinkaton
|-damage|p1a: Tinkaton|92/100
|
|t:|1743837539
|switch|p2a: Great Tusk|Great Tusk, shiny|100/100|[from] U-turn
|move|p1a: Tinkaton|Thunder Wave|p2a: Great Tusk
|-immune|p2a: Great Tusk
|
|upkeep
|turn|7
|
|t:|1743837546
|move|p1a: Tinkaton|Stealth Rock|p2a: Great Tusk
|-sidestart|p2: nyalicethotep|move: Stealth Rock
|move|p2a: Great Tusk|Stealth Rock|p1a: Tinkaton
|-sidestart|p1: skilled gamblers|move: Stealth Rock
|
|upkeep
|turn|8
|
|t:|1743837554
|move|p1a: Tinkaton|Encore|p2a: Great Tusk
|-start|p2a: Great Tusk|Encore
|move|p2a: Great Tusk|Stealth Rock||[still]
|-fail|p2a: Great Tusk
|
|upkeep
|turn|9
|
|t:|1743837563
|-end|p2a: Great Tusk|Protosynthesis|[silent]
|switch|p2a: Slowking|Slowking-Galar, F|100/100
|move|p1a: Tinkaton|Thunder Wave|p2a: Slowking
|-status|p2a: Slowking|par
|
|upkeep
|turn|10
|
|t:|1743837569
|move|p1a: Tinkaton|Gigaton Hammer|p2a: Slowking
|-damage|p2a: Slowking|43/100 par
|-prepare|p2a: Slowking|Chilly Reception|[premajor]
|move|p2a: Slowking|Chilly Reception|p2a: Slowking
|-weather|Snowscape
|
|t:|1743837573
|switch|p2a: Great Tusk|Great Tusk, shiny|100/100|[from] Chilly Reception
|
|-weather|Snowscape|[upkeep]
|upkeep
|turn|11
|
|t:|1743837589
|switch|p1a: Moltres|Moltres|56/100
|move|p2a: Great Tusk|Rapid Spin|p1a: Moltres
|-damage|p1a: Moltres|42/100
|-boost|p2a: Great Tusk|spe|1
|-status|p2a: Great Tusk|brn|[from] ability: Flame Body|[of] p1a: Moltres
|-sideend|p2: nyalicethotep|Stealth Rock|[from] move: Rapid Spin|[of] p2a: Great Tusk
|
|-weather|Snowscape|[upkeep]
|-damage|p2a: Great Tusk|94/100 brn|[from] brn
|upkeep
|turn|12
|
|t:|1743837597
|-end|p2a: Great Tusk|Protosynthesis|[silent]
|switch|p2a: Ogerpon|Ogerpon-Wellspring, F|100/100
|move|p1a: Moltres|Roost|p1a: Moltres
|-heal|p1a: Moltres|92/100
|-singleturn|p1a: Moltres|move: Roost
|
|-weather|Snowscape|[upkeep]
|upkeep
|turn|13
|inactive|skilled gamblers has 120 seconds left.
|inactive|skilled gamblers has 90 seconds left.
|
|t:|1743837657
|switch|p1a: Tinkaton|Tinkaton, F|92/100
|-damage|p1a: Tinkaton|86/100|[from] Stealth Rock
|-ability|p1a: Tinkaton|Mold Breaker
|move|p2a: Ogerpon|U-turn|p1a: Tinkaton
|-resisted|p1a: Tinkaton
|-damage|p1a: Tinkaton|77/100
|inactive|nyalicethotep has 120 seconds left.
|
|t:|1743837694
|switch|p2a: Great Tusk|Great Tusk, shiny|94/100 brn|[from] U-turn
|
|-weather|Snowscape|[upkeep]
|-damage|p2a: Great Tusk|88/100 brn|[from] brn
|upkeep
|turn|14
|inactive|skilled gamblers has 90 seconds left.
|
|t:|1743837710
|move|p1a: Tinkaton|Gigaton Hammer|p2a: Great Tusk
|-damage|p2a: Great Tusk|44/100 brn
|move|p2a: Great Tusk|Headlong Rush|p1a: Tinkaton
|-supereffective|p1a: Tinkaton
|-enditem|p1a: Tinkaton|Shuca Berry|[eat]
|-enditem|p1a: Tinkaton|Shuca Berry|[weaken]
|-damage|p1a: Tinkaton|36/100
|-unboost|p2a: Great Tusk|def|1
|-unboost|p2a: Great Tusk|spd|1
|
|-weather|none
|-damage|p2a: Great Tusk|38/100 brn|[from] brn
|upkeep
|turn|15
|inactive|nyalicethotep has 120 seconds left.
|inactive|skilled gamblers has 90 seconds left.
|
|t:|1743837734
|switch|p1a: Moltres|Moltres|92/100
|-end|p2a: Great Tusk|Protosynthesis|[silent]
|switch|p2a: Slowking|Slowking-Galar, F|76/100 par
|
|upkeep
|turn|16
|
|t:|1743837752
|move|p1a: Moltres|U-turn|p2a: Slowking
|-damage|p2a: Slowking|59/100 par
|inactive|skilled gamblers has 60 seconds left.
|
|t:|1743837776
|switch|p1a: Dragapult|Dragapult, M|100/100|[from] U-turn
|-damage|p1a: Dragapult|88/100|[from] Stealth Rock
|cant|p2a: Slowking|par
|
|upkeep
|turn|17
|inactive|skilled gamblers has 60 seconds left.
|
|t:|1743837799
|switch|p2a: Great Tusk|Great Tusk, shiny|38/100 brn
|move|p1a: Dragapult|Hex|p2a: Great Tusk
|-damage|p2a: Great Tusk|0 fnt
|faint|p2a: Great Tusk
|-end|p2a: Great Tusk|Protosynthesis|[silent]
|
|upkeep
|inactive|nyalicethotep has 120 seconds left.
|
|t:|1743837824
|switch|p2a: Kingambit|Kingambit, M|100/100
|-activate|p2a: Kingambit|ability: Supreme Overlord
|-start|p2a: Kingambit|fallen2|[silent]
|turn|18
|inactive|skilled gamblers has 60 seconds left.
|inactive|nyalicethotep has 120 seconds left.
|
|t:|1743837834
|switch|p1a: Moltres|Moltres|92/100
|move|p2a: Kingambit|Kowtow Cleave|p1a: Moltres
|-damage|p1a: Moltres|51/100
|
|upkeep
|turn|19
|
|t:|1743837840
|-end|p2a: Kingambit|fallen2|[silent]
|switch|p2a: Slowking|Slowking-Galar, F|93/100 par
|move|p1a: Moltres|Roost|p1a: Moltres
|-heal|p1a: Moltres|100/100
|-singleturn|p1a: Moltres|move: Roost
|
|upkeep
|turn|20
|
|t:|1743837846
|move|p1a: Moltres|U-turn|p2a: Slowking
|-damage|p2a: Slowking|76/100 par
|
|t:|1743837850
|switch|p1a: Dragapult|Dragapult, M|88/100|[from] U-turn
|-damage|p1a: Dragapult|76/100|[from] Stealth Rock
|move|p2a: Slowking|Psychic Noise|p1a: Dragapult
|-damage|p1a: Dragapult|37/100
|-start|p1a: Dragapult|move: Heal Block
|
|upkeep
|turn|21
|
|t:|1743837860
|switch|p2a: Kingambit|Kingambit, M|100/100
|-activate|p2a: Kingambit|ability: Supreme Overlord
|-start|p2a: Kingambit|fallen2|[silent]
|move|p1a: Dragapult|Hex|p2a: Kingambit
|-resisted|p2a: Kingambit
|-damage|p2a: Kingambit|79/100
|
|-heal|p2a: Kingambit|85/100|[from] item: Leftovers
|-end|p1a: Dragapult|move: Heal Block
|upkeep
|turn|22
|
|t:|1743837879
|switch|p1a: Moltres|Moltres|100/100
|-end|p2a: Kingambit|fallen2|[silent]
|switch|p2a: Ogerpon|Ogerpon-Wellspring, F|100/100
|
|upkeep
|turn|23
|
|t:|1743837887
|-terastallize|p2a: Ogerpon|Water
|detailschange|p2a: Ogerpon|Ogerpon-Wellspring-Tera, F, tera:Water
|-ability|p2a: Ogerpon|Embody Aspect (Wellspring)|boost
|-boost|p2a: Ogerpon|spd|1
|move|p2a: Ogerpon|Ivy Cudgel|p1a: Moltres|[anim] Ivy Cudgel Water
|-supereffective|p1a: Moltres
|-damage|p1a: Moltres|0 fnt
|faint|p1a: Moltres
|
|upkeep
|
|t:|1743837900
|switch|p1a: Ogerpon|Ogerpon-Wellspring, F|100/100
|-damage|p1a: Ogerpon|88/100|[from] Stealth Rock
|turn|24
|
|t:|1743837906
|switch|p2a: Slowking|Slowking-Galar, F|100/100 par
|move|p1a: Ogerpon|Horn Leech|p2a: Slowking
|-resisted|p2a: Slowking
|-damage|p2a: Slowking|77/100 par
|-heal|p1a: Ogerpon|100/100|[from] drain|[of] p2a: Slowking
|
|upkeep
|turn|25
|inactive|skilled gamblers has 90 seconds left.
|
|t:|1743837923
|move|p1a: Ogerpon|Knock Off|p2a: Slowking
|-supereffective|p2a: Slowking
|-damage|p2a: Slowking|0 fnt
|-enditem|p2a: Slowking|Heavy-Duty Boots|[from] move: Knock Off|[of] p1a: Ogerpon
|faint|p2a: Slowking
|
|upkeep
|
|t:|1743837935
|switch|p2a: Kingambit|Kingambit, M|85/100
|-activate|p2a: Kingambit|ability: Supreme Overlord
|-start|p2a: Kingambit|fallen3|[silent]
|turn|26
|inactive|skilled gamblers has 90 seconds left.
|
|t:|1743837961
|switch|p1a: Tinkaton|Tinkaton, F|36/100
|-damage|p1a: Tinkaton|29/100|[from] Stealth Rock
|-ability|p1a: Tinkaton|Mold Breaker
|move|p2a: Kingambit|Swords Dance|p2a: Kingambit
|-boost|p2a: Kingambit|atk|2
|
|-heal|p2a: Kingambit|91/100|[from] item: Leftovers
|upkeep
|turn|27
|
|t:|1743837964
|move|p1a: Tinkaton|Encore|p2a: Kingambit
|-start|p2a: Kingambit|Encore
|move|p2a: Kingambit|Swords Dance|p2a: Kingambit
|-boost|p2a: Kingambit|atk|2
|
|-heal|p2a: Kingambit|97/100|[from] item: Leftovers
|upkeep
|turn|28
|
|t:|1743837973
|move|p1a: Tinkaton|Thunder Wave|p2a: Kingambit
|-status|p2a: Kingambit|par
|move|p2a: Kingambit|Swords Dance|p2a: Kingambit
|-boost|p2a: Kingambit|atk|2
|
|-heal|p2a: Kingambit|100/100 par|[from] item: Leftovers
|upkeep
|turn|29
|inactive|skilled gamblers has 90 seconds left.
|
|t:|1743837981
|-end|p2a: Kingambit|fallen3|[silent]
|switch|p2a: Ogerpon|Ogerpon-Wellspring-Tera, F, tera:Water|100/100
|-ability|p2a: Ogerpon|Embody Aspect (Wellspring)|boost
|-boost|p2a: Ogerpon|spd|1
|move|p1a: Tinkaton|Stealth Rock|p2a: Ogerpon
|-sidestart|p2: nyalicethotep|move: Stealth Rock
|
|upkeep
|turn|30
|
|t:|1743837990
|move|p2a: Ogerpon|Power Whip|p1a: Tinkaton
|-resisted|p1a: Tinkaton
|-damage|p1a: Tinkaton|0 fnt
|faint|p1a: Tinkaton
|
|upkeep
|inactive|skilled gamblers has 90 seconds left.
|
|t:|1743838012
|switch|p1a: Ogerpon|Ogerpon-Wellspring, F|100/100
|-damage|p1a: Ogerpon|88/100|[from] Stealth Rock
|turn|31
|
|t:|1743838019
|switch|p2a: Kingambit|Kingambit, M|100/100 par
|-damage|p2a: Kingambit|94/100 par|[from] Stealth Rock
|-activate|p2a: Kingambit|ability: Supreme Overlord
|-start|p2a: Kingambit|fallen3|[silent]
|move|p1a: Ogerpon|Horn Leech|p2a: Kingambit
|-resisted|p2a: Kingambit
|-damage|p2a: Kingambit|79/100 par
|-heal|p1a: Ogerpon|98/100|[from] drain|[of] p2a: Kingambit
|
|-heal|p2a: Kingambit|85/100 par|[from] item: Leftovers
|upkeep
|turn|32
|inactive|skilled gamblers has 90 seconds left.
|
|t:|1743838026
|move|p1a: Ogerpon|Swords Dance|p1a: Ogerpon
|-boost|p1a: Ogerpon|atk|2
|cant|p2a: Kingambit|par
|
|-heal|p2a: Kingambit|91/100 par|[from] item: Leftovers
|upkeep
|turn|33
|
|t:|1743838030
|move|p1a: Ogerpon|Ivy Cudgel|p2a: Kingambit|[anim] Ivy Cudgel Water
|-damage|p2a: Kingambit|10/100 par
|move|p2a: Kingambit|Kowtow Cleave|p1a: Ogerpon
|-damage|p1a: Ogerpon|7/100
|
|-heal|p2a: Kingambit|17/100 par|[from] item: Leftovers
|upkeep
|turn|34
|
|t:|1743838044
|move|p2a: Kingambit|Sucker Punch||[still]
|-fail|p2a: Kingambit
|move|p1a: Ogerpon|Swords Dance|p1a: Ogerpon
|-boost|p1a: Ogerpon|atk|2
|
|-heal|p2a: Kingambit|23/100 par|[from] item: Leftovers
|upkeep
|turn|35
|
|t:|1743838050
|move|p2a: Kingambit|Sucker Punch|p1a: Ogerpon
|-damage|p1a: Ogerpon|0 fnt
|faint|p1a: Ogerpon
|
|-heal|p2a: Kingambit|29/100 par|[from] item: Leftovers
|upkeep
|
|t:|1743838059
|switch|p1a: Gholdengo|Gholdengo|100/100
|-damage|p1a: Gholdengo|94/100|[from] Stealth Rock
|turn|36
|
|t:|1743838076
|-terastallize|p1a: Gholdengo|Fairy
|move|p2a: Kingambit|Sucker Punch|p1a: Gholdengo
|-resisted|p1a: Gholdengo
|-damage|p1a: Gholdengo|67/100
|move|p1a: Gholdengo|Dazzling Gleam|p2a: Kingambit
|-damage|p2a: Kingambit|0 fnt
|faint|p2a: Kingambit
|-end|p2a: Kingambit|fallen3|[silent]
|
|upkeep
|
|t:|1743838079
|switch|p2a: Ogerpon|Ogerpon-Wellspring-Tera, F, tera:Water|100/100
|-damage|p2a: Ogerpon|88/100|[from] Stealth Rock
|-ability|p2a: Ogerpon|Embody Aspect (Wellspring)|boost
|-boost|p2a: Ogerpon|spd|1
|turn|37
|
|t:|1743838083
|move|p2a: Ogerpon|Ivy Cudgel|p1a: Gholdengo|[anim] Ivy Cudgel Water
|-damage|p1a: Gholdengo|0 fnt
|faint|p1a: Gholdengo
|
|upkeep
|
|t:|1743838087
|switch|p1a: Dragapult|Dragapult, M|37/100
|-damage|p1a: Dragapult|25/100|[from] Stealth Rock
|turn|38
|c|☆nyalicethotep|gg
|
|t:|1743838091
|move|p1a: Dragapult|Draco Meteor|p2a: Ogerpon
|-damage|p2a: Ogerpon|16/100
|-unboost|p1a: Dragapult|spa|2
|move|p2a: Ogerpon|Knock Off|p1a: Dragapult
|-supereffective|p1a: Dragapult
|-damage|p1a: Dragapult|0 fnt
|-enditem|p1a: Dragapult|Choice Specs|[from] move: Knock Off|[of] p2a: Ogerpon
|faint|p1a: Dragapult
|
|win|nyalicethotep
|raw|skilled gamblers's rating: 1371 &rarr; <strong>1348</strong><br />(-23 for losing)
|raw|nyalicethotep's rating: 1324 &rarr; <strong>1347</strong><br />(+23 for winning)
