|j|☆shinygz
|j|☆000red000
|t:|1743828277
|gametype|singles
|player|p1|shinygz|pilot|1230
|player|p2|000red000|266|1191
|teamsize|p1|6
|teamsize|p2|6
|gen|9
|tier|[Gen 9] OU
|rated|
|rule|HP Percentage Mod: HP is shown in percentages
|rule|Endless Battle Clause: Forcing endless battles is banned
|rule|Species Clause: Limit one of each Pokémon
|rule|OHKO Clause: OHKO moves are banned
|rule|Evasion Items Clause: Evasion items are banned
|rule|Evasion Moves Clause: Evasion moves are banned
|rule|Sleep Moves Clause: Sleep-inducing moves are banned
|clearpoke
|poke|p1|Ribombee, F|
|poke|p1|Garchomp, M|
|poke|p1|Gholdengo|
|poke|p1|Weavile, F|
|poke|p1|Great Tusk|
|poke|p1|Latias, F|
|poke|p2|Honchkrow, M|
|poke|p2|Hatterene, F|
|poke|p2|Sinistcha-Masterpiece|
|poke|p2|Clodsire, M|
|poke|p2|Iron Thorns|
|poke|p2|Blastoise, M|
|teampreview
|inactive|Battle timer is ON: inactive players will automatically lose when time's up. (requested by shinygz)
|
|t:|1743828291
|start
|switch|p1a: Gholdengo|Gholdengo|100/100
|switch|p2a: Hatterene|Hatterene, F|100/100
|turn|1
|
|t:|1743828314
|move|p1a: Gholdengo|Make It Rain|p2a: Hatterene
|-supereffective|p2a: Hatterene
|-enditem|p2a: Hatterene|Focus Sash
|-damage|p2a: Hatterene|1/100
|-unboost|p1a: Gholdengo|spa|1
|move|p2a: Hatterene|Trick Room|p2a: Hatterene
|-fieldstart|move: Trick Room|[of] p2a: Hatterene
|
|upkeep
|turn|2
|
|t:|1743828330
|move|p2a: Hatterene|Mystical Fire|p1a: Gholdengo
|-supereffective|p1a: Gholdengo
|-damage|p1a: Gholdengo|26/100
|-unboost|p1a: Gholdengo|spa|1
|move|p1a: Gholdengo|Make It Rain|p2a: Hatterene
|-supereffective|p2a: Hatterene
|-damage|p2a: Hatterene|0 fnt
|-unboost|p1a: Gholdengo|spa|1
|faint|p2a: Hatterene
|
|upkeep
|
|t:|1743828334
|switch|p2a: Honchkrow|Honchkrow, M|100/100
|-enditem|p2a: Honchkrow|Room Service
|-unboost|p2a: Honchkrow|spe|1|[from] item: Room Service
|turn|3
|
|t:|1743828343
|switch|p1a: Ribombee|Ribombee, F|100/100
|move|p2a: Honchkrow|Night Slash|p1a: Ribombee
|-resisted|p1a: Ribombee
|-damage|p1a: Ribombee|60/100
|
|upkeep
|turn|4
|
|t:|1743828370
|switch|p1a: Garchomp|Garchomp, M|100/100
|move|p2a: Honchkrow|Acrobatics|p1a: Garchomp
|-damage|p1a: Garchomp|35/100
|-damage|p2a: Honchkrow|88/100|[from] ability: Rough Skin|[of] p1a: Garchomp
|
|upkeep
|turn|5
|inactive|shinygz has 120 seconds left.
|
|t:|1743828390
|move|p2a: Honchkrow|Acrobatics|p1a: Garchomp
|-damage|p1a: Garchomp|0 fnt
|-damage|p2a: Honchkrow|76/100|[from] ability: Rough Skin|[of] p1a: Garchomp
|faint|p1a: Garchomp
|-ability|p2a: Honchkrow|Moxie|boost
|-boost|p2a: Honchkrow|atk|1
|
|-fieldend|move: Trick Room
|upkeep
|
|t:|1743828393
|switch|p1a: Gholdengo|Gholdengo|26/100
|turn|6
|
|t:|1743828402
|move|p2a: Honchkrow|Sucker Punch||[still]
|-fail|p2a: Honchkrow
|move|p1a: Gholdengo|Trick|p2a: Honchkrow
|-activate|p1a: Gholdengo|move: Trick|[of] p2a: Honchkrow
|-item|p2a: Honchkrow|Choice Scarf|[from] move: Trick
|-enditem|p1a: Gholdengo|Choice Scarf|[silent]|[from] move: Trick
|
|upkeep
|turn|7
|
|t:|1743828408
|switch|p1a: Ribombee|Ribombee, F|60/100
|move|p2a: Honchkrow|Night Slash|p1a: Ribombee
|-resisted|p1a: Ribombee
|-damage|p1a: Ribombee|0 fnt
|faint|p1a: Ribombee
|-ability|p2a: Honchkrow|Moxie|boost
|-boost|p2a: Honchkrow|atk|1
|
|upkeep
|
|t:|1743828413
|switch|p1a: Weavile|Weavile, F|100/100
|-ability|p1a: Weavile|Pressure
|turn|8
|
|t:|1743828421
|switch|p2a: Blastoise|Blastoise, M|100/100
|move|p1a: Weavile|Icicle Crash|p2a: Blastoise
|-resisted|p2a: Blastoise
|-damage|p2a: Blastoise|80/100
|
|-heal|p2a: Blastoise|86/100|[from] item: Leftovers
|upkeep
|turn|9
|
|t:|1743828427
|move|p1a: Weavile|Swords Dance|p1a: Weavile
|-boost|p1a: Weavile|atk|2
|move|p2a: Blastoise|Liquidation|p1a: Weavile
|-damage|p1a: Weavile|39/100
|
|-heal|p2a: Blastoise|92/100|[from] item: Leftovers
|upkeep
|turn|10
|
|t:|1743828432
|move|p1a: Weavile|Knock Off|p2a: Blastoise
|-damage|p2a: Blastoise|6/100
|-enditem|p2a: Blastoise|Leftovers|[from] move: Knock Off|[of] p1a: Weavile
|move|p2a: Blastoise|Liquidation|p1a: Weavile
|-damage|p1a: Weavile|0 fnt
|faint|p1a: Weavile
|
|upkeep
|
|t:|1743828437
|switch|p1a: Latias|Latias, F|100/100
|turn|11
|
|t:|1743828439
|move|p1a: Latias|Calm Mind|p1a: Latias
|-boost|p1a: Latias|spa|1
|-boost|p1a: Latias|spd|1
|move|p2a: Blastoise|Crunch|p1a: Latias
|-supereffective|p1a: Latias
|-damage|p1a: Latias|63/100
|-enditem|p1a: Latias|Weakness Policy
|-boost|p1a: Latias|atk|2|[from] item: Weakness Policy
|-boost|p1a: Latias|spa|2|[from] item: Weakness Policy
|
|upkeep
|turn|12
|
|t:|1743828447
|move|p1a: Latias|Agility|p1a: Latias
|-boost|p1a: Latias|spe|2
|move|p2a: Blastoise|Crunch|p1a: Latias
|-supereffective|p1a: Latias
|-damage|p1a: Latias|27/100
|
|upkeep
|turn|13
|
|t:|1743828453
|move|p1a: Latias|Stored Power|p2a: Blastoise
|-damage|p2a: Blastoise|0 fnt
|faint|p2a: Blastoise
|
|upkeep
|
|t:|1743828457
|switch|p2a: Honchkrow|Honchkrow, M|76/100
|turn|14
|
|t:|1743828474
|move|p2a: Honchkrow|Sucker Punch|p1a: Latias
|-supereffective|p1a: Latias
|-damage|p1a: Latias|0 fnt
|faint|p1a: Latias
|-ability|p2a: Honchkrow|Moxie|boost
|-boost|p2a: Honchkrow|atk|1
|
|upkeep
|
|t:|1743828478
|switch|p1a: Great Tusk|Great Tusk|100/100
|turn|15
|
|t:|1743828485
|switch|p2a: Mudpie|Clodsire, M, shiny|100/100
|move|p1a: Great Tusk|Ice Spinner|p2a: Mudpie
|-supereffective|p2a: Mudpie
|-damage|p2a: Mudpie|34/100
|
|-heal|p2a: Mudpie|41/100|[from] item: Black Sludge
|upkeep
|turn|16
|
|t:|1743828489
|move|p1a: Great Tusk|Ice Spinner|p2a: Mudpie
|-supereffective|p2a: Mudpie
|-damage|p2a: Mudpie|0 fnt
|faint|p2a: Mudpie
|
|upkeep
|
|t:|1743828495
|switch|p2a: Matches|Sinistcha-Masterpiece, shiny|100/100
|turn|17
|
|t:|1743828498
|move|p1a: Great Tusk|Ice Spinner|p2a: Matches
|-supereffective|p2a: Matches
|-damage|p2a: Matches|61/100
|move|p2a: Matches|Strength Sap|p1a: Great Tusk
|-unboost|p1a: Great Tusk|atk|1
|-heal|p2a: Matches|100/100
|
|upkeep
|turn|18
|-message|shinygz forfeited.
|
|win|000red000
|raw|shinygz's rating: 1230 &rarr; <strong>1202</strong><br />(-28 for losing)
|raw|000red000's rating: 1191 &rarr; <strong>1219</strong><br />(+28 for winning)
|l|☆shinygz
|player|p1|
|l|☆000red000
|player|p2|
