|j|☆Ali.verra
|j|☆myree
|t:|1743873759
|gametype|singles
|player|p1|Ali.verra|dawn|1339
|player|p2|myree|266|1352
|teamsize|p1|6
|teamsize|p2|6
|gen|9
|tier|[Gen 9] OU
|rated|
|rule|HP Percentage Mod: HP is shown in percentages
|rule|Endless Battle Clause: Forcing endless battles is banned
|rule|Species Clause: Limit one of each Pokémon
|rule|OHKO Clause: OHKO moves are banned
|rule|Evasion Items Clause: Evasion items are banned
|rule|Evasion Moves Clause: Evasion moves are banned
|rule|Sleep Moves Clause: Sleep-inducing moves are banned
|clearpoke
|poke|p1|Avalugg, F|
|poke|p1|Slowking-Galar, M|
|poke|p1|Kyurem|
|poke|p1|Alomomola, M|
|poke|p1|Cryogonal|
|poke|p1|Kingambit, F|
|poke|p2|Ting-Lu|
|poke|p2|Tinkaton, F|
|poke|p2|Iron Treads|
|poke|p2|Ogerpon-Wellspring, F|
|poke|p2|Pecharunt|
|poke|p2|Iron Hands|
|teampreview
|c|☆Ali.verra|hf
|
|t:|1743873788
|start
|switch|p1a: Slowking|Slowking-Galar, M|100/100
|switch|p2a: Tinkaton|Tinkaton, F|100/100
|-item|p2a: Tinkaton|Air Balloon
|turn|1
|
|t:|1743873805
|move|p2a: Tinkaton|Stealth Rock|p1a: Slowking
|-sidestart|p1: Ali.verra|move: Stealth Rock
|move|p1a: Slowking|Thunder Wave|p2a: Tinkaton
|-status|p2a: Tinkaton|par
|
|upkeep
|turn|2
|
|t:|1743873812
|move|p2a: Tinkaton|Thunder Wave|p1a: Slowking
|-status|p1a: Slowking|par
|-prepare|p1a: Slowking|Chilly Reception|[premajor]
|move|p1a: Slowking|Chilly Reception|p1a: Slowking
|-weather|Snowscape
|
|t:|1743873842
|switch|p1a: Alomomola|Alomomola, M|100/100|[from] Chilly Reception
|
|-weather|Snowscape|[upkeep]
|upkeep
|turn|3
|inactive|Battle timer is ON: inactive players will automatically lose when time's up. (requested by myree)
|
|t:|1743873848
|switch|p2a: Ogerpon|Ogerpon-Wellspring, F|100/100
|move|p1a: Alomomola|Flip Turn|p2a: Ogerpon
|-immune|p2a: Ogerpon|[from] ability: Water Absorb
|
|-weather|Snowscape|[upkeep]
|upkeep
|turn|4
|
|t:|1743873857
|switch|p1a: Avalugg|Avalugg, F, shiny|100/100
|move|p2a: Ogerpon|Knock Off|p1a: Avalugg
|-damage|p1a: Avalugg|91/100
|-enditem|p1a: Avalugg|Heavy-Duty Boots|[from] move: Knock Off|[of] p2a: Ogerpon
|
|-weather|Snowscape|[upkeep]
|-heal|p1a: Avalugg|97/100|[from] ability: Ice Body
|upkeep
|turn|5
|j| Casper427
|
|t:|1743873868
|switch|p2a: Pecharunt|Pecharunt|100/100
|move|p1a: Avalugg|Ice Spinner|p2a: Pecharunt
|-damage|p2a: Pecharunt|85/100
|-damage|p1a: Avalugg|80/100|[from] item: Rocky Helmet|[of] p2a: Pecharunt
|
|-weather|Snowscape|[upkeep]
|-heal|p1a: Avalugg|86/100|[from] ability: Ice Body
|upkeep
|turn|6
|
|t:|1743873876
|switch|p1a: Kingambit|Kingambit, F, shiny|100/100
|-damage|p1a: Kingambit|94/100|[from] Stealth Rock
|move|p2a: Pecharunt|Night Shade|p1a: Kingambit
|-damage|p1a: Kingambit|65/100
|
|-weather|Snowscape|[upkeep]
|upkeep
|turn|7
|
|t:|1743873883
|switch|p2a: Iron Hands|Iron Hands|100/100
|move|p1a: Kingambit|Swords Dance|p1a: Kingambit
|-boost|p1a: Kingambit|atk|2
|
|-weather|Snowscape|[upkeep]
|upkeep
|turn|8
|l| Casper427
|
|t:|1743873890
|-end|p1a: Kingambit|fallenundefined|[silent]
|switch|p1a: Slowking|Slowking-Galar, M|100/100 par
|-damage|p1a: Slowking|88/100 par|[from] Stealth Rock
|move|p2a: Iron Hands|Drain Punch|p1a: Slowking
|-resisted|p1a: Slowking
|-damage|p1a: Slowking|77/100 par
|
|-weather|Snowscape|[upkeep]
|upkeep
|turn|9
|
|t:|1743873901
|move|p2a: Iron Hands|Swords Dance|p2a: Iron Hands
|-boost|p2a: Iron Hands|atk|2
|-prepare|p1a: Slowking|Chilly Reception|[premajor]
|move|p1a: Slowking|Chilly Reception|p1a: Slowking
|
|t:|1743873910
|switch|p1a: Avalugg|Avalugg, F, shiny|86/100|[from] Chilly Reception
|-damage|p1a: Avalugg|61/100|[from] Stealth Rock
|
|-weather|none
|upkeep
|turn|10
|
|t:|1743873931
|-end|p2a: Iron Hands|Quark Drive|[silent]
|switch|p2a: Pecharunt|Pecharunt|85/100
|-terastallize|p1a: Avalugg|Fighting
|move|p1a: Avalugg|Body Press|p2a: Pecharunt
|-immune|p2a: Pecharunt
|
|upkeep
|turn|11
|
|t:|1743873940
|switch|p1a: Slowking|Slowking-Galar, M|100/100 par
|-damage|p1a: Slowking|88/100 par|[from] Stealth Rock
|move|p2a: Pecharunt|Night Shade|p1a: Slowking
|-damage|p1a: Slowking|63/100 par
|
|upkeep
|turn|12
|
|t:|1743873945
|switch|p2a: Ting-Lu|Ting-Lu|100/100
|-ability|p2a: Ting-Lu|Vessel of Ruin
|-prepare|p1a: Slowking|Chilly Reception|[premajor]
|move|p1a: Slowking|Chilly Reception|p1a: Slowking
|-weather|Snowscape
|
|t:|1743873949
|switch|p1a: Kyurem|Kyurem|100/100|[from] Chilly Reception
|-damage|p1a: Kyurem|76/100|[from] Stealth Rock
|-ability|p1a: Kyurem|Pressure
|
|-weather|Snowscape|[upkeep]
|upkeep
|turn|13
|
|t:|1743873958
|move|p1a: Kyurem|Blizzard|p2a: Ting-Lu
|-supereffective|p2a: Ting-Lu
|-damage|p2a: Ting-Lu|25/100
|-status|p2a: Ting-Lu|frz
|-curestatus|p2a: Ting-Lu|frz|[msg]
|move|p2a: Ting-Lu|Whirlwind|p1a: Kyurem
|drag|p1a: Cryogonal|Cryogonal|100/100
|
|-weather|Snowscape|[upkeep]
|-heal|p2a: Ting-Lu|31/100|[from] item: Leftovers
|upkeep
|turn|14
|
|t:|1743873966
|switch|p2a: Tinkaton|Tinkaton, F|100/100 par
|-item|p2a: Tinkaton|Air Balloon
|move|p1a: Cryogonal|Freeze-Dry|p2a: Tinkaton
|-resisted|p2a: Tinkaton
|-damage|p2a: Tinkaton|89/100 par
|-enditem|p2a: Tinkaton|Air Balloon
|
|-weather|Snowscape|[upkeep]
|upkeep
|turn|15
|
|t:|1743873973
|move|p1a: Cryogonal|Aurora Veil|p1a: Cryogonal
|-sidestart|p1: Ali.verra|move: Aurora Veil
|move|p2a: Tinkaton|Gigaton Hammer|p1a: Cryogonal
|-supereffective|p1a: Cryogonal
|-damage|p1a: Cryogonal|48/100
|
|-weather|Snowscape|[upkeep]
|upkeep
|turn|16
|
|t:|1743873981
|switch|p1a: Kyurem|Kyurem|76/100
|-damage|p1a: Kyurem|51/100|[from] Stealth Rock
|-ability|p1a: Kyurem|Pressure
|move|p2a: Tinkaton|Thunder Wave|p1a: Kyurem
|-status|p1a: Kyurem|par
|
|-weather|Snowscape|[upkeep]
|upkeep
|turn|17
|-message|Ali.verra forfeited.
|
|win|myree
|raw|Ali.verra's rating: 1339 &rarr; <strong>1320</strong><br />(-19 for losing)
|raw|myree's rating: 1352 &rarr; <strong>1371</strong><br />(+19 for winning)
|l|☆Ali.verra
|player|p1|
|l|☆myree
|player|p2|
