|j|☆a jellyfish
|j|☆chip witley
|t:|1743878415
|gametype|singles
|player|p1|a jellyfish|yellow|1778
|player|p2|chip witley|lance|1651
|teamsize|p1|6
|teamsize|p2|6
|gen|9
|tier|[Gen 9] OU
|rated|
|rule|HP Percentage Mod: HP is shown in percentages
|rule|Endless Battle Clause: Forcing endless battles is banned
|rule|Species Clause: Limit one of each Pokémon
|rule|OHKO Clause: OHKO moves are banned
|rule|Evasion Items Clause: Evasion items are banned
|rule|Evasion Moves Clause: Evasion moves are banned
|rule|Sleep Moves Clause: Sleep-inducing moves are banned
|clearpoke
|poke|p1|Ting-Lu|
|poke|p1|Hatterene, F|
|poke|p1|Kingambit, F|
|poke|p1|Pecharunt|
|poke|p1|Ogerpon-Wellspring, F|
|poke|p1|Raging Bolt|
|poke|p2|Feraligatr, F|
|poke|p2|Serperior, M|
|poke|p2|Blaziken, M|
|poke|p2|Ribombee, F|
|poke|p2|Gholdengo|
|poke|p2|Haxorus, M|
|teampreview
|inactive|Battle timer is ON: inactive players will automatically lose when time's up. (requested by a jellyfish)
|
|t:|1743878428
|start
|switch|p1a: Ogerpon|Ogerpon-Wellspring, F|100/100
|switch|p2a: Ribombee|Ribombee, F|100/100
|turn|1
|
|t:|1743878431
|move|p2a: Ribombee|Skill Swap|p1a: Ogerpon
|-activate|p2a: Ribombee|move: Skill Swap|Water Absorb|Shield Dust|[of] p1a: Ogerpon
|move|p1a: Ogerpon|Ivy Cudgel|p2a: Ribombee|[anim] Ivy Cudgel Water
|-immune|p2a: Ribombee|[from] ability: Water Absorb
|
|upkeep
|turn|2
|
|t:|1743878439
|move|p2a: Ribombee|Skill Swap|p1a: Ogerpon
|-activate|p2a: Ribombee|move: Skill Swap|Shield Dust|Water Absorb|[of] p1a: Ogerpon
|move|p1a: Ogerpon|U-turn|p2a: Ribombee
|-resisted|p2a: Ribombee
|-damage|p2a: Ribombee|72/100
|
|t:|1743878442
|switch|p1a: Raging Bolt|Raging Bolt|100/100|[from] U-turn
|
|upkeep
|turn|3
|
|t:|1743878445
|-end|p1a: Raging Bolt|Protosynthesis|[silent]
|switch|p1a: Hatterene|Hatterene, F|100/100
|move|p2a: Ribombee|Skill Swap|p1a: Hatterene
|-activate|p2a: Ribombee|move: Skill Swap|Magic Bounce|Shield Dust|[of] p1a: Hatterene
|
|upkeep
|turn|4
|
|t:|1743878454
|move|p2a: Ribombee|Sticky Web|p1a: Hatterene
|-sidestart|p1: a jellyfish|move: Sticky Web
|move|p1a: Hatterene|Draining Kiss|p2a: Ribombee
|-damage|p2a: Ribombee|31/100
|
|upkeep
|turn|5
|
|t:|1743878459
|move|p2a: Ribombee|Moonblast|p1a: Hatterene
|-damage|p1a: Hatterene|55/100
|move|p1a: Hatterene|Draining Kiss|p2a: Ribombee
|-damage|p2a: Ribombee|0 fnt
|-heal|p1a: Hatterene|74/100|[from] drain|[of] p2a: Ribombee
|faint|p2a: Ribombee
|
|-heal|p1a: Hatterene|80/100|[from] item: Leftovers
|upkeep
|
|t:|1743878464
|switch|p2a: Gholdengo|Gholdengo|100/100
|-item|p2a: Gholdengo|Air Balloon
|turn|6
|
|t:|1743878472
|switch|p1a: Ting-Lu|Ting-Lu|100/100
|-activate|p1a: Ting-Lu|move: Sticky Web
|-unboost|p1a: Ting-Lu|spe|1
|-ability|p1a: Ting-Lu|Vessel of Ruin
|move|p2a: Gholdengo|Nasty Plot|p2a: Gholdengo
|-boost|p2a: Gholdengo|spa|2
|
|upkeep
|turn|7
|
|t:|1743878476
|move|p2a: Gholdengo|Nasty Plot|p2a: Gholdengo
|-boost|p2a: Gholdengo|spa|2
|move|p1a: Ting-Lu|Ruination|p2a: Gholdengo
|-damage|p2a: Gholdengo|51/100
|-enditem|p2a: Gholdengo|Air Balloon
|
|upkeep
|turn|8
|
|t:|1743878483
|move|p2a: Gholdengo|Focus Blast|p1a: Ting-Lu|[miss]
|-miss|p2a: Gholdengo|p1a: Ting-Lu
|move|p1a: Ting-Lu|Earthquake|p2a: Gholdengo
|-supereffective|p2a: Gholdengo
|-damage|p2a: Gholdengo|0 fnt
|faint|p2a: Gholdengo
|
|upkeep
|
|t:|1743878487
|switch|p2a: Feraligatr|Feraligatr, F|100/100
|turn|9
|
|t:|1743878497
|move|p2a: Feraligatr|Swords Dance|p2a: Feraligatr
|-boost|p2a: Feraligatr|atk|2
|move|p1a: Ting-Lu|Ruination|p2a: Feraligatr
|-damage|p2a: Feraligatr|51/100
|
|upkeep
|turn|10
|
|t:|1743878502
|move|p2a: Feraligatr|Liquidation|p1a: Ting-Lu
|-supereffective|p1a: Ting-Lu
|-damage|p1a: Ting-Lu|0 fnt
|-damage|p2a: Feraligatr|34/100|[from] item: Rocky Helmet|[of] p1a: Ting-Lu
|faint|p1a: Ting-Lu
|
|upkeep
|inactive|a jellyfish has 120 seconds left.
|
|t:|1743878546
|switch|p1a: Kingambit|Kingambit, F|100/100
|-activate|p1a: Kingambit|move: Sticky Web
|-unboost|p1a: Kingambit|spe|1
|-activate|p1a: Kingambit|ability: Supreme Overlord
|-start|p1a: Kingambit|fallen1|[silent]
|turn|11
|
|t:|1743878563
|switch|p2a: Blaziken|Blaziken, M|100/100
|move|p1a: Kingambit|Sucker Punch||[still]
|-fail|p1a: Kingambit
|
|upkeep
|turn|12
|j| dilf huntr
|inactive|a jellyfish has 120 seconds left.
|inactive|a jellyfish has 90 seconds left.
|
|t:|1743878613
|-end|p1a: Kingambit|fallen1|[silent]
|switch|p1a: Pecharunt|Pecharunt|100/100
|-activate|p1a: Pecharunt|move: Sticky Web
|-unboost|p1a: Pecharunt|spe|1
|move|p2a: Blaziken|Swords Dance|p2a: Blaziken
|-boost|p2a: Blaziken|atk|2
|
|-ability|p2a: Blaziken|Speed Boost|boost
|-boost|p2a: Blaziken|spe|1
|upkeep
|turn|13
|
|t:|1743878643
|move|p2a: Blaziken|Flare Blitz|p1a: Pecharunt
|-damage|p1a: Pecharunt|0 fnt
|faint|p1a: Pecharunt
|-damage|p2a: Blaziken|59/100|[from] Recoil
|-damage|p2a: Blaziken|49/100|[from] item: Life Orb
|
|-ability|p2a: Blaziken|Speed Boost|boost
|-boost|p2a: Blaziken|spe|1
|upkeep
|inactive|a jellyfish has 90 seconds left.
|
|t:|1743878654
|switch|p1a: Kingambit|Kingambit, F|100/100
|-activate|p1a: Kingambit|move: Sticky Web
|-unboost|p1a: Kingambit|spe|1
|-activate|p1a: Kingambit|ability: Supreme Overlord
|-start|p1a: Kingambit|fallen2|[silent]
|turn|14
|
|t:|1743878659
|-terastallize|p1a: Kingambit|Dark
|move|p2a: Blaziken|Upper Hand|p1a: Kingambit
|-supereffective|p1a: Kingambit
|-damage|p1a: Kingambit|0 fnt
|faint|p1a: Kingambit
|-end|p1a: Kingambit|fallen2|[silent]
|-damage|p2a: Blaziken|39/100|[from] item: Life Orb
|
|-ability|p2a: Blaziken|Speed Boost|boost
|-boost|p2a: Blaziken|spe|1
|upkeep
|
|t:|1743878664
|switch|p1a: Raging Bolt|Raging Bolt|100/100
|-activate|p1a: Raging Bolt|move: Sticky Web
|-unboost|p1a: Raging Bolt|spe|1
|turn|15
|
|t:|1743878667
|move|p2a: Blaziken|Upper Hand||[still]
|-fail|p2a: Blaziken
|move|p1a: Raging Bolt|Volt Switch|p2a: Blaziken
|-damage|p2a: Blaziken|0 fnt
|faint|p2a: Blaziken
|
|t:|1743878670
|-end|p1a: Raging Bolt|Protosynthesis|[silent]
|switch|p1a: Hatterene|Hatterene, F|80/100|[from] Volt Switch
|-activate|p1a: Hatterene|move: Sticky Web
|-unboost|p1a: Hatterene|spe|1
|
|-heal|p1a: Hatterene|86/100|[from] item: Leftovers
|upkeep
|
|t:|1743878677
|switch|p2a: Feraligatr|Feraligatr, F|34/100
|turn|16
|
|t:|1743878686
|switch|p1a: Ogerpon|Ogerpon-Wellspring, F|100/100
|-activate|p1a: Ogerpon|move: Sticky Web
|-unboost|p1a: Ogerpon|spe|1
|move|p2a: Feraligatr|Liquidation|p1a: Ogerpon
|-immune|p1a: Ogerpon|[from] ability: Water Absorb
|
|upkeep
|turn|17
|
|t:|1743878697
|move|p2a: Feraligatr|Crunch|p1a: Ogerpon
|-damage|p1a: Ogerpon|41/100
|move|p1a: Ogerpon|Horn Leech|p2a: Feraligatr
|-supereffective|p2a: Feraligatr
|-damage|p2a: Feraligatr|0 fnt
|-heal|p1a: Ogerpon|59/100|[from] drain|[of] p2a: Feraligatr
|faint|p2a: Feraligatr
|
|upkeep
|
|t:|1743878707
|switch|p2a: Haxorus|Haxorus, M|100/100
|-ability|p2a: Haxorus|Mold Breaker
|turn|18
|
|t:|1743878711
|move|p2a: Haxorus|Swords Dance|p2a: Haxorus
|-boost|p2a: Haxorus|atk|2
|move|p1a: Ogerpon|Knock Off|p2a: Haxorus
|-damage|p2a: Haxorus|51/100
|-enditem|p2a: Haxorus|Loaded Dice|[from] move: Knock Off|[of] p1a: Ogerpon
|
|upkeep
|turn|19
|
|t:|1743878719
|move|p2a: Haxorus|Scale Shot|p1a: Ogerpon
|-damage|p1a: Ogerpon|23/100
|-damage|p1a: Ogerpon|0 fnt
|faint|p1a: Ogerpon
|-hitcount|p1: Ogerpon|2
|-unboost|p2a: Haxorus|def|1
|-boost|p2a: Haxorus|spe|1
|
|upkeep
|
|t:|1743878731
|switch|p1a: Raging Bolt|Raging Bolt|100/100
|-activate|p1a: Raging Bolt|move: Sticky Web
|-unboost|p1a: Raging Bolt|spe|1
|turn|20
|
|t:|1743878734
|move|p1a: Raging Bolt|Thunderclap|p2a: Haxorus
|-resisted|p2a: Haxorus
|-damage|p2a: Haxorus|6/100
|move|p2a: Haxorus|Scale Shot|p1a: Raging Bolt|[miss]
|-miss|p2a: Haxorus|p1a: Raging Bolt
|
|upkeep
|turn|21
|
|t:|1743878739
|move|p1a: Raging Bolt|Thunderclap|p2a: Haxorus
|-resisted|p2a: Haxorus
|-damage|p2a: Haxorus|0 fnt
|faint|p2a: Haxorus
|
|upkeep
|
|t:|1743878740
|switch|p2a: Serperior|Serperior, M|100/100
|turn|22
|
|t:|1743878746
|-end|p1a: Raging Bolt|Protosynthesis|[silent]
|switch|p1a: Hatterene|Hatterene, F|86/100
|-activate|p1a: Hatterene|move: Sticky Web
|-unboost|p1a: Hatterene|spe|1
|move|p2a: Serperior|Leaf Storm|p1a: Hatterene
|-damage|p1a: Hatterene|33/100
|-boost|p2a: Serperior|spa|2
|
|-heal|p1a: Hatterene|39/100|[from] item: Leftovers
|upkeep
|turn|23
|
|t:|1743878749
|move|p2a: Serperior|Leaf Storm|p1a: Hatterene
|-damage|p1a: Hatterene|0 fnt
|-boost|p2a: Serperior|spa|2
|faint|p1a: Hatterene
|
|upkeep
|
|t:|1743878751
|switch|p1a: Raging Bolt|Raging Bolt|100/100
|-activate|p1a: Raging Bolt|move: Sticky Web
|-unboost|p1a: Raging Bolt|spe|1
|turn|24
|
|t:|1743878753
|move|p2a: Serperior|Dragon Pulse|p1a: Raging Bolt
|-supereffective|p1a: Raging Bolt
|-damage|p1a: Raging Bolt|0 fnt
|faint|p1a: Raging Bolt
|-end|p1a: Raging Bolt|Protosynthesis|[silent]
|
|win|chip witley
|raw|a jellyfish's rating: 1778 &rarr; <strong>1751</strong><br />(-27 for losing)
|raw|chip witley's rating: 1651 &rarr; <strong>1678</strong><br />(+27 for winning)
|l|☆a jellyfish
|player|p1|
|l| dilf huntr
