|badge|p1|bronze|gen9ou|100-5
|uhtml|medal-msg|<div class="broadcast-blue">Curious what those medals under the avatar are? PS now has Ladder Seasons! For more information, check out the <a href="https://www.smogon.com/forums/threads/3740067/">thread on Smogon.</a></div>
|j|☆mr.diversity
|j|☆Jebus1989_
|t:|1743876409
|gametype|singles
|player|p1|mr.diversity|bruno|1818
|player|p2|Jebus1989_|ethan|1683
|teamsize|p1|6
|teamsize|p2|6
|gen|9
|tier|[Gen 9] OU
|rated|
|rule|HP Percentage Mod: HP is shown in percentages
|rule|Endless Battle Clause: Forcing endless battles is banned
|rule|Species Clause: Limit one of each Pokémon
|rule|OHKO Clause: OHKO moves are banned
|rule|Evasion Items Clause: Evasion items are banned
|rule|Evasion Moves Clause: Evasion moves are banned
|rule|Sleep Moves Clause: Sleep-inducing moves are banned
|clearpoke
|poke|p1|Landorus-Therian, M|
|poke|p1|Cinderace, M|
|poke|p1|Great Tusk|
|poke|p1|Heatran, F|
|poke|p1|Clodsire, M|
|poke|p1|Armarouge, F|
|poke|p2|Hawlucha, M|
|poke|p2|Weezing-Galar, F|
|poke|p2|Kingambit, F|
|poke|p2|Frosmoth, F|
|poke|p2|Vaporeon, F|
|poke|p2|Great Tusk|
|teampreview
|inactive|Battle timer is ON: inactive players will automatically lose when time's up. (requested by mr.diversity)
|
|t:|1743876416
|start
|switch|p1a: Cinderace|Cinderace, M|100/100
|switch|p2a: Frosmoth|Frosmoth, F|100/100
|turn|1
|
|t:|1743876419
|switch|p2a: Weezing|Weezing-Galar, F, shiny|100/100
|-fieldstart|move: Misty Terrain|[from] ability: Misty Surge|[of] p2a: Weezing
|move|p1a: Cinderace|Pyro Ball|p2a: Weezing|[miss]
|-miss|p1a: Cinderace|p2a: Weezing
|
|upkeep
|turn|2
|
|t:|1743876422
|switch|p2a: Great Tusk|Great Tusk|100/100
|move|p1a: Cinderace|Pyro Ball|p2a: Great Tusk
|-damage|p2a: Great Tusk|59/100
|
|upkeep
|turn|3
|
|t:|1743876428
|switch|p1a: Great Tusk|Great Tusk|100/100
|-enditem|p1a: Great Tusk|Booster Energy
|-activate|p1a: Great Tusk|ability: Protosynthesis|[fromitem]
|-start|p1a: Great Tusk|protosynthesisatk
|move|p2a: Great Tusk|Stealth Rock|p1a: Great Tusk
|-sidestart|p1: mr.diversity|move: Stealth Rock
|
|upkeep
|turn|4
|
|t:|1743876431
|-end|p2a: Great Tusk|Protosynthesis|[silent]
|switch|p2a: Vaporeon|Vaporeon, F|100/100
|move|p1a: Great Tusk|Rapid Spin|p2a: Vaporeon
|-damage|p2a: Vaporeon|82/100
|-boost|p1a: Great Tusk|spe|1
|-sideend|p1: mr.diversity|Stealth Rock|[from] move: Rapid Spin|[of] p1a: Great Tusk
|
|-heal|p2a: Vaporeon|88/100|[from] item: Leftovers
|upkeep
|turn|5
|
|t:|1743876434
|-end|p1a: Great Tusk|Protosynthesis|[silent]
|switch|p1a: Armarouge|Armarouge, F|100/100
|move|p2a: Vaporeon|Scald|p1a: Armarouge
|-supereffective|p1a: Armarouge
|-damage|p1a: Armarouge|18/100
|-enditem|p1a: Armarouge|Weakness Policy
|-boost|p1a: Armarouge|atk|2|[from] item: Weakness Policy
|-boost|p1a: Armarouge|spa|2|[from] item: Weakness Policy
|
|-heal|p2a: Vaporeon|95/100|[from] item: Leftovers
|upkeep
|turn|6
|
|t:|1743876444
|move|p1a: Armarouge|Stored Power|p2a: Vaporeon
|-damage|p2a: Vaporeon|22/100
|move|p2a: Vaporeon|Scald|p1a: Armarouge
|-supereffective|p1a: Armarouge
|-damage|p1a: Armarouge|0 fnt
|faint|p1a: Armarouge
|
|-heal|p2a: Vaporeon|28/100|[from] item: Leftovers
|upkeep
|
|t:|1743876451
|switch|p1a: Landorus|Landorus-Therian, M|100/100
|-ability|p1a: Landorus|Intimidate|boost
|-unboost|p2a: Vaporeon|atk|1
|turn|7
|
|t:|1743876455
|switch|p2a: Frosmoth|Frosmoth, F|100/100
|-terastallize|p1a: Landorus|Flying
|move|p1a: Landorus|Tera Blast|p2a: Frosmoth|[anim] Tera Blast Flying
|-supereffective|p2a: Frosmoth
|-damage|p2a: Frosmoth|0 fnt
|faint|p2a: Frosmoth
|
|upkeep
|
|t:|1743876465
|switch|p2a: Kingambit|Kingambit, F|100/100
|-activate|p2a: Kingambit|ability: Supreme Overlord
|-start|p2a: Kingambit|fallen1|[silent]
|turn|8
|
|t:|1743876468
|switch|p1a: Great Tusk|Great Tusk|100/100
|move|p2a: Kingambit|Swords Dance|p2a: Kingambit
|-boost|p2a: Kingambit|atk|2
|
|-fieldend|Misty Terrain
|upkeep
|turn|9
|
|t:|1743876482
|-end|p2a: Kingambit|fallen1|[silent]
|switch|p2a: Great Tusk|Great Tusk|59/100
|move|p1a: Great Tusk|Close Combat|p2a: Great Tusk
|-damage|p2a: Great Tusk|28/100
|-unboost|p1a: Great Tusk|def|1
|-unboost|p1a: Great Tusk|spd|1
|-damage|p1a: Great Tusk|84/100|[from] item: Rocky Helmet|[of] p2a: Great Tusk
|
|upkeep
|turn|10
|
|t:|1743876498
|move|p1a: Great Tusk|Close Combat|p2a: Great Tusk
|-damage|p2a: Great Tusk|0 fnt
|-unboost|p1a: Great Tusk|def|1
|-unboost|p1a: Great Tusk|spd|1
|-damage|p1a: Great Tusk|68/100|[from] item: Rocky Helmet|[of] p2a: Great Tusk
|faint|p2a: Great Tusk
|-end|p2a: Great Tusk|Protosynthesis|[silent]
|
|upkeep
|
|t:|1743876502
|switch|p2a: Weezing|Weezing-Galar, F, shiny|100/100
|-fieldstart|move: Misty Terrain|[from] ability: Misty Surge|[of] p2a: Weezing
|turn|11
|
|t:|1743876511
|-end|p1a: Great Tusk|Protosynthesis|[silent]
|switch|p1a: Heatran|Heatran, F|100/100
|switch|p2a: Vaporeon|Vaporeon, F|28/100
|
|-heal|p2a: Vaporeon|35/100|[from] item: Leftovers
|upkeep
|turn|12
|
|t:|1743876514
|move|p1a: Heatran|Dragon Pulse|p2a: Vaporeon
|-damage|p2a: Vaporeon|17/100
|move|p2a: Vaporeon|Scald|p1a: Heatran
|-supereffective|p1a: Heatran
|-damage|p1a: Heatran|47/100
|
|-heal|p2a: Vaporeon|24/100|[from] item: Leftovers
|upkeep
|turn|13
|j| alyras
|
|t:|1743876518
|move|p1a: Heatran|Dragon Pulse|p2a: Vaporeon
|-damage|p2a: Vaporeon|7/100
|move|p2a: Vaporeon|Scald|p1a: Heatran
|-supereffective|p1a: Heatran
|-damage|p1a: Heatran|0 fnt
|faint|p1a: Heatran
|
|-heal|p2a: Vaporeon|13/100|[from] item: Leftovers
|upkeep
|
|t:|1743876521
|switch|p1a: Landorus|Landorus-Therian, M, tera:Flying|100/100
|-ability|p1a: Landorus|Intimidate|boost
|-unboost|p2a: Vaporeon|atk|1
|turn|14
|
|t:|1743876526
|move|p2a: Vaporeon|Protect|p2a: Vaporeon
|-singleturn|p2a: Vaporeon|Protect
|move|p1a: Landorus|Tera Blast|p2a: Vaporeon|[anim] Tera Blast Flying
|-activate|p2a: Vaporeon|move: Protect
|
|-heal|p2a: Vaporeon|20/100|[from] item: Leftovers
|upkeep
|turn|15
|
|t:|1743876532
|move|p1a: Landorus|Tera Blast|p2a: Vaporeon|[anim] Tera Blast Flying
|-damage|p2a: Vaporeon|0 fnt
|faint|p2a: Vaporeon
|
|upkeep
|
|t:|1743876534
|switch|p2a: Kingambit|Kingambit, F|100/100
|-activate|p2a: Kingambit|ability: Supreme Overlord
|-start|p2a: Kingambit|fallen3|[silent]
|turn|16
|
|t:|1743876539
|switch|p1a: Great Tusk|Great Tusk|68/100
|move|p2a: Kingambit|Swords Dance|p2a: Kingambit
|-boost|p2a: Kingambit|atk|2
|
|upkeep
|turn|17
|
|t:|1743876548
|-end|p2a: Kingambit|fallen3|[silent]
|switch|p2a: Weezing|Weezing-Galar, F, shiny|100/100
|move|p1a: Great Tusk|Headlong Rush|p2a: Weezing
|-supereffective|p2a: Weezing
|-damage|p2a: Weezing|0 fnt
|-unboost|p1a: Great Tusk|def|1
|-unboost|p1a: Great Tusk|spd|1
|faint|p2a: Weezing
|
|upkeep
|
|t:|1743876549
|switch|p2a: Hawlucha|Hawlucha, M, shiny|100/100
|-enditem|p2a: Hawlucha|Misty Seed
|-boost|p2a: Hawlucha|spd|1|[from] item: Misty Seed
|turn|18
|
|t:|1743876551
|move|p2a: Hawlucha|Swords Dance|p2a: Hawlucha
|-boost|p2a: Hawlucha|atk|2
|move|p1a: Great Tusk|Ice Spinner|p2a: Hawlucha
|-supereffective|p2a: Hawlucha
|-damage|p2a: Hawlucha|16/100
|-fieldend|Misty Terrain
|
|upkeep
|turn|19
|
|t:|1743876555
|move|p2a: Hawlucha|Acrobatics|p1a: Great Tusk
|-supereffective|p1a: Great Tusk
|-damage|p1a: Great Tusk|0 fnt
|faint|p1a: Great Tusk
|-end|p1a: Great Tusk|Protosynthesis|[silent]
|
|upkeep
|
|t:|1743876558
|switch|p1a: Cinderace|Cinderace, M|100/100
|turn|20
|
|t:|1743876561
|move|p1a: Cinderace|Sucker Punch|p2a: Hawlucha
|-start|p1a: Cinderace|typechange|Dark|[from] ability: Libero
|-resisted|p2a: Hawlucha
|-damage|p2a: Hawlucha|0 fnt
|faint|p2a: Hawlucha
|
|upkeep
|
|t:|1743876562
|switch|p2a: Kingambit|Kingambit, F|100/100
|-activate|p2a: Kingambit|ability: Supreme Overlord
|-start|p2a: Kingambit|fallen5|[silent]
|turn|21
|
|t:|1743876565
|switch|p1a: Landorus|Landorus-Therian, M, tera:Flying|100/100
|-ability|p1a: Landorus|Intimidate|boost
|-unboost|p2a: Kingambit|atk|1
|move|p2a: Kingambit|Swords Dance|p2a: Kingambit
|-boost|p2a: Kingambit|atk|2
|
|upkeep
|turn|22
|
|t:|1743876571
|switch|p1a: Cinderace|Cinderace, M|100/100
|-terastallize|p2a: Kingambit|Dark
|move|p2a: Kingambit|Sucker Punch||[still]
|-fail|p2a: Kingambit
|
|upkeep
|turn|23
|j| m0chaman_829
|
|t:|1743876576
|move|p2a: Kingambit|Sucker Punch|p1a: Cinderace
|-damage|p1a: Cinderace|0 fnt
|faint|p1a: Cinderace
|
|upkeep
|
|t:|1743876577
|switch|p1a: Landorus|Landorus-Therian, M, tera:Flying|100/100
|-ability|p1a: Landorus|Intimidate|boost
|-unboost|p2a: Kingambit|atk|1
|turn|24
|
|t:|1743876580
|move|p1a: Landorus|Tera Blast|p2a: Kingambit|[anim] Tera Blast Flying
|-damage|p2a: Kingambit|41/100
|move|p2a: Kingambit|Swords Dance|p2a: Kingambit
|-boost|p2a: Kingambit|atk|2
|
|-heal|p2a: Kingambit|47/100|[from] item: Leftovers
|upkeep
|turn|25
|
|t:|1743876583
|move|p2a: Kingambit|Sucker Punch|p1a: Landorus
|-damage|p1a: Landorus|0 fnt
|faint|p1a: Landorus
|
|-heal|p2a: Kingambit|53/100|[from] item: Leftovers
|upkeep
|-message|mr.diversity forfeited.
|
|win|Jebus1989_
|raw|mr.diversity's rating: 1818 &rarr; <strong>1791</strong><br />(-27 for losing)
|raw|Jebus1989_'s rating: 1683 &rarr; <strong>1710</strong><br />(+27 for winning)
|l|☆mr.diversity
|player|p1|
|l|☆Jebus1989_
|player|p2|
|j|☆Jebus1989_
|player|p2|Jebus1989_|ethan|
|l| m0chaman_829
|l|☆Jebus1989_
|player|p2|
|j|☆Jebus1989_
|player|p2|Jebus1989_|ethan|
