|j|☆IguanaKing12
|j|☆Mimizy ❤️
|t:|1743870233
|gametype|singles
|player|p1|IguanaKing12|ghetsis|1139
|player|p2|Mimizy ❤️|rosa-masters2|1159
|teamsize|p1|6
|teamsize|p2|6
|gen|9
|tier|[Gen 9] OU
|rated|
|rule|HP Percentage Mod: HP is shown in percentages
|rule|Endless Battle Clause: Forcing endless battles is banned
|rule|Species Clause: Limit one of each Pokémon
|rule|OHKO Clause: OHKO moves are banned
|rule|Evasion Items Clause: Evasion items are banned
|rule|Evasion Moves Clause: Evasion moves are banned
|rule|Sleep Moves Clause: Sleep-inducing moves are banned
|clearpoke
|poke|p1|Uxie|
|poke|p1|Jirachi|
|poke|p1|Ludicolo, F|
|poke|p1|Overqwil, M|
|poke|p1|Weezing-Galar, F|
|poke|p1|Dragonite, M|
|poke|p2|Ribombee, F|
|poke|p2|Charizard, F|
|poke|p2|Blissey, F|
|poke|p2|Lilligant, F|
|poke|p2|Great Tusk|
|poke|p2|Gholdengo|
|teampreview
|inactive|Battle timer is ON: inactive players will automatically lose when time's up. (requested by Mimizy ❤️)
|j| ghostyy fellow
|inactive|Mimizy ❤️ has 120 seconds left.
|c|☆IguanaKing12|l
|inactive|Mimizy ❤️ has 90 seconds left.
|c|☆Mimizy ❤️|am steve!
|c|☆Mimizy ❤️|(minecraft movie ref)
|
|t:|1743870319
|start
|switch|p1a: Uxie|Uxie|100/100
|switch|p2a: 可愛いと渋いです|Ribombee, F|100/100
|turn|1
|c| ghostyy fellow|as a child i yearned for the mines
|inactive|Mimizy ❤️ has 120 seconds left.
|
|t:|1743870341
|move|p2a: 可愛いと渋いです|Sticky Web|p1a: Uxie
|-sidestart|p1: IguanaKing12|move: Sticky Web
|move|p1a: Uxie|Thunder Wave|p2a: 可愛いと渋いです
|-status|p2a: 可愛いと渋いです|par
|
|upkeep
|turn|2
|inactive|Mimizy ❤️ has 120 seconds left.
|
|t:|1743870371
|move|p1a: Uxie|Light Screen|p1a: Uxie
|-sidestart|p1: IguanaKing12|move: Light Screen
|move|p2a: 可愛いと渋いです|Sunny Day|p2a: 可愛いと渋いです
|-weather|SunnyDay
|
|-weather|SunnyDay|[upkeep]
|upkeep
|turn|3
|
|t:|1743870390
|switch|p2a: Never Exhaust|Blissey, F|100/100
|move|p1a: Uxie|Reflect|p1a: Uxie
|-sidestart|p1: IguanaKing12|Reflect
|
|-weather|SunnyDay|[upkeep]
|upkeep
|turn|4
|
|t:|1743870403
|move|p1a: Uxie|Rain Dance|p1a: Uxie
|-weather|RainDance
|move|p2a: Never Exhaust|Stealth Rock|p1a: Uxie
|-sidestart|p1: IguanaKing12|move: Stealth Rock
|
|-weather|RainDance|[upkeep]
|upkeep
|turn|5
|
|t:|1743870407
|switch|p1a: Weezing|Weezing-Galar, F|100/100
|-damage|p1a: Weezing|88/100|[from] Stealth Rock
|move|p2a: Never Exhaust|Seismic Toss|p1a: Weezing
|-damage|p1a: Weezing|51/100
|
|-weather|RainDance|[upkeep]
|upkeep
|turn|6
|inactive|Mimizy ❤️ has 90 seconds left.
|
|t:|1743870451
|move|p1a: Weezing|Defog|p2a: Never Exhaust
|-unboost|p2a: Never Exhaust|evasion|1
|-sideend|p1: IguanaKing12|Stealth Rock|[from] move: Defog|[of] p1a: Weezing
|-sideend|p1: IguanaKing12|Sticky Web|[from] move: Defog|[of] p1a: Weezing
|move|p2a: Never Exhaust|Seismic Toss|p1a: Weezing
|-damage|p1a: Weezing|15/100
|-enditem|p1a: Weezing|Sitrus Berry|[eat]
|-heal|p1a: Weezing|39/100|[from] item: Sitrus Berry
|
|-weather|RainDance|[upkeep]
|upkeep
|turn|7
|l| ghostyy fellow
|
|t:|1743870478
|switch|p1a: Overqwil|Overqwil, M|100/100
|move|p2a: Never Exhaust|Stealth Rock|p1a: Overqwil
|-sidestart|p1: IguanaKing12|move: Stealth Rock
|
|-weather|RainDance|[upkeep]
|upkeep
|turn|8
|
|t:|1743870492
|-terastallize|p1a: Overqwil|Dragon
|move|p1a: Overqwil|Swords Dance|p1a: Overqwil
|-boost|p1a: Overqwil|atk|2
|move|p2a: Never Exhaust|Sunny Day|p2a: Never Exhaust
|-weather|SunnyDay
|
|-weather|SunnyDay|[upkeep]
|upkeep
|turn|9
|inactive|Mimizy ❤️ has 90 seconds left.
|
|t:|1743870501
|switch|p2a: 土|Great Tusk|100/100
|-activate|p2a: 土|ability: Protosynthesis
|-start|p2a: 土|protosynthesisatk
|move|p1a: Overqwil|Rain Dance|p1a: Overqwil
|-weather|RainDance
|-end|p2a: 土|Protosynthesis
|
|-weather|RainDance|[upkeep]
|-sideend|p1: IguanaKing12|move: Light Screen
|upkeep
|turn|10
|inactive|Mimizy ❤️ has 90 seconds left.
|
|t:|1743870518
|-terastallize|p2a: 土|Steel
|move|p1a: Overqwil|Swords Dance|p1a: Overqwil
|-boost|p1a: Overqwil|atk|2
|move|p2a: 土|Ice Spinner|p1a: Overqwil
|-supereffective|p1a: Overqwil
|-damage|p1a: Overqwil|74/100
|
|-weather|RainDance|[upkeep]
|-sideend|p1: IguanaKing12|Reflect
|upkeep
|turn|11
|
|t:|1743870527
|move|p1a: Overqwil|Crunch|p2a: 土
|-damage|p2a: 土|29/100
|move|p2a: 土|Ice Spinner|p1a: Overqwil
|-supereffective|p1a: Overqwil
|-damage|p1a: Overqwil|24/100
|-enditem|p1a: Overqwil|Sitrus Berry|[eat]
|-heal|p1a: Overqwil|48/100|[from] item: Sitrus Berry
|
|-weather|RainDance|[upkeep]
|upkeep
|turn|12
|
|t:|1743870536
|move|p1a: Overqwil|Crunch|p2a: 土
|-damage|p2a: 土|0 fnt
|faint|p2a: 土
|-end|p2a: 土|Protosynthesis|[silent]
|
|-weather|RainDance|[upkeep]
|upkeep
|inactive|Mimizy ❤️ has 90 seconds left.
|
|t:|1743870552
|switch|p2a: 可愛いと渋いです|Ribombee, F|100/100 par
|turn|13
|
|t:|1743870559
|move|p1a: Overqwil|Barb Barrage|p2a: 可愛いと渋いです
|-supereffective|p2a: 可愛いと渋いです
|-enditem|p2a: 可愛いと渋いです|Focus Sash
|-damage|p2a: 可愛いと渋いです|1/100 par
|move|p2a: 可愛いと渋いです|Sunny Day|p2a: 可愛いと渋いです
|-weather|SunnyDay
|
|-weather|SunnyDay|[upkeep]
|upkeep
|turn|14
|
|t:|1743870576
|move|p1a: Overqwil|Crunch|p2a: 可愛いと渋いです
|-resisted|p2a: 可愛いと渋いです
|-damage|p2a: 可愛いと渋いです|0 fnt
|faint|p2a: 可愛いと渋いです
|
|-weather|SunnyDay|[upkeep]
|upkeep
|inactive|Mimizy ❤️ has 90 seconds left.
|
|t:|1743870595
|switch|p2a: 50-100%|Charizard, F|100/100
|turn|15
|
|t:|1743870603
|move|p2a: 50-100%|Flamethrower|p1a: Overqwil
|-resisted|p1a: Overqwil
|-damage|p1a: Overqwil|0 fnt
|faint|p1a: Overqwil
|
|-weather|SunnyDay|[upkeep]
|-damage|p2a: 50-100%|88/100|[from] ability: Solar Power|[of] p2a: 50-100%
|upkeep
|
|t:|1743870611
|switch|p1a: Uxie|Uxie|100/100
|-damage|p1a: Uxie|88/100|[from] Stealth Rock
|turn|16
|
|t:|1743870615
|move|p2a: 50-100%|Flamethrower|p1a: Uxie
|-damage|p1a: Uxie|0 fnt
|faint|p1a: Uxie
|
|-weather|SunnyDay|[upkeep]
|-damage|p2a: 50-100%|76/100|[from] ability: Solar Power|[of] p2a: 50-100%
|upkeep
|
|t:|1743870629
|switch|p1a: Dragonite|Dragonite, M|100/100
|-damage|p1a: Dragonite|76/100|[from] Stealth Rock
|turn|17
|
|t:|1743870633
|move|p1a: Dragonite|Rain Dance|p1a: Dragonite
|-weather|RainDance
|move|p2a: 50-100%|Flamethrower|p1a: Dragonite
|-resisted|p1a: Dragonite
|-damage|p1a: Dragonite|58/100
|
|-weather|RainDance|[upkeep]
|upkeep
|turn|18
|inactive|Mimizy ❤️ has 120 seconds left.
|
|t:|1743870652
|switch|p1a: Weezing|Weezing-Galar, F|39/100
|-damage|p1a: Weezing|27/100|[from] Stealth Rock
|switch|p2a: Never Exhaust|Blissey, F|100/100
|
|-weather|RainDance|[upkeep]
|upkeep
|turn|19
|
|t:|1743870663
|move|p1a: Weezing|Defog|p2a: Never Exhaust
|-unboost|p2a: Never Exhaust|evasion|1
|-sideend|p1: IguanaKing12|Stealth Rock|[from] move: Defog|[of] p1a: Weezing
|move|p2a: Never Exhaust|Sunny Day|p2a: Never Exhaust
|-weather|SunnyDay
|
|-weather|SunnyDay|[upkeep]
|upkeep
|turn|20
|
|t:|1743870669
|switch|p2a: 50-100%|Charizard, F|76/100
|move|p1a: Weezing|Toxic Spikes|p2a: 50-100%
|-sidestart|p2: Mimizy ❤️|move: Toxic Spikes
|
|-weather|SunnyDay|[upkeep]
|-damage|p2a: 50-100%|63/100|[from] ability: Solar Power|[of] p2a: 50-100%
|upkeep
|turn|21
|
|t:|1743870675
|move|p2a: 50-100%|Flamethrower|p1a: Weezing
|-damage|p1a: Weezing|0 fnt
|faint|p1a: Weezing
|
|-weather|SunnyDay|[upkeep]
|-damage|p2a: 50-100%|51/100|[from] ability: Solar Power|[of] p2a: 50-100%
|upkeep
|
|t:|1743870682
|switch|p1a: Dragonite|Dragonite, M|58/100
|turn|22
|
|t:|1743870692
|switch|p2a: Gold and go|Gholdengo|100/100
|-item|p2a: Gold and go|Air Balloon
|move|p1a: Dragonite|Rain Dance|p1a: Dragonite
|-weather|RainDance
|
|-weather|RainDance|[upkeep]
|upkeep
|turn|23
|
|t:|1743870698
|switch|p1a: Ludicolo|Ludicolo, F|100/100
|move|p2a: Gold and go|Thunder Wave|p1a: Ludicolo
|-status|p1a: Ludicolo|par
|
|-weather|RainDance|[upkeep]
|upkeep
|turn|24
|
|t:|1743870705
|cant|p1a: Ludicolo|par
|move|p2a: Gold and go|Shadow Ball|p1a: Ludicolo
|-damage|p1a: Ludicolo|54/100 par
|
|-weather|RainDance|[upkeep]
|upkeep
|turn|25
|
|t:|1743870709
|move|p1a: Ludicolo|Weather Ball|p2a: Gold and go
|-damage|p2a: Gold and go|37/100
|-enditem|p2a: Gold and go|Air Balloon
|move|p2a: Gold and go|Shadow Ball|p1a: Ludicolo
|-damage|p1a: Ludicolo|13/100 par
|-enditem|p1a: Ludicolo|Sitrus Berry|[eat]
|-heal|p1a: Ludicolo|38/100 par|[from] item: Sitrus Berry
|
|-weather|RainDance|[upkeep]
|upkeep
|turn|26
|
|t:|1743870719
|switch|p2a: Never Exhaust|Blissey, F|100/100
|-status|p2a: Never Exhaust|psn
|cant|p1a: Ludicolo|par
|
|-weather|none
|-damage|p2a: Never Exhaust|88/100 psn|[from] psn
|upkeep
|turn|27
|
|t:|1743870725
|switch|p1a: Jirachi|Jirachi|100/100
|move|p2a: Never Exhaust|Stealth Rock|p1a: Jirachi
|-sidestart|p1: IguanaKing12|move: Stealth Rock
|
|-damage|p2a: Never Exhaust|76/100 psn|[from] psn
|upkeep
|turn|28
|
|t:|1743870739
|move|p1a: Jirachi|Cosmic Power|p1a: Jirachi
|-boost|p1a: Jirachi|def|1
|-boost|p1a: Jirachi|spd|1
|move|p2a: Never Exhaust|Seismic Toss|p1a: Jirachi
|-damage|p1a: Jirachi|71/100
|
|-damage|p2a: Never Exhaust|63/100 psn|[from] psn
|upkeep
|turn|29
|
|t:|1743870751
|-curestatus|p2a: Never Exhaust|psn|[from] ability: Natural Cure
|switch|p2a: 50-100%|Charizard, F|51/100
|move|p1a: Jirachi|Wish|p1a: Jirachi
|
|upkeep
|turn|30
|
|t:|1743870760
|move|p1a: Jirachi|Iron Head|p2a: 50-100%
|-resisted|p2a: 50-100%
|-damage|p2a: 50-100%|32/100
|cant|p2a: 50-100%|flinch
|
|-heal|p1a: Jirachi|100/100|[from] move: Wish|[wisher] Jirachi
|upkeep
|turn|31
|
|t:|1743870765
|move|p1a: Jirachi|Iron Head|p2a: 50-100%
|-resisted|p2a: 50-100%
|-damage|p2a: 50-100%|15/100
|cant|p2a: 50-100%|flinch
|
|upkeep
|turn|32
|
|t:|1743870769
|move|p1a: Jirachi|Iron Head|p2a: 50-100%
|-resisted|p2a: 50-100%
|-damage|p2a: 50-100%|0 fnt
|faint|p2a: 50-100%
|
|upkeep
|
|t:|1743870774
|switch|p2a: Gold and go|Gholdengo|37/100
|turn|33
|
|t:|1743870786
|move|p1a: Jirachi|Cosmic Power|p1a: Jirachi
|-boost|p1a: Jirachi|def|1
|-boost|p1a: Jirachi|spd|1
|move|p2a: Gold and go|Thunder Wave|p1a: Jirachi
|-status|p1a: Jirachi|par
|
|upkeep
|turn|34
|
|t:|1743870792
|move|p2a: Gold and go|Recover|p2a: Gold and go
|-heal|p2a: Gold and go|87/100
|move|p1a: Jirachi|Cosmic Power|p1a: Jirachi
|-boost|p1a: Jirachi|def|1
|-boost|p1a: Jirachi|spd|1
|
|upkeep
|turn|35
|
|t:|1743870795
|move|p2a: Gold and go|Shadow Ball|p1a: Jirachi
|-supereffective|p1a: Jirachi
|-damage|p1a: Jirachi|71/100 par
|-enditem|p1a: Jirachi|Weakness Policy
|-boost|p1a: Jirachi|atk|2|[from] item: Weakness Policy
|-boost|p1a: Jirachi|spa|2|[from] item: Weakness Policy
|move|p1a: Jirachi|Cosmic Power|p1a: Jirachi
|-boost|p1a: Jirachi|def|1
|-boost|p1a: Jirachi|spd|1
|
|upkeep
|turn|36
|
|t:|1743870798
|move|p2a: Gold and go|Shadow Ball|p1a: Jirachi
|-supereffective|p1a: Jirachi
|-crit|p1a: Jirachi
|-damage|p1a: Jirachi|0 fnt
|faint|p1a: Jirachi
|
|upkeep
|
|t:|1743870815
|switch|p1a: Dragonite|Dragonite, M|58/100
|-damage|p1a: Dragonite|33/100|[from] Stealth Rock
|turn|37
|
|t:|1743870824
|move|p1a: Dragonite|Earthquake|p2a: Gold and go
|-supereffective|p2a: Gold and go
|-damage|p2a: Gold and go|31/100
|move|p2a: Gold and go|Thunder Wave|p1a: Dragonite
|-status|p1a: Dragonite|par
|
|upkeep
|turn|38
|
|t:|1743870829
|move|p2a: Gold and go|Recover|p2a: Gold and go
|-heal|p2a: Gold and go|81/100
|move|p1a: Dragonite|Earthquake|p2a: Gold and go
|-supereffective|p2a: Gold and go
|-damage|p2a: Gold and go|29/100
|
|upkeep
|turn|39
|
|t:|1743870834
|move|p2a: Gold and go|Recover|p2a: Gold and go
|-heal|p2a: Gold and go|79/100
|move|p1a: Dragonite|Earthquake|p2a: Gold and go
|-supereffective|p2a: Gold and go
|-crit|p2a: Gold and go
|-damage|p2a: Gold and go|6/100
|
|upkeep
|turn|40
|
|t:|1743870837
|move|p2a: Gold and go|Recover|p2a: Gold and go
|-heal|p2a: Gold and go|56/100
|move|p1a: Dragonite|Earthquake|p2a: Gold and go
|-supereffective|p2a: Gold and go
|-damage|p2a: Gold and go|5/100
|
|upkeep
|turn|41
|
|t:|1743870841
|move|p2a: Gold and go|Recover|p2a: Gold and go
|-heal|p2a: Gold and go|55/100
|cant|p1a: Dragonite|par
|
|upkeep
|turn|42
|
|t:|1743870855
|move|p2a: Gold and go|Shadow Ball|p1a: Dragonite
|-crit|p1a: Dragonite
|-damage|p1a: Dragonite|0 fnt
|faint|p1a: Dragonite
|
|upkeep
|
|t:|1743870858
|switch|p1a: Ludicolo|Ludicolo, F|38/100 par
|-damage|p1a: Ludicolo|25/100 par|[from] Stealth Rock
|turn|43
|
|t:|1743870860
|move|p2a: Gold and go|Shadow Ball|p1a: Ludicolo
|-damage|p1a: Ludicolo|0 fnt
|faint|p1a: Ludicolo
|
|win|Mimizy ❤️
|raw|IguanaKing12's rating: 1139 &rarr; <strong>1113</strong><br />(-26 for losing)
|raw|Mimizy ❤️'s rating: 1132 &rarr; <strong>1158</strong><br />(+26 for winning)
|l|☆IguanaKing12
|player|p1|
|l|☆Mimizy ❤️
|player|p2|
