|j|☆Eliano030
|j|☆Princessjosie1001
|t:|1743788563
|gametype|singles
|player|p1|Eliano030|102|1432
|player|p2|Princessjosie1001|nurse|1492
|teamsize|p1|6
|teamsize|p2|6
|gen|9
|tier|[Gen 9] OU
|rated|
|rule|HP Percentage Mod: HP is shown in percentages
|rule|Endless Battle Clause: Forcing endless battles is banned
|rule|Species Clause: Limit one of each Pokémon
|rule|OHKO Clause: OHKO moves are banned
|rule|Evasion Items Clause: Evasion items are banned
|rule|Evasion Moves Clause: Evasion moves are banned
|rule|Sleep Moves Clause: Sleep-inducing moves are banned
|clearpoke
|poke|p1|Meowscarada, F|
|poke|p1|Cinderace, F|
|poke|p1|Greninja-*, M|
|poke|p1|Garganacl, M|
|poke|p1|Bronzong|
|poke|p1|Donphan, L1, M|
|poke|p2|Cinderace, F|
|poke|p2|Cloyster, M|
|poke|p2|Hatterene, F|
|poke|p2|Espeon, M|
|poke|p2|Jirachi|
|poke|p2|Yanmega, F|
|teampreview
|inactive|Battle timer is ON: inactive players will automatically lose when time's up. (requested by Eliano030)
|
|t:|1743788570
|start
|switch|p1a: Meowscarada|Meowscarada, F|100/100
|switch|p2a: Jirachi|Jirachi|100/100
|turn|1
|
|t:|1743788575
|move|p1a: Meowscarada|Knock Off|p2a: Jirachi
|-start|p1a: Meowscarada|typechange|Dark|[from] ability: Protean
|-supereffective|p2a: Jirachi
|-damage|p2a: Jirachi|14/100
|-enditem|p2a: Jirachi|Choice Scarf|[from] move: Knock Off|[of] p1a: Meowscarada
|move|p2a: Jirachi|U-turn|p1a: Meowscarada
|-supereffective|p1a: Meowscarada
|-damage|p1a: Meowscarada|28/100
|
|t:|1743788589
|switch|p2a: Cloyster|Cloyster, M|100/100|[from] U-turn
|
|upkeep
|turn|2
|
|t:|1743788593
|move|p1a: Meowscarada|Knock Off|p2a: Cloyster
|-damage|p2a: Cloyster|64/100
|-enditem|p2a: Cloyster|Focus Sash|[from] move: Knock Off|[of] p1a: Meowscarada
|move|p2a: Cloyster|Shell Smash|p2a: Cloyster
|-unboost|p2a: Cloyster|def|1
|-unboost|p2a: Cloyster|spd|1
|-boost|p2a: Cloyster|atk|2
|-boost|p2a: Cloyster|spa|2
|-boost|p2a: Cloyster|spe|2
|
|upkeep
|turn|3
|
|t:|1743788603
|move|p2a: Cloyster|Ice Shard|p1a: Meowscarada
|-damage|p1a: Meowscarada|0 fnt
|faint|p1a: Meowscarada
|
|upkeep
|
|t:|1743788612
|switch|p1a: Garganacl|Garganacl, M|100/100
|turn|4
|
|t:|1743788616
|move|p2a: Cloyster|Icicle Spear|p1a: Garganacl
|-damage|p1a: Garganacl|88/100
|-damage|p1a: Garganacl|75/100
|-damage|p1a: Garganacl|63/100
|-damage|p1a: Garganacl|52/100
|-damage|p1a: Garganacl|40/100
|-hitcount|p1a: Garganacl|5
|move|p1a: Garganacl|Salt Cure|p2a: Cloyster
|-supereffective|p2a: Cloyster
|-damage|p2a: Cloyster|30/100
|-start|p2a: Cloyster|Salt Cure
|
|-heal|p1a: Garganacl|47/100|[from] item: Leftovers
|-damage|p2a: Cloyster|5/100|[from] Salt Cure
|upkeep
|turn|5
|
|t:|1743788629
|move|p1a: Garganacl|Protect|p1a: Garganacl
|-singleturn|p1a: Garganacl|Protect
|move|p2a: Cloyster|Icicle Spear|p1a: Garganacl
|-activate|p1a: Garganacl|move: Protect
|
|-heal|p1a: Garganacl|53/100|[from] item: Leftovers
|-damage|p2a: Cloyster|0 fnt|[from] Salt Cure
|faint|p2a: Cloyster
|upkeep
|
|t:|1743788639
|switch|p2a: Jirachi|Jirachi|14/100
|turn|6
|
|t:|1743788642
|move|p2a: Jirachi|Iron Head|p1a: Garganacl
|-supereffective|p1a: Garganacl
|-damage|p1a: Garganacl|11/100
|move|p1a: Garganacl|Salt Cure|p2a: Jirachi
|-resisted|p2a: Jirachi
|-damage|p2a: Jirachi|7/100
|-start|p2a: Jirachi|Salt Cure
|
|-heal|p1a: Garganacl|17/100|[from] item: Leftovers
|-damage|p2a: Jirachi|0 fnt|[from] Salt Cure
|faint|p2a: Jirachi
|upkeep
|
|t:|1743788653
|switch|p2a: Yanmega|Yanmega, F|100/100
|turn|7
|
|t:|1743788657
|move|p2a: Yanmega|Bug Buzz|p1a: Garganacl
|-damage|p1a: Garganacl|0 fnt
|faint|p1a: Garganacl
|-damage|p2a: Yanmega|91/100|[from] item: Life Orb
|
|-ability|p2a: Yanmega|Speed Boost|boost
|-boost|p2a: Yanmega|spe|1
|upkeep
|
|t:|1743788662
|switch|p1a: Cinderace|Cinderace, F|100/100
|turn|8
|
|t:|1743788668
|move|p2a: Yanmega|Air Slash|p1a: Cinderace
|-damage|p1a: Cinderace|32/100
|-damage|p2a: Yanmega|81/100|[from] item: Life Orb
|cant|p1a: Cinderace|flinch
|
|-ability|p2a: Yanmega|Speed Boost|boost
|-boost|p2a: Yanmega|spe|1
|upkeep
|turn|9
|
|t:|1743788675
|move|p2a: Yanmega|Ancient Power|p1a: Cinderace
|-supereffective|p1a: Cinderace
|-damage|p1a: Cinderace|0 fnt
|faint|p1a: Cinderace
|-damage|p2a: Yanmega|71/100|[from] item: Life Orb
|
|-ability|p2a: Yanmega|Speed Boost|boost
|-boost|p2a: Yanmega|spe|1
|upkeep
|
|t:|1743788678
|switch|p1a: Bronzong|Bronzong, shiny|100/100
|turn|10
|
|t:|1743788685
|switch|p2a: No hazard allowed|Espeon, M|100/100
|move|p1a: Bronzong|Future Sight|p2a: No hazard allowed
|-start|p1a: Bronzong|move: Future Sight
|
|upkeep
|turn|11
|
|t:|1743788689
|move|p2a: No hazard allowed|Trick|p1a: Bronzong
|-activate|p2a: No hazard allowed|move: Trick|[of] p1a: Bronzong
|-item|p1a: Bronzong|Choice Scarf|[from] move: Trick
|-item|p2a: No hazard allowed|Leftovers|[from] move: Trick
|move|p1a: Bronzong|Gyro Ball|p2a: No hazard allowed
|-damage|p2a: No hazard allowed|54/100
|
|-heal|p2a: No hazard allowed|60/100|[from] item: Leftovers
|upkeep
|turn|12
|
|t:|1743788696
|move|p2a: No hazard allowed|Thunder Wave|p1a: Bronzong
|-status|p1a: Bronzong|par
|cant|p1a: Bronzong|par
|
|-end|p2a: No hazard allowed|move: Future Sight
|-resisted|p2a: No hazard allowed
|-crit|p2a: No hazard allowed
|-damage|p2a: No hazard allowed|25/100
|-heal|p2a: No hazard allowed|31/100|[from] item: Leftovers
|upkeep
|turn|13
|
|t:|1743788705
|move|p2a: No hazard allowed|Shadow Ball|p1a: Bronzong
|-supereffective|p1a: Bronzong
|-damage|p1a: Bronzong|64/100 par
|move|p1a: Bronzong|Gyro Ball|p2a: No hazard allowed
|-damage|p2a: No hazard allowed|0 fnt
|faint|p2a: No hazard allowed
|
|upkeep
|
|t:|1743788714
|switch|p2a: Cinderace|Cinderace, F|100/100
|turn|14
|
|t:|1743788718
|switch|p1a: Greninja|Greninja, M|100/100
|move|p2a: Cinderace|Pyro Ball|p1a: Greninja
|-resisted|p1a: Greninja
|-damage|p1a: Greninja|47/100
|
|upkeep
|turn|15
|
|t:|1743788723
|move|p1a: Greninja|Water Shuriken|p2a: Cinderace
|-supereffective|p2a: Cinderace
|-damage|p2a: Cinderace|79/100
|-supereffective|p2a: Cinderace
|-damage|p2a: Cinderace|55/100
|-supereffective|p2a: Cinderace
|-damage|p2a: Cinderace|33/100
|-supereffective|p2a: Cinderace
|-damage|p2a: Cinderace|11/100
|-supereffective|p2a: Cinderace
|-damage|p2a: Cinderace|0 fnt
|faint|p2a: Cinderace
|-ability|p1a: Greninja|Battle Bond|boost
|-boost|p1a: Greninja|atk|1
|-boost|p1a: Greninja|spa|1
|-boost|p1a: Greninja|spe|1
|-activate|p1a: Greninja|ability: Battle Bond
|-hitcount|p2: Cinderace|5
|
|upkeep
|
|t:|1743788737
|switch|p2a: Hatterene|Hatterene, F|100/100
|turn|16
|
|t:|1743788742
|move|p1a: Greninja|Hydro Pump|p2a: Hatterene
|-damage|p2a: Hatterene|13/100
|move|p2a: Hatterene|Dazzling Gleam|p1a: Greninja
|-supereffective|p1a: Greninja
|-damage|p1a: Greninja|0 fnt
|faint|p1a: Greninja
|
|upkeep
|
|t:|1743788749
|switch|p1a: Bronzong|Bronzong, shiny|64/100 par
|turn|17
|
|t:|1743788752
|move|p2a: Hatterene|Mystical Fire|p1a: Bronzong
|-supereffective|p1a: Bronzong
|-damage|p1a: Bronzong|27/100 par
|-unboost|p1a: Bronzong|spa|1
|move|p1a: Bronzong|Gyro Ball|p2a: Hatterene
|-supereffective|p2a: Hatterene
|-damage|p2a: Hatterene|0 fnt
|faint|p2a: Hatterene
|
|upkeep
|
|t:|1743788760
|switch|p2a: Yanmega|Yanmega, F|71/100
|turn|18
|
|t:|1743788763
|move|p2a: Yanmega|Detect|p2a: Yanmega
|-singleturn|p2a: Yanmega|Protect
|move|p1a: Bronzong|Gyro Ball|p2a: Yanmega
|-activate|p2a: Yanmega|move: Protect
|
|-ability|p2a: Yanmega|Speed Boost|boost
|-boost|p2a: Yanmega|spe|1
|upkeep
|turn|19
|
|t:|1743788770
|move|p2a: Yanmega|Ancient Power|p1a: Bronzong
|-resisted|p1a: Bronzong
|-damage|p1a: Bronzong|18/100 par
|-damage|p2a: Yanmega|61/100|[from] item: Life Orb
|move|p1a: Bronzong|Gyro Ball|p2a: Yanmega
|-damage|p2a: Yanmega|1/100
|
|-ability|p2a: Yanmega|Speed Boost|boost
|-boost|p2a: Yanmega|spe|1
|upkeep
|turn|20
|-message|Princessjosie1001 forfeited.
|
|win|Eliano030
|raw|Eliano030's rating: 1432 &rarr; <strong>1455</strong><br />(+23 for winning)
|raw|Princessjosie1001's rating: 1492 &rarr; <strong>1469</strong><br />(-23 for losing)
|l|☆Princessjosie1001
|player|p2|
|l|☆Eliano030
|player|p1|
