|j|☆bbones150
|j|☆S733LH34R7
|t:|1743937384
|gametype|singles
|player|p1|bbones150|ltsurge|1413
|player|p2|S733LH34R7|drayden|1435
|teamsize|p1|6
|teamsize|p2|6
|gen|9
|tier|[Gen 9] OU
|rated|
|rule|HP Percentage Mod: HP is shown in percentages
|rule|Endless Battle Clause: Forcing endless battles is banned
|rule|Species Clause: Limit one of each Pokémon
|rule|OHKO Clause: OHKO moves are banned
|rule|Evasion Items Clause: Evasion items are banned
|rule|Evasion Moves Clause: Evasion moves are banned
|rule|Sleep Moves Clause: Sleep-inducing moves are banned
|clearpoke
|poke|p1|Zoroark-Hisui, F|
|poke|p1|Zamazenta-*|
|poke|p1|Slowking-Galar, F|
|poke|p1|Landorus-Therian, M|
|poke|p1|Cinderace, F|
|poke|p1|Ogerpon-Wellspring, F|
|poke|p2|Haxorus, M|
|poke|p2|Dragonite, F|
|poke|p2|Noivern, F|
|poke|p2|Garchomp, M|
|poke|p2|Goodra-Hisui, F|
|poke|p2|Salamence, M|
|teampreview
|inactive|Battle timer is ON: inactive players will automatically lose when time's up. (requested by S733LH34R7)
|inactive|bbones150 has 120 seconds left.
|
|t:|1743937428
|start
|switch|p1a: Landorus|Landorus-Therian, M|100/100
|switch|p2a: Goodra|Goodra-Hisui, F|100/100
|-ability|p1a: Landorus|Intimidate|boost
|-unboost|p2a: Goodra|atk|1
|turn|1
|
|t:|1743937435
|move|p1a: Landorus|Stealth Rock|p2a: Goodra
|-sidestart|p2: S733LH34R7|move: Stealth Rock
|move|p2a: Goodra|Ice Beam|p1a: Landorus
|-supereffective|p1a: Landorus
|-damage|p1a: Landorus|1/100
|
|upkeep
|turn|2
|
|t:|1743937444
|move|p1a: Landorus|Earthquake|p2a: Goodra
|-supereffective|p2a: Goodra
|-damage|p2a: Goodra|20/100
|move|p2a: Goodra|Ice Beam|p1a: Landorus
|-supereffective|p1a: Landorus
|-damage|p1a: Landorus|0 fnt
|faint|p1a: Landorus
|
|upkeep
|
|t:|1743937450
|switch|p1a: Cinderace|Cinderace, F|100/100
|turn|3
|
|t:|1743937456
|move|p1a: Cinderace|Pyro Ball|p2a: Goodra
|-damage|p2a: Goodra|0 fnt
|faint|p2a: Goodra
|
|upkeep
|
|t:|1743937461
|switch|p2a: Salamence|Salamence, M|100/100
|-damage|p2a: Salamence|76/100|[from] Stealth Rock
|-ability|p2a: Salamence|Intimidate|boost
|-unboost|p1a: Cinderace|atk|1
|turn|4
|
|t:|1743937466
|move|p1a: Cinderace|U-turn|p2a: Salamence
|-start|p1a: Cinderace|typechange|Bug|[from] ability: Libero
|-resisted|p2a: Salamence
|-damage|p2a: Salamence|61/100
|
|t:|1743937472
|switch|p1a: Zamazenta|Zamazenta|100/100|[from] U-turn
|-ability|p1a: Zamazenta|Dauntless Shield|boost
|-boost|p1a: Zamazenta|def|1
|move|p2a: Salamence|Dragon Dance|p2a: Salamence
|-boost|p2a: Salamence|atk|1
|-boost|p2a: Salamence|spe|1
|
|-heal|p2a: Salamence|67/100|[from] item: Leftovers
|upkeep
|turn|5
|
|t:|1743937483
|move|p2a: Salamence|Outrage|p1a: Zamazenta
|-damage|p1a: Zamazenta|48/100
|move|p1a: Zamazenta|Crunch|p2a: Salamence
|-damage|p2a: Salamence|40/100
|
|-heal|p2a: Salamence|46/100|[from] item: Leftovers
|-heal|p1a: Zamazenta|55/100|[from] item: Leftovers
|upkeep
|turn|6
|
|t:|1743937493
|-terastallize|p1a: Zamazenta|Steel
|move|p2a: Salamence|Outrage|p1a: Zamazenta|[from] lockedmove
|-resisted|p1a: Zamazenta
|-crit|p1a: Zamazenta
|-damage|p1a: Zamazenta|0 fnt
|faint|p1a: Zamazenta
|
|-heal|p2a: Salamence|52/100|[from] item: Leftovers
|upkeep
|
|t:|1743937498
|switch|p1a: Ogerpon|Ogerpon-Wellspring, F|100/100
|turn|7
|c|☆S733LH34R7|My bad
|
|t:|1743937506
|move|p1a: Ogerpon|Hyper Voice|p2a: Salamence
|-damage|p2a: Salamence|0 fnt
|faint|p2a: Salamence
|
|upkeep
|c|☆S733LH34R7|Scarf XD
|
|t:|1743937522
|switch|p2a: Noivern|Noivern, F|100/100
|turn|8
|
|t:|1743937526
|switch|p1a: Slowking|Slowking-Galar, F|100/100
|move|p2a: Noivern|Air Slash|p1a: Slowking
|-damage|p1a: Slowking|80/100
|
|upkeep
|turn|9
|
|t:|1743937533
|move|p2a: Noivern|Defog|p1a: Slowking
|-unboost|p1a: Slowking|evasion|1
|-sideend|p2: S733LH34R7|Stealth Rock|[from] move: Defog|[of] p2a: Noivern
|-prepare|p1a: Slowking|Chilly Reception|[premajor]
|move|p1a: Slowking|Chilly Reception|p1a: Slowking
|-weather|Snowscape
|
|t:|1743937546
|switch|p1a: Ogerpon|Ogerpon-Wellspring, F|100/100|[from] Chilly Reception
|
|-weather|Snowscape|[upkeep]
|upkeep
|turn|10
|
|t:|1743937552
|move|p1a: Ogerpon|Hyper Voice|p2a: Noivern
|-damage|p2a: Noivern|42/100
|move|p2a: Noivern|Air Slash|p1a: Ogerpon
|-damage|p1a: Ogerpon|36/100
|replace|p1a: Zoroark|Zoroark-Hisui, F
|-end|p1a: Zoroark|Illusion
|
|-weather|Snowscape|[upkeep]
|upkeep
|turn|11
|
|t:|1743937562
|move|p1a: Zoroark|Hyper Voice|p2a: Noivern
|-damage|p2a: Noivern|0 fnt
|faint|p2a: Noivern
|
|-weather|Snowscape|[upkeep]
|upkeep
|
|t:|1743937576
|switch|p2a: Dragonite|Dragonite, F|100/100
|turn|12
|
|t:|1743937595
|switch|p1a: Cinderace|Cinderace, F|100/100
|move|p2a: Dragonite|Outrage|p1a: Cinderace
|-damage|p1a: Cinderace|0 fnt
|faint|p1a: Cinderace
|
|-weather|Snowscape|[upkeep]
|upkeep
|
|t:|1743937606
|switch|p1a: Slowking|Slowking-Galar, F|100/100
|turn|13
|
|t:|1743937609
|move|p2a: Dragonite|Outrage|p1a: Slowking|[from] lockedmove
|-damage|p1a: Slowking|33/100
|move|p1a: Slowking|Thunder Wave|p2a: Dragonite
|-status|p2a: Dragonite|par
|
|-weather|none
|upkeep
|turn|14
|
|t:|1743937620
|move|p2a: Dragonite|Outrage|p1a: Slowking|[from] lockedmove
|-damage|p1a: Slowking|0 fnt
|faint|p1a: Slowking
|-start|p2a: Dragonite|confusion|[fatigue]
|
|upkeep
|
|t:|1743937624
|switch|p1a: Ogerpon|Ogerpon-Wellspring, F|36/100
|turn|15
|
|t:|1743937629
|move|p1a: Ogerpon|Bitter Malice|p2a: Dragonite
|-damage|p2a: Dragonite|82/100 par
|-unboost|p2a: Dragonite|atk|1
|-activate|p2a: Dragonite|confusion
|move|p2a: Dragonite|Outrage|p1a: Ogerpon
|-damage|p1a: Ogerpon|0 fnt
|replace|p1a: Zoroark|Zoroark-Hisui, F
|-end|p1a: Zoroark|Illusion
|faint|p1a: Zoroark
|
|upkeep
|
|t:|1743937637
|switch|p1a: Ogerpon|Ogerpon-Wellspring, F|100/100
|turn|16
|
|t:|1743937644
|move|p1a: Ogerpon|Swords Dance|p1a: Ogerpon
|-boost|p1a: Ogerpon|atk|2
|-end|p2a: Dragonite|confusion
|move|p2a: Dragonite|Outrage|p1a: Ogerpon|[from] lockedmove
|-damage|p1a: Ogerpon|34/100
|
|upkeep
|turn|17
|
|t:|1743937652
|move|p1a: Ogerpon|Ivy Cudgel|p2a: Dragonite|[anim] Ivy Cudgel Water
|-resisted|p2a: Dragonite
|-damage|p2a: Dragonite|32/100 par
|cant|p2a: Dragonite|par
|
|-start|p2a: Dragonite|confusion|[fatigue]
|upkeep
|turn|18
|
|t:|1743937661
|-activate|p2a: Dragonite|confusion
|move|p2a: Dragonite|Extreme Speed|p1a: Ogerpon
|-damage|p1a: Ogerpon|5/100
|move|p1a: Ogerpon|Ivy Cudgel|p2a: Dragonite|[anim] Ivy Cudgel Water
|-resisted|p2a: Dragonite
|-crit|p2a: Dragonite
|-damage|p2a: Dragonite|0 fnt
|faint|p2a: Dragonite
|
|upkeep
|c|☆S733LH34R7|Gg
|
|t:|1743937673
|switch|p2a: Garchomp|Garchomp, M|100/100
|turn|19
|
|t:|1743937678
|move|p1a: Ogerpon|Ivy Cudgel|p2a: Garchomp|[anim] Ivy Cudgel Water
|-damage|p2a: Garchomp|28/100
|move|p2a: Garchomp|Earthquake|p1a: Ogerpon
|-resisted|p1a: Ogerpon
|-damage|p1a: Ogerpon|0 fnt
|faint|p1a: Ogerpon
|
|win|S733LH34R7
|raw|bbones150's rating: 1413 &rarr; <strong>1394</strong><br />(-19 for losing)
|raw|S733LH34R7's rating: 1435 &rarr; <strong>1454</strong><br />(+19 for winning)
|l|☆bbones150
|player|p1|
|l|☆S733LH34R7
|player|p2|
