|j|☆bigballsinmyface
|j|☆TOXICccccccccccccc
|t:|1743806878
|gametype|singles
|player|p1|bigballsinmyface|2|1233
|player|p2|TOXICccccccccccccc|hiker-gen4|1202
|teamsize|p1|6
|teamsize|p2|6
|gen|9
|tier|[Gen 9] OU
|rated|
|rule|HP Percentage Mod: HP is shown in percentages
|rule|Endless Battle Clause: Forcing endless battles is banned
|rule|Species Clause: Limit one of each Pokémon
|rule|OHKO Clause: OHKO moves are banned
|rule|Evasion Items Clause: Evasion items are banned
|rule|Evasion Moves Clause: Evasion moves are banned
|rule|Sleep Moves Clause: Sleep-inducing moves are banned
|clearpoke
|poke|p1|Entei|
|poke|p1|Hydrapple, F|
|poke|p1|Dondozo, F|
|poke|p1|Weezing-Galar, F|
|poke|p1|Pecharunt|
|poke|p1|Ting-Lu|
|poke|p2|Glimmora, M|
|poke|p2|Salazzle, F|
|poke|p2|Pecharunt|
|poke|p2|Alomomola, F|
|poke|p2|Samurott-Hisui, M|
|poke|p2|Garchomp, M|
|teampreview
|inactive|Battle timer is ON: inactive players will automatically lose when time's up. (requested by TOXICccccccccccccc)
|inactive|bigballsinmyface has 120 seconds left.
|c|☆TOXICccccccccccccc|( ´•︵•` )
|inactive|bigballsinmyface has 90 seconds left.
|
|t:|1743806968
|start
|switch|p1a: Ting-Lu|Ting-Lu|100/100
|switch|p2a: Pecharunt|Pecharunt|100/100
|-item|p2a: Pecharunt|Air Balloon
|-ability|p1a: Ting-Lu|Vessel of Ruin
|turn|1
|
|t:|1743806973
|move|p2a: Pecharunt|Malignant Chain|p1a: Ting-Lu
|-resisted|p1a: Ting-Lu
|-damage|p1a: Ting-Lu|94/100
|move|p1a: Ting-Lu|Stealth Rock|p2a: Pecharunt
|-sidestart|p2: TOXICccccccccccccc|move: Stealth Rock
|
|upkeep
|turn|2
|
|t:|1743806979
|switch|p1a: Pecharunt|Pecharunt|100/100
|move|p2a: Pecharunt|Malignant Chain|p1a: Pecharunt
|-resisted|p1a: Pecharunt
|-damage|p1a: Pecharunt|92/100
|
|upkeep
|turn|3
|
|t:|1743806983
|move|p2a: Pecharunt|Parting Shot|p1a: Pecharunt
|-unboost|p1a: Pecharunt|atk|1
|-unboost|p1a: Pecharunt|spa|1
|
|t:|1743806985
|switch|p2a: Glimmora|Glimmora, M|100/100|[from] Parting Shot
|-damage|p2a: Glimmora|88/100|[from] Stealth Rock
|move|p1a: Pecharunt|Hex|p2a: Glimmora
|-damage|p2a: Glimmora|76/100
|
|-heal|p2a: Glimmora|82/100|[from] item: Leftovers
|upkeep
|turn|4
|
|t:|1743806989
|move|p1a: Pecharunt|Parting Shot|p2a: Glimmora
|-unboost|p2a: Glimmora|atk|1
|-unboost|p2a: Glimmora|spa|1
|
|t:|1743806993
|switch|p1a: Entei|Entei|100/100|[from] Parting Shot
|move|p2a: Glimmora|Toxic|p1a: Entei
|-status|p1a: Entei|tox
|
|-heal|p2a: Glimmora|88/100|[from] item: Leftovers
|-damage|p1a: Entei|94/100 tox|[from] psn
|upkeep
|turn|5
|
|t:|1743807000
|move|p1a: Entei|Sacred Fire|p2a: Glimmora
|-resisted|p2a: Glimmora
|-crit|p2a: Glimmora
|-damage|p2a: Glimmora|32/100
|move|p2a: Glimmora|Mortal Spin|p1a: Entei
|-damage|p1a: Entei|90/100 tox
|-sideend|p2: TOXICccccccccccccc|Stealth Rock|[from] move: Mortal Spin|[of] p2a: Glimmora
|
|-heal|p2a: Glimmora|39/100|[from] item: Leftovers
|-damage|p1a: Entei|78/100 tox|[from] psn
|upkeep
|turn|6
|
|t:|1743807010
|switch|p1a: Weezing|Weezing-Galar, F|100/100
|-ability|p1a: Weezing|Neutralizing Gas
|switch|p2a: Alomomola|Alomomola, F|100/100
|
|upkeep
|turn|7
|
|t:|1743807016
|move|p1a: Weezing|Strange Steam|p2a: Alomomola
|-damage|p2a: Alomomola|68/100
|move|p2a: Alomomola|Flip Turn|p1a: Weezing
|-damage|p1a: Weezing|89/100
|
|t:|1743807021
|switch|p2a: Glimmora|Glimmora, M|39/100|[from] Flip Turn
|
|-heal|p2a: Glimmora|45/100|[from] item: Leftovers
|upkeep
|turn|8
|
|t:|1743807024
|move|p2a: Glimmora|Toxic|p1a: Weezing
|-immune|p1a: Weezing
|move|p1a: Weezing|Strange Steam|p2a: Glimmora
|-resisted|p2a: Glimmora
|-damage|p2a: Glimmora|34/100
|
|-heal|p2a: Glimmora|40/100|[from] item: Leftovers
|upkeep
|turn|9
|
|t:|1743807034
|move|p2a: Glimmora|Sludge Wave|p1a: Weezing
|-damage|p1a: Weezing|29/100
|move|p1a: Weezing|Will-O-Wisp|p2a: Glimmora
|-status|p2a: Glimmora|brn
|
|-heal|p2a: Glimmora|47/100 brn|[from] item: Leftovers
|-damage|p2a: Glimmora|40/100 brn|[from] brn
|upkeep
|turn|10
|
|t:|1743807038
|-end|p1a: Weezing|ability: Neutralizing Gas
|switch|p1a: Ting-Lu|Ting-Lu|94/100
|-ability|p1a: Ting-Lu|Vessel of Ruin
|move|p2a: Glimmora|Sludge Wave|p1a: Ting-Lu
|-resisted|p1a: Ting-Lu
|-damage|p1a: Ting-Lu|85/100
|
|-heal|p2a: Glimmora|47/100 brn|[from] item: Leftovers
|-damage|p2a: Glimmora|40/100 brn|[from] brn
|upkeep
|turn|11
|
|t:|1743807045
|-terastallize|p2a: Glimmora|Bug
|move|p2a: Glimmora|Toxic|p1a: Ting-Lu
|-status|p1a: Ting-Lu|tox
|move|p1a: Ting-Lu|Earthquake|p2a: Glimmora
|-resisted|p2a: Glimmora
|-damage|p2a: Glimmora|22/100 brn
|
|-heal|p2a: Glimmora|28/100 brn|[from] item: Leftovers
|-damage|p1a: Ting-Lu|79/100 tox|[from] psn
|-damage|p2a: Glimmora|22/100 brn|[from] brn
|upkeep
|turn|12
|
|t:|1743807052
|move|p2a: Glimmora|Toxic Spikes|p1a: Ting-Lu
|-sidestart|p1: bigballsinmyface|move: Toxic Spikes
|move|p1a: Ting-Lu|Stealth Rock|p2a: Glimmora
|-sidestart|p2: TOXICccccccccccccc|move: Stealth Rock
|
|-heal|p2a: Glimmora|28/100 brn|[from] item: Leftovers
|-damage|p1a: Ting-Lu|67/100 tox|[from] psn
|-damage|p2a: Glimmora|22/100 brn|[from] brn
|upkeep
|turn|13
|
|t:|1743807056
|move|p2a: Glimmora|Mortal Spin|p1a: Ting-Lu
|-resisted|p1a: Ting-Lu
|-damage|p1a: Ting-Lu|66/100 tox
|-sideend|p2: TOXICccccccccccccc|Stealth Rock|[from] move: Mortal Spin|[of] p2a: Glimmora
|move|p1a: Ting-Lu|Rest|p1a: Ting-Lu
|-status|p1a: Ting-Lu|slp|[from] move: Rest
|-heal|p1a: Ting-Lu|100/100 slp|[silent]
|
|-heal|p2a: Glimmora|28/100 brn|[from] item: Leftovers
|-damage|p2a: Glimmora|22/100 brn|[from] brn
|upkeep
|turn|14
|
|t:|1743807058
|move|p2a: Glimmora|Toxic Spikes|p1a: Ting-Lu
|-sidestart|p1: bigballsinmyface|move: Toxic Spikes
|cant|p1a: Ting-Lu|slp
|move|p1a: Ting-Lu|Sleep Talk|p1a: Ting-Lu
|move|p1a: Ting-Lu|Earthquake|p2a: Glimmora|[from] move: Sleep Talk
|-resisted|p2a: Glimmora
|-damage|p2a: Glimmora|6/100 brn
|
|-heal|p2a: Glimmora|12/100 brn|[from] item: Leftovers
|-damage|p2a: Glimmora|6/100 brn|[from] brn
|upkeep
|turn|15
|
|t:|1743807061
|switch|p2a: Alomomola|Alomomola, F|68/100
|cant|p1a: Ting-Lu|slp
|move|p1a: Ting-Lu|Sleep Talk|p1a: Ting-Lu
|move|p1a: Ting-Lu|Stealth Rock|p2a: Alomomola|[from] move: Sleep Talk
|-sidestart|p2: TOXICccccccccccccc|move: Stealth Rock
|
|upkeep
|turn|16
|
|t:|1743807066
|switch|p1a: Pecharunt|Pecharunt|92/100
|-sideend|p1: bigballsinmyface|move: Toxic Spikes|[of] p1a: Pecharunt
|move|p2a: Alomomola|Wish|p2a: Alomomola
|
|upkeep
|turn|17
|
|t:|1743807074
|move|p1a: Pecharunt|Malignant Chain|p2a: Alomomola
|-damage|p2a: Alomomola|34/100
|-status|p2a: Alomomola|tox
|-start|p2a: Alomomola|confusion|[from] ability: Poison Puppeteer|[of] p1a: Pecharunt
|-activate|p2a: Alomomola|confusion
|-damage|p2a: Alomomola|30/100 tox|[from] confusion
|
|-heal|p2a: Alomomola|80/100 tox|[from] move: Wish|[wisher] Alomomola
|-damage|p2a: Alomomola|74/100 tox|[from] psn
|upkeep
|turn|18
|
|t:|1743807083
|switch|p2a: Glimmora|Glimmora, M, tera:Bug|6/100 brn
|-damage|p2a: Glimmora|0 fnt|[from] Stealth Rock
|faint|p2a: Glimmora
|move|p1a: Pecharunt|Parting Shot|p2: Glimmora|[notarget]
|-fail|p1a: Pecharunt
|
|upkeep
|
|t:|1743807085
|switch|p2a: Samurott|Samurott-Hisui, M|100/100
|-damage|p2a: Samurott|88/100|[from] Stealth Rock
|turn|19
|
|t:|1743807089
|move|p2a: Samurott|Ceaseless Edge|p1a: Pecharunt
|-supereffective|p1a: Pecharunt
|-damage|p1a: Pecharunt|50/100
|-sidestart|p1: bigballsinmyface|Spikes
|move|p1a: Pecharunt|Parting Shot|p2a: Samurott
|-unboost|p2a: Samurott|atk|1
|-unboost|p2a: Samurott|spa|1
|
|t:|1743807091
|switch|p1a: Hydrapple|Hydrapple, F|100/100|[from] Parting Shot
|-damage|p1a: Hydrapple|88/100|[from] Spikes
|
|upkeep
|turn|20
|
|t:|1743807096
|move|p2a: Samurott|Ceaseless Edge|p1a: Hydrapple
|-damage|p1a: Hydrapple|66/100
|-sidestart|p1: bigballsinmyface|Spikes
|move|p1a: Hydrapple|Giga Drain|p2a: Samurott
|-supereffective|p2a: Samurott
|-damage|p2a: Samurott|0 fnt
|-heal|p1a: Hydrapple|100/100|[from] drain|[of] p2a: Samurott
|faint|p2a: Samurott
|-damage|p1a: Hydrapple|91/100|[from] item: Life Orb
|
|upkeep
|
|t:|1743807111
|switch|p2a: Pecharunt|Pecharunt|100/100
|-damage|p2a: Pecharunt|88/100|[from] Stealth Rock
|-item|p2a: Pecharunt|Air Balloon
|turn|21
|
|t:|1743807115
|-terastallize|p1a: Hydrapple|Poison
|move|p2a: Pecharunt|Shadow Ball|p1a: Hydrapple
|-damage|p1a: Hydrapple|65/100
|-unboost|p1a: Hydrapple|spd|1
|move|p1a: Hydrapple|Giga Drain|p2a: Pecharunt
|-resisted|p2a: Pecharunt
|-damage|p2a: Pecharunt|63/100
|-heal|p1a: Hydrapple|76/100|[from] drain|[of] p2a: Pecharunt
|-enditem|p2a: Pecharunt|Air Balloon
|-damage|p1a: Hydrapple|67/100|[from] item: Life Orb
|
|upkeep
|turn|22
|
|t:|1743807123
|switch|p1a: Ting-Lu|Ting-Lu|100/100 slp
|-ability|p1a: Ting-Lu|Vessel of Ruin
|move|p2a: Pecharunt|Parting Shot|p1a: Ting-Lu
|-unboost|p1a: Ting-Lu|atk|1
|-unboost|p1a: Ting-Lu|spa|1
|
|t:|1743807129
|switch|p2a: Garchomp|Garchomp, M|100/100|[from] Parting Shot
|-damage|p2a: Garchomp|94/100|[from] Stealth Rock
|
|upkeep
|turn|23
|
|t:|1743807132
|switch|p1a: Dondozo|Dondozo, F|100/100
|-damage|p1a: Dondozo|84/100|[from] Spikes
|move|p2a: Garchomp|Substitute|p2a: Garchomp
|-start|p2a: Garchomp|Substitute
|-damage|p2a: Garchomp|69/100
|
|upkeep
|turn|24
|
|t:|1743807135
|move|p2a: Garchomp|Scale Shot|p1a: Dondozo
|-damage|p1a: Dondozo|76/100
|-damage|p1a: Dondozo|67/100
|-damage|p1a: Dondozo|60/100
|-damage|p1a: Dondozo|52/100
|-hitcount|p1a: Dondozo|4
|-unboost|p2a: Garchomp|def|1
|-boost|p2a: Garchomp|spe|1
|move|p1a: Dondozo|Curse|p1a: Dondozo
|-unboost|p1a: Dondozo|spe|1
|-boost|p1a: Dondozo|atk|1
|-boost|p1a: Dondozo|def|1
|
|upkeep
|turn|25
|
|t:|1743807147
|switch|p2a: Salazzle|Salazzle, F|100/100
|-damage|p2a: Salazzle|75/100|[from] Stealth Rock
|move|p1a: Dondozo|Rest|p1a: Dondozo
|-status|p1a: Dondozo|slp|[from] move: Rest
|-heal|p1a: Dondozo|100/100 slp|[silent]
|-enditem|p1a: Dondozo|Chesto Berry|[eat]
|-curestatus|p1a: Dondozo|slp|[msg]
|
|-heal|p2a: Salazzle|82/100|[from] item: Leftovers
|upkeep
|turn|26
|
|t:|1743807151
|move|p2a: Salazzle|Encore|p1a: Dondozo
|-start|p1a: Dondozo|Encore
|move|p1a: Dondozo|Rest|p1a: Dondozo
|-fail|p1a: Dondozo|heal
|
|-heal|p2a: Salazzle|88/100|[from] item: Leftovers
|upkeep
|turn|27
|
|t:|1743807157
|switch|p1a: Ting-Lu|Ting-Lu|100/100 slp
|-ability|p1a: Ting-Lu|Vessel of Ruin
|move|p2a: Salazzle|Toxic||[still]
|-fail|p2a: Salazzle
|
|-heal|p2a: Salazzle|94/100|[from] item: Leftovers
|upkeep
|turn|28
|
|t:|1743807161
|move|p2a: Salazzle|Substitute|p2a: Salazzle
|-start|p2a: Salazzle|Substitute
|-damage|p2a: Salazzle|69/100
|-curestatus|p1a: Ting-Lu|slp|[msg]
|move|p1a: Ting-Lu|Earthquake|p2a: Salazzle
|-supereffective|p2a: Salazzle
|-end|p2a: Salazzle|Substitute
|
|-heal|p2a: Salazzle|75/100|[from] item: Leftovers
|upkeep
|turn|29
|
|t:|1743807168
|switch|p2a: Alomomola|Alomomola, F|100/100 tox
|move|p1a: Ting-Lu|Earthquake|p2a: Alomomola
|-damage|p2a: Alomomola|82/100 tox
|
|-damage|p2a: Alomomola|76/100 tox|[from] psn
|upkeep
|turn|30
|
|t:|1743807173
|switch|p1a: Weezing|Weezing-Galar, F|29/100
|-ability|p1a: Weezing|Neutralizing Gas
|move|p2a: Alomomola|Flip Turn|p1a: Weezing
|-crit|p1a: Weezing
|-damage|p1a: Weezing|13/100
|
|t:|1743807180
|switch|p2a: Pecharunt|Pecharunt|63/100|[from] Flip Turn
|-damage|p2a: Pecharunt|50/100|[from] Stealth Rock
|
|upkeep
|turn|31
|
|t:|1743807187
|move|p2a: Pecharunt|Shadow Ball|p1a: Weezing
|-damage|p1a: Weezing|0 fnt
|faint|p1a: Weezing
|-end|p1a: Weezing|ability: Neutralizing Gas
|
|upkeep
|
|t:|1743807189
|switch|p1a: Hydrapple|Hydrapple, F, tera:Poison|99/100
|-damage|p1a: Hydrapple|83/100|[from] Spikes
|turn|32
|
|t:|1743807200
|move|p2a: Pecharunt|Parting Shot|p1a: Hydrapple
|-unboost|p1a: Hydrapple|atk|1
|-unboost|p1a: Hydrapple|spa|1
|
|t:|1743807202
|switch|p2a: Alomomola|Alomomola, F|76/100 tox|[from] Parting Shot
|move|p1a: Hydrapple|Earth Power|p2a: Alomomola
|-damage|p2a: Alomomola|45/100 tox
|-damage|p1a: Hydrapple|73/100|[from] item: Life Orb
|
|-damage|p2a: Alomomola|38/100 tox|[from] psn
|upkeep
|turn|33
|
|t:|1743807209
|move|p1a: Hydrapple|Draco Meteor|p2a: Alomomola|[miss]
|-miss|p1a: Hydrapple|p2a: Alomomola
|move|p2a: Alomomola|Flip Turn|p1a: Hydrapple
|-damage|p1a: Hydrapple|61/100
|
|t:|1743807215
|switch|p2a: Garchomp|Garchomp, M|69/100|[from] Flip Turn
|-damage|p2a: Garchomp|63/100|[from] Stealth Rock
|
|upkeep
|turn|34
|
|t:|1743807225
|move|p2a: Garchomp|Earthquake|p1a: Hydrapple
|-supereffective|p1a: Hydrapple
|-damage|p1a: Hydrapple|0 fnt
|faint|p1a: Hydrapple
|
|upkeep
|-message|bigballsinmyface forfeited.
|
|win|TOXICccccccccccccc
|raw|bigballsinmyface's rating: 1260 &rarr; <strong>1231</strong><br />(-29 for losing)
|raw|TOXICccccccccccccc's rating: 1202 &rarr; <strong>1231</strong><br />(+29 for winning)
|l|☆bigballsinmyface
|player|p1|
