|j|☆H85le4
|j|☆Kidday
|t:|1743883996
|gametype|singles
|player|p1|H85le4|swimmer-gen4dp|1164
|player|p2|Kidday|psychic|1201
|teamsize|p1|6
|teamsize|p2|6
|gen|9
|tier|[Gen 9] OU
|rated|
|rule|HP Percentage Mod: HP is shown in percentages
|rule|Endless Battle Clause: Forcing endless battles is banned
|rule|Species Clause: Limit one of each Pokémon
|rule|OHKO Clause: OHKO moves are banned
|rule|Evasion Items Clause: Evasion items are banned
|rule|Evasion Moves Clause: Evasion moves are banned
|rule|Sleep Moves Clause: Sleep-inducing moves are banned
|clearpoke
|poke|p1|Infernape, M|
|poke|p1|Morgrem, M|
|poke|p1|Dondozo, F|
|poke|p1|Iron Treads|
|poke|p1|Sinistcha|
|poke|p1|Clefable, F|
|poke|p2|Blastoise, M|
|poke|p2|Sceptile, M|
|poke|p2|Golurk|
|poke|p2|Kingambit, M|
|poke|p2|Magmortar, M|
|poke|p2|Grimmsnarl, M|
|teampreview
|inactive|Battle timer is ON: inactive players will automatically lose when time's up. (requested by H85le4)
|
|t:|1743884010
|start
|switch|p1a: Morgrem|Morgrem, M|100/100
|switch|p2a: Grimmsnarl|Grimmsnarl, M, shiny|100/100
|turn|1
|
|t:|1743884022
|move|p1a: Morgrem|Reflect|p1a: Morgrem
|-sidestart|p1: H85le4|Reflect
|move|p2a: Grimmsnarl|Spirit Break|p1a: Morgrem
|-supereffective|p1a: Morgrem
|-damage|p1a: Morgrem|73/100
|-unboost|p1a: Morgrem|spa|1
|
|upkeep
|turn|2
|
|t:|1743884030
|move|p1a: Morgrem|Light Screen|p1a: Morgrem
|-sidestart|p1: H85le4|move: Light Screen
|move|p2a: Grimmsnarl|Reflect|p2a: Grimmsnarl
|-sidestart|p2: Kidday|Reflect
|
|upkeep
|turn|3
|
|t:|1743884035
|move|p2a: Grimmsnarl|Light Screen|p2a: Grimmsnarl
|-sidestart|p2: Kidday|move: Light Screen
|move|p1a: Morgrem|Chilling Water|p2a: Grimmsnarl
|-damage|p2a: Grimmsnarl|97/100
|-unboost|p2a: Grimmsnarl|atk|1
|
|upkeep
|turn|4
|
|t:|1743884048
|switch|p1a: Iron Treads|Iron Treads, shiny|100/100
|move|p2a: Grimmsnarl|Spirit Break|p1a: Iron Treads
|-resisted|p1a: Iron Treads
|-damage|p1a: Iron Treads|96/100
|-unboost|p1a: Iron Treads|spa|1
|
|upkeep
|turn|5
|
|t:|1743884062
|move|p2a: Grimmsnarl|Parting Shot|p1a: Iron Treads
|-unboost|p1a: Iron Treads|atk|1
|-unboost|p1a: Iron Treads|spa|1
|
|t:|1743884086
|switch|p2a: Golurk|Golurk, shiny|100/100|[from] Parting Shot
|move|p1a: Iron Treads|Heavy Slam|p2a: Golurk
|-damage|p2a: Golurk|93/100
|
|-sideend|p1: H85le4|Reflect
|upkeep
|turn|6
|
|t:|1743884100
|-end|p1a: Iron Treads|Quark Drive|[silent]
|switch|p1a: Morgrem|Morgrem, M|73/100
|move|p2a: Golurk|Earthquake|p1a: Morgrem
|-damage|p1a: Morgrem|0 fnt
|faint|p1a: Morgrem
|
|-sideend|p1: H85le4|move: Light Screen
|upkeep
|
|t:|1743884110
|switch|p1a: Sinistcha|Sinistcha|100/100
|turn|7
|
|t:|1743884115
|switch|p2a: Magmortar|Magmortar, M, shiny|100/100
|move|p1a: Sinistcha|Calm Mind|p1a: Sinistcha
|-boost|p1a: Sinistcha|spa|1
|-boost|p1a: Sinistcha|spd|1
|
|upkeep
|turn|8
|
|t:|1743884122
|move|p2a: Magmortar|Flamethrower|p1a: Sinistcha
|-supereffective|p1a: Sinistcha
|-damage|p1a: Sinistcha|63/100
|move|p1a: Sinistcha|Calm Mind|p1a: Sinistcha
|-boost|p1a: Sinistcha|spa|1
|-boost|p1a: Sinistcha|spd|1
|
|-heal|p1a: Sinistcha|69/100|[from] item: Leftovers
|upkeep
|turn|9
|
|t:|1743884132
|move|p2a: Magmortar|Flamethrower|p1a: Sinistcha
|-supereffective|p1a: Sinistcha
|-damage|p1a: Sinistcha|38/100
|move|p1a: Sinistcha|Hex|p2a: Magmortar
|-damage|p2a: Magmortar|83/100
|
|-heal|p1a: Sinistcha|44/100|[from] item: Leftovers
|-sideend|p2: Kidday|Reflect
|upkeep
|turn|10
|
|t:|1743884144
|move|p2a: Magmortar|Flamethrower|p1a: Sinistcha
|-supereffective|p1a: Sinistcha
|-damage|p1a: Sinistcha|14/100
|move|p1a: Sinistcha|Strength Sap|p2a: Magmortar
|-unboost|p2a: Magmortar|atk|1
|-heal|p1a: Sinistcha|65/100
|
|-heal|p1a: Sinistcha|71/100|[from] item: Leftovers
|-sideend|p2: Kidday|move: Light Screen
|upkeep
|turn|11
|
|t:|1743884155
|switch|p1a: Dondozo|Dondozo, F, shiny|100/100
|move|p2a: Magmortar|Flamethrower|p1a: Dondozo
|-resisted|p1a: Dondozo
|-damage|p1a: Dondozo|85/100
|
|upkeep
|turn|12
|
|t:|1743884161
|move|p2a: Magmortar|Thunderbolt|p1a: Dondozo
|-supereffective|p1a: Dondozo
|-damage|p1a: Dondozo|41/100
|move|p1a: Dondozo|Liquidation|p2a: Magmortar
|-supereffective|p2a: Magmortar
|-damage|p2a: Magmortar|0 fnt
|faint|p2a: Magmortar
|
|upkeep
|
|t:|1743884186
|switch|p2a: Grimmsnarl|Grimmsnarl, M, shiny|97/100
|turn|13
|
|t:|1743884197
|move|p2a: Grimmsnarl|Reflect|p2a: Grimmsnarl
|-sidestart|p2: Kidday|Reflect
|move|p1a: Dondozo|Liquidation|p2a: Grimmsnarl
|-damage|p2a: Grimmsnarl|78/100
|
|upkeep
|turn|14
|
|t:|1743884202
|move|p2a: Grimmsnarl|Spirit Break|p1a: Dondozo
|-damage|p1a: Dondozo|23/100
|-unboost|p1a: Dondozo|spa|1
|move|p1a: Dondozo|Liquidation|p2a: Grimmsnarl
|-damage|p2a: Grimmsnarl|59/100
|
|upkeep
|turn|15
|
|t:|1743884232
|move|p2a: Grimmsnarl|Spirit Break|p1a: Dondozo
|-damage|p1a: Dondozo|5/100
|-unboost|p1a: Dondozo|spa|1
|move|p1a: Dondozo|Liquidation|p2a: Grimmsnarl
|-damage|p2a: Grimmsnarl|40/100
|-unboost|p2a: Grimmsnarl|def|1
|
|upkeep
|turn|16
|
|t:|1743884241
|move|p2a: Grimmsnarl|Spirit Break|p1a: Dondozo
|-damage|p1a: Dondozo|0 fnt
|faint|p1a: Dondozo
|
|upkeep
|
|t:|1743884250
|switch|p1a: Infernape|Infernape, M|100/100
|turn|17
|
|t:|1743884258
|move|p2a: Grimmsnarl|Parting Shot|p1a: Infernape
|-unboost|p1a: Infernape|atk|1
|-unboost|p1a: Infernape|spa|1
|
|t:|1743884263
|switch|p2a: Golurk|Golurk, shiny|93/100|[from] Parting Shot
|move|p1a: Infernape|Bulk Up|p1a: Infernape
|-boost|p1a: Infernape|atk|1
|-boost|p1a: Infernape|def|1
|
|upkeep
|turn|18
|
|t:|1743884275
|switch|p1a: Sinistcha|Sinistcha|71/100
|move|p2a: Golurk|Poltergeist|p1a: Sinistcha
|-activate|p1a: Sinistcha|move: Poltergeist|Leftovers
|-supereffective|p1a: Sinistcha
|-damage|p1a: Sinistcha|0 fnt
|faint|p1a: Sinistcha
|
|upkeep
|-message|H85le4 forfeited.
|
|win|Kidday
|raw|H85le4's rating: 1164 &rarr; <strong>1142</strong><br />(-22 for losing)
|raw|Kidday's rating: 1201 &rarr; <strong>1223</strong><br />(+22 for winning)
|l|☆H85le4
|player|p1|
|l|☆Kidday
|player|p2|
