|j|☆RandomStratEnjoyer
|j|☆theproethan
|t:|1743790130
|gametype|singles
|player|p1|RandomStratEnjoyer|170|1074
|player|p2|theproethan|2|1085
|teamsize|p1|6
|teamsize|p2|6
|gen|9
|tier|[Gen 9] OU
|rated|
|rule|HP Percentage Mod: HP is shown in percentages
|rule|Endless Battle Clause: Forcing endless battles is banned
|rule|Species Clause: Limit one of each Pokémon
|rule|OHKO Clause: OHKO moves are banned
|rule|Evasion Items Clause: Evasion items are banned
|rule|Evasion Moves Clause: Evasion moves are banned
|rule|Sleep Moves Clause: Sleep-inducing moves are banned
|clearpoke
|poke|p1|Minior-Indigo|
|poke|p1|Dondozo, F|
|poke|p1|Great Tusk|
|poke|p1|Galvantula, F|
|poke|p1|Flapple, F|
|poke|p1|Iron Moth|
|poke|p2|Zamazenta-*|
|poke|p2|Kingambit, F|
|poke|p2|Samurott-Hisui, F|
|poke|p2|Landorus-Therian, M|
|poke|p2|Iron Valiant|
|poke|p2|Iron Moth|
|teampreview
|
|t:|1743790137
|start
|switch|p1a: Flapple|Flapple, F|100/100
|switch|p2a: Landorus|Landorus-Therian, M|100/100
|-ability|p2a: Landorus|Intimidate|boost
|-unboost|p1a: Flapple|atk|1
|turn|1
|
|t:|1743790145
|move|p2a: Landorus|Stealth Rock|p1a: Flapple
|-sidestart|p1: RandomStratEnjoyer|move: Stealth Rock
|move|p1a: Flapple|Dragon Dance|p1a: Flapple
|-boost|p1a: Flapple|atk|1
|-boost|p1a: Flapple|spe|1
|
|upkeep
|turn|2
|
|t:|1743790154
|move|p1a: Flapple|Dragon Dance|p1a: Flapple
|-boost|p1a: Flapple|atk|1
|-boost|p1a: Flapple|spe|1
|move|p2a: Landorus|Taunt|p1a: Flapple
|-start|p1a: Flapple|move: Taunt
|
|upkeep
|turn|3
|
|t:|1743790161
|move|p1a: Flapple|Grav Apple|p2a: Landorus
|-damage|p2a: Landorus|10/100
|-unboost|p2a: Landorus|def|1
|move|p2a: Landorus|U-turn|p1a: Flapple
|-supereffective|p1a: Flapple
|-damage|p1a: Flapple|31/100
|
|t:|1743790174
|switch|p2a: Iron Moth|Iron Moth|100/100|[from] U-turn
|-enditem|p2a: Iron Moth|Booster Energy
|-activate|p2a: Iron Moth|ability: Quark Drive|[fromitem]
|-start|p2a: Iron Moth|quarkdrivespe
|
|upkeep
|turn|4
|inactive|Battle timer is ON: inactive players will automatically lose when time's up. (requested by RandomStratEnjoyer)
|
|t:|1743790189
|-terastallize|p2a: Iron Moth|Ground
|move|p2a: Iron Moth|Tera Blast|p1a: Flapple|[anim] Tera Blast Ground
|-resisted|p1a: Flapple
|-damage|p1a: Flapple|0 fnt
|faint|p1a: Flapple
|
|upkeep
|
|t:|1743790199
|switch|p1a: Great Tusk|Great Tusk|100/100
|turn|5
|
|t:|1743790206
|move|p2a: Iron Moth|Psychic|p1a: Great Tusk
|-supereffective|p1a: Great Tusk
|-damage|p1a: Great Tusk|3/100
|move|p1a: Great Tusk|Rapid Spin|p2a: Iron Moth
|-damage|p2a: Iron Moth|76/100
|-boost|p1a: Great Tusk|spe|1
|-sideend|p1: RandomStratEnjoyer|Stealth Rock|[from] move: Rapid Spin|[of] p1a: Great Tusk
|
|upkeep
|turn|6
|
|t:|1743790216
|move|p2a: Iron Moth|Tera Blast|p1a: Great Tusk|[anim] Tera Blast Ground
|-damage|p1a: Great Tusk|0 fnt
|faint|p1a: Great Tusk
|-end|p1a: Great Tusk|Protosynthesis|[silent]
|
|upkeep
|
|t:|1743790226
|switch|p1a: Minior|Minior-Indigo, shiny|100/100
|-formechange|p1a: Minior|Minior-Meteor||[from] ability: Shields Down
|turn|7
|
|t:|1743790242
|move|p2a: Iron Moth|Fiery Dance|p1a: Minior
|-resisted|p1a: Minior
|-damage|p1a: Minior|72/100
|move|p1a: Minior|Shell Smash|p1a: Minior
|-unboost|p1a: Minior|def|1
|-unboost|p1a: Minior|spd|1
|-boost|p1a: Minior|atk|2
|-boost|p1a: Minior|spa|2
|-boost|p1a: Minior|spe|2
|-enditem|p1a: Minior|White Herb
|-clearnegativeboost|p1a: Minior|[silent]
|
|upkeep
|turn|8
|
|t:|1743790261
|-terastallize|p1a: Minior|Flying
|move|p2a: Iron Moth|Psychic|p1a: Minior
|-damage|p1a: Minior|30/100
|move|p1a: Minior|Acrobatics|p2a: Iron Moth
|-damage|p2a: Iron Moth|0 fnt
|faint|p2a: Iron Moth
|-end|p2a: Iron Moth|Quark Drive|[silent]
|
|-formechange|p1a: Minior|Minior-Indigo||[from] ability: Shields Down
|upkeep
|
|t:|1743790278
|switch|p2a: Kingambit|Kingambit, F|100/100
|-activate|p2a: Kingambit|ability: Supreme Overlord
|-start|p2a: Kingambit|fallen1|[silent]
|turn|9
|
|t:|1743790287
|move|p2a: Kingambit|Sucker Punch|p1a: Minior
|-damage|p1a: Minior|0 fnt
|faint|p1a: Minior
|
|upkeep
|
|t:|1743790293
|switch|p1a: Iron Moth|Iron Moth|100/100
|-enditem|p1a: Iron Moth|Booster Energy
|-activate|p1a: Iron Moth|ability: Quark Drive|[fromitem]
|-start|p1a: Iron Moth|quarkdrivespa
|turn|10
|
|t:|1743790304
|-end|p2a: Kingambit|fallen1|[silent]
|switch|p2a: Samurott|Samurott-Hisui, F|100/100
|move|p1a: Iron Moth|Fiery Dance|p2a: Samurott
|-resisted|p2a: Samurott
|-damage|p2a: Samurott|58/100
|-boost|p1a: Iron Moth|spa|1
|
|upkeep
|turn|11
|
|t:|1743790314
|move|p1a: Iron Moth|Bug Buzz|p2a: Samurott
|-supereffective|p2a: Samurott
|-damage|p2a: Samurott|0 fnt
|faint|p2a: Samurott
|
|upkeep
|
|t:|1743790324
|switch|p2a: Iron Valiant|Iron Valiant|100/100
|-enditem|p2a: Iron Valiant|Booster Energy
|-activate|p2a: Iron Valiant|ability: Quark Drive|[fromitem]
|-start|p2a: Iron Valiant|quarkdrivespe
|turn|12
|
|t:|1743790330
|move|p2a: Iron Valiant|Moonblast|p1a: Iron Moth
|-resisted|p1a: Iron Moth
|-damage|p1a: Iron Moth|89/100
|-unboost|p1a: Iron Moth|spa|1
|move|p1a: Iron Moth|Sludge Wave|p2a: Iron Valiant
|-supereffective|p2a: Iron Valiant
|-damage|p2a: Iron Valiant|0 fnt
|faint|p2a: Iron Valiant
|-end|p2a: Iron Valiant|Quark Drive|[silent]
|
|upkeep
|
|t:|1743790337
|switch|p2a: Kingambit|Kingambit, F|100/100
|-activate|p2a: Kingambit|ability: Supreme Overlord
|-start|p2a: Kingambit|fallen3|[silent]
|turn|13
|
|t:|1743790347
|move|p1a: Iron Moth|Fiery Dance|p2a: Kingambit
|-supereffective|p2a: Kingambit
|-damage|p2a: Kingambit|0 fnt
|-boost|p1a: Iron Moth|spa|1
|faint|p2a: Kingambit
|-end|p2a: Kingambit|fallen3|[silent]
|
|upkeep
|
|t:|1743790352
|switch|p2a: Landorus|Landorus-Therian, M|10/100
|-ability|p2a: Landorus|Intimidate|boost
|-unboost|p1a: Iron Moth|atk|1
|turn|14
|-message|theproethan forfeited.
|
|win|RandomStratEnjoyer
|raw|RandomStratEnjoyer's rating: 1074 &rarr; <strong>1104</strong><br />(+30 for winning)
|raw|theproethan's rating: 1085 &rarr; <strong>1062</strong><br />(-23 for losing)
|l|☆theproethan
|player|p2|
|l|☆RandomStratEnjoyer
|player|p1|
