|j|☆MyStickyFingers
|j|☆Hari12
|t:|1743916737
|gametype|singles
|player|p1|MyStickyFingers|veteran|1134
|player|p2|Hari12|steven|1075
|teamsize|p1|6
|teamsize|p2|6
|gen|9
|tier|[Gen 9] OU
|rated|
|rule|HP Percentage Mod: HP is shown in percentages
|rule|Endless Battle Clause: Forcing endless battles is banned
|rule|Species Clause: Limit one of each Pokémon
|rule|OHKO Clause: OHKO moves are banned
|rule|Evasion Items Clause: Evasion items are banned
|rule|Evasion Moves Clause: Evasion moves are banned
|rule|Sleep Moves Clause: Sleep-inducing moves are banned
|clearpoke
|poke|p1|Bronzong|
|poke|p1|Cloyster, M|
|poke|p1|Landorus-Therian, M|
|poke|p1|Skeledirge, M|
|poke|p1|Rotom-Wash|
|poke|p1|Zamazenta-*|
|poke|p2|Darkrai|
|poke|p2|Cinderace, M|
|poke|p2|Iron Crown|
|poke|p2|Iron Valiant|
|poke|p2|Serperior, F|
|poke|p2|Glimmora, F|
|teampreview
|inactive|Battle timer is ON: inactive players will automatically lose when time's up. (requested by Hari12)
|
|t:|1743916743
|start
|switch|p1a: bash|Cloyster, M, shiny|100/100
|switch|p2a: Iron Valiant|Iron Valiant|100/100
|turn|1
|
|t:|1743916762
|move|p2a: Iron Valiant|Close Combat|p1a: bash
|-supereffective|p1a: bash
|-damage|p1a: bash|5/100
|-unboost|p2a: Iron Valiant|def|1
|-unboost|p2a: Iron Valiant|spd|1
|move|p1a: bash|Shell Smash|p1a: bash
|-unboost|p1a: bash|def|1
|-unboost|p1a: bash|spd|1
|-boost|p1a: bash|atk|2
|-boost|p1a: bash|spa|2
|-boost|p1a: bash|spe|2
|-enditem|p1a: bash|White Herb
|-clearnegativeboost|p1a: bash|[silent]
|
|upkeep
|turn|2
|
|t:|1743916769
|move|p1a: bash|Icicle Spear|p2a: Iron Valiant
|-damage|p2a: Iron Valiant|62/100
|-damage|p2a: Iron Valiant|28/100
|-damage|p2a: Iron Valiant|0 fnt
|faint|p2a: Iron Valiant
|-end|p2a: Iron Valiant|Quark Drive|[silent]
|-hitcount|p2: Iron Valiant|3
|
|upkeep
|
|t:|1743916780
|switch|p2a: Iron Crown|Iron Crown|100/100
|turn|3
|
|t:|1743916796
|move|p1a: bash|Razor Shell|p2a: Iron Crown
|-damage|p2a: Iron Crown|36/100
|-unboost|p2a: Iron Crown|def|1
|move|p2a: Iron Crown|Volt Switch|p1a: bash
|-supereffective|p1a: bash
|-crit|p1a: bash
|-damage|p1a: bash|0 fnt
|faint|p1a: bash
|
|t:|1743916805
|-end|p2a: Iron Crown|Quark Drive|[silent]
|switch|p2a: Glimmora|Glimmora, F|100/100|[from] Volt Switch
|
|upkeep
|
|t:|1743916821
|switch|p1a: gong|Bronzong, shiny|100/100
|turn|4
|
|t:|1743916827
|move|p2a: Glimmora|Stealth Rock|p1a: gong
|-sidestart|p1: MyStickyFingers|move: Stealth Rock
|move|p1a: gong|Trick Room|p1a: gong
|-fieldstart|move: Trick Room|[of] p1a: gong
|
|upkeep
|turn|5
|
|t:|1743916835
|move|p1a: gong|Light Screen|p1a: gong
|-sidestart|p1: MyStickyFingers|move: Light Screen
|move|p2a: Glimmora|Spikes|p1a: gong
|-sidestart|p1: MyStickyFingers|Spikes
|
|upkeep
|turn|6
|
|t:|1743916839
|move|p1a: gong|Earthquake|p2a: Glimmora
|-supereffective|p2a: Glimmora
|-damage|p2a: Glimmora|10/100
|-activate|p2a: Glimmora|ability: Toxic Debris
|-sidestart|p1: MyStickyFingers|move: Toxic Spikes
|-enditem|p2a: Glimmora|Sitrus Berry|[eat]
|-heal|p2a: Glimmora|35/100|[from] item: Sitrus Berry
|move|p2a: Glimmora|Spikes|p1a: gong
|-sidestart|p1: MyStickyFingers|Spikes
|
|upkeep
|turn|7
|
|t:|1743916849
|move|p1a: gong|Earthquake|p2a: Glimmora
|-supereffective|p2a: Glimmora
|-crit|p2a: Glimmora
|-damage|p2a: Glimmora|0 fnt
|-activate|p2a: Glimmora|ability: Toxic Debris
|-sidestart|p1: MyStickyFingers|move: Toxic Spikes
|faint|p2a: Glimmora
|
|upkeep
|
|t:|1743916855
|switch|p2a: Cinderace|Cinderace, M|100/100
|turn|8
|
|t:|1743916864
|move|p1a: gong|Earthquake|p2a: Cinderace
|-supereffective|p2a: Cinderace
|-damage|p2a: Cinderace|41/100
|move|p2a: Cinderace|Pyro Ball|p1a: gong
|-supereffective|p1a: gong
|-damage|p1a: gong|27/100
|
|-fieldend|move: Trick Room
|upkeep
|turn|9
|
|t:|1743916875
|switch|p1a: woof|Landorus-Therian, M|100/100
|-ability|p1a: woof|Intimidate|boost
|-unboost|p2a: Cinderace|atk|1
|move|p2a: Cinderace|Pyro Ball|p1a: woof|[miss]
|-miss|p2a: Cinderace|p1a: woof
|
|-sideend|p1: MyStickyFingers|move: Light Screen
|upkeep
|turn|10
|
|t:|1743916882
|move|p2a: Cinderace|U-turn|p1a: woof
|-start|p2a: Cinderace|typechange|Bug|[from] ability: Libero
|-resisted|p1a: woof
|-crit|p1a: woof
|-damage|p1a: woof|80/100
|
|t:|1743916895
|switch|p2a: Darkrai|Darkrai|100/100|[from] U-turn
|move|p1a: woof|Earthquake|p2a: Darkrai
|-damage|p2a: Darkrai|41/100
|
|upkeep
|turn|11
|
|t:|1743916915
|move|p2a: Darkrai|Ice Beam|p1a: woof
|-supereffective|p1a: woof
|-damage|p1a: woof|0 fnt
|faint|p1a: woof
|
|upkeep
|
|t:|1743916920
|switch|p1a: laundry|Rotom-Wash|100/100
|turn|12
|
|t:|1743916927
|move|p2a: Darkrai|Ice Beam|p1a: laundry
|-resisted|p1a: laundry
|-damage|p1a: laundry|75/100
|move|p1a: laundry|Hydro Pump|p2a: Darkrai
|-damage|p2a: Darkrai|0 fnt
|faint|p2a: Darkrai
|
|upkeep
|
|t:|1743916933
|switch|p2a: Serperior|Serperior, F, shiny|100/100
|turn|13
|
|t:|1743916939
|switch|p1a: he dont bite|Skeledirge, M, shiny|100/100
|move|p2a: Serperior|Leaf Storm|p1a: he dont bite
|-resisted|p1a: he dont bite
|-damage|p1a: he dont bite|80/100
|-boost|p2a: Serperior|spa|2
|
|upkeep
|turn|14
|
|t:|1743916947
|-terastallize|p2a: Serperior|Dragon
|move|p2a: Serperior|Glare|p1a: he dont bite
|-status|p1a: he dont bite|par
|move|p1a: he dont bite|Torch Song|p2a: Serperior
|-resisted|p2a: Serperior
|-damage|p2a: Serperior|82/100
|-boost|p1a: he dont bite|spa|1
|
|-heal|p2a: Serperior|88/100|[from] item: Leftovers
|upkeep
|turn|15
|
|t:|1743916956
|move|p2a: Serperior|Dragon Pulse|p1a: he dont bite
|-damage|p1a: he dont bite|53/100 par
|move|p1a: he dont bite|Hex|p2a: Serperior
|-damage|p2a: Serperior|43/100
|
|-heal|p2a: Serperior|49/100|[from] item: Leftovers
|upkeep
|turn|16
|
|t:|1743916962
|move|p2a: Serperior|Leaf Storm|p1a: he dont bite
|-resisted|p1a: he dont bite
|-damage|p1a: he dont bite|35/100 par
|-boost|p2a: Serperior|spa|2
|move|p1a: he dont bite|Hex|p2a: Serperior
|-damage|p2a: Serperior|5/100
|
|-heal|p2a: Serperior|11/100|[from] item: Leftovers
|upkeep
|turn|17
|
|t:|1743916970
|move|p2a: Serperior|Dragon Pulse|p1a: he dont bite
|-damage|p1a: he dont bite|8/100 par
|move|p1a: he dont bite|Hex|p2a: Serperior
|-damage|p2a: Serperior|0 fnt
|faint|p2a: Serperior
|
|upkeep
|
|t:|1743916976
|switch|p2a: Cinderace|Cinderace, M|41/100
|turn|18
|
|t:|1743916980
|move|p2a: Cinderace|U-turn|p1a: he dont bite
|-start|p2a: Cinderace|typechange|Bug|[from] ability: Libero
|-resisted|p1a: he dont bite
|-damage|p1a: he dont bite|3/100 par
|
|t:|1743916985
|switch|p2a: Iron Crown|Iron Crown|36/100|[from] U-turn
|move|p1a: he dont bite|Hex|p2a: Iron Crown
|-supereffective|p2a: Iron Crown
|-damage|p2a: Iron Crown|0 fnt
|faint|p2a: Iron Crown
|-end|p2a: Iron Crown|Quark Drive|[silent]
|
|upkeep
|
|t:|1743916987
|switch|p2a: Cinderace|Cinderace, M|41/100
|turn|19
|
|t:|1743916992
|move|p2a: Cinderace|Acrobatics|p1a: he dont bite
|-start|p2a: Cinderace|typechange|Flying|[from] ability: Libero
|-damage|p1a: he dont bite|0 fnt
|faint|p1a: he dont bite
|
|upkeep
|
|t:|1743916997
|switch|p1a: laundry|Rotom-Wash|75/100
|turn|20
|
|t:|1743917003
|move|p2a: Cinderace|High Jump Kick|p1a: laundry
|-damage|p1a: laundry|37/100
|move|p1a: laundry|Hydro Pump|p2a: Cinderace
|-damage|p2a: Cinderace|0 fnt
|faint|p2a: Cinderace
|
|win|MyStickyFingers
|raw|MyStickyFingers's rating: 1134 &rarr; <strong>1155</strong><br />(+21 for winning)
|raw|Hari12's rating: 1075 &rarr; <strong>1057</strong><br />(-18 for losing)
|l|☆MyStickyFingers
|player|p1|
|l|☆Hari12
|player|p2|
