|j|☆Aleph501!
|j|☆Mr.White911
|t:|1743861566
|gametype|singles
|player|p1|Aleph501!|266|1466
|player|p2|Mr.White911|guitarist|1440
|teamsize|p1|6
|teamsize|p2|6
|gen|9
|tier|[Gen 9] OU
|rated|
|rule|HP Percentage Mod: HP is shown in percentages
|rule|Endless Battle Clause: Forcing endless battles is banned
|rule|Species Clause: Limit one of each Pokémon
|rule|OHKO Clause: OHKO moves are banned
|rule|Evasion Items Clause: Evasion items are banned
|rule|Evasion Moves Clause: Evasion moves are banned
|rule|Sleep Moves Clause: Sleep-inducing moves are banned
|clearpoke
|poke|p1|Zamazenta-*|
|poke|p1|Gliscor, M|
|poke|p1|Gholdengo|
|poke|p1|Serperior, M|
|poke|p1|Volcanion|
|poke|p1|Great Tusk|
|poke|p2|Toucannon, M|
|poke|p2|Iron Treads|
|poke|p2|Abomasnow, F|
|poke|p2|Hatterene, F|
|poke|p2|Raging Bolt|
|poke|p2|Ceruledge, F|
|teampreview
|inactive|Battle timer is ON: inactive players will automatically lose when time's up. (requested by Aleph501!)
|
|t:|1743861583
|start
|switch|p1a: Volcanion|Volcanion|100/100
|switch|p2a: Abomasnow|Abomasnow, F, shiny|100/100
|-weather|Snowscape|[from] ability: Snow Warning|[of] p2a: Abomasnow
|turn|1
|
|t:|1743861590
|switch|p2a: Raging Bolt|Raging Bolt|100/100
|-enditem|p2a: Raging Bolt|Booster Energy
|-activate|p2a: Raging Bolt|ability: Protosynthesis|[fromitem]
|-start|p2a: Raging Bolt|protosynthesisspa
|move|p1a: Volcanion|Flamethrower|p2a: Raging Bolt
|-resisted|p2a: Raging Bolt
|-damage|p2a: Raging Bolt|76/100
|
|-weather|Snowscape|[upkeep]
|upkeep
|turn|2
|
|t:|1743861601
|-terastallize|p1a: Volcanion|Ground
|move|p2a: Raging Bolt|Thunderbolt|p1a: Volcanion
|-immune|p1a: Volcanion
|move|p1a: Volcanion|Earth Power|p2a: Raging Bolt
|-supereffective|p2a: Raging Bolt
|-damage|p2a: Raging Bolt|0 fnt
|faint|p2a: Raging Bolt
|-end|p2a: Raging Bolt|Protosynthesis|[silent]
|
|-weather|Snowscape|[upkeep]
|upkeep
|
|t:|1743861607
|switch|p2a: Toucannon|Toucannon, M, shiny|100/100
|turn|3
|
|t:|1743861626
|move|p2a: Toucannon|Bullet Seed|p1a: Volcanion
|-supereffective|p1a: Volcanion
|-damage|p1a: Volcanion|84/100
|-supereffective|p1a: Volcanion
|-damage|p1a: Volcanion|67/100
|-supereffective|p1a: Volcanion
|-damage|p1a: Volcanion|51/100
|-supereffective|p1a: Volcanion
|-damage|p1a: Volcanion|33/100
|-supereffective|p1a: Volcanion
|-damage|p1a: Volcanion|17/100
|-hitcount|p1a: Volcanion|5
|move|p1a: Volcanion|Steam Eruption|p2a: Toucannon
|-damage|p2a: Toucannon|53/100
|-status|p2a: Toucannon|brn
|
|-weather|Snowscape|[upkeep]
|-damage|p2a: Toucannon|47/100 brn|[from] brn
|upkeep
|turn|4
|
|t:|1743861643
|switch|p1a: Gliscor|Gliscor, M|100/100
|move|p2a: Toucannon|Bullet Seed|p1a: Gliscor
|-damage|p1a: Gliscor|96/100
|-damage|p1a: Gliscor|92/100
|-damage|p1a: Gliscor|88/100
|-damage|p1a: Gliscor|84/100
|-damage|p1a: Gliscor|79/100
|-hitcount|p1a: Gliscor|5
|
|-weather|Snowscape|[upkeep]
|-damage|p2a: Toucannon|41/100 brn|[from] brn
|-status|p1a: Gliscor|tox|[from] item: Toxic Orb
|upkeep
|turn|5
|
|t:|1743861660
|switch|p2a: Hatterene|Hatterene, F, shiny|100/100
|move|p1a: Gliscor|Facade|p2a: Hatterene
|-damage|p2a: Hatterene|70/100
|
|-weather|none
|-heal|p1a: Gliscor|92/100 tox|[from] ability: Poison Heal
|upkeep
|turn|6
|
|t:|1743861669
|switch|p1a: Gholdengo|Gholdengo|100/100
|move|p2a: Hatterene|Calm Mind|p2a: Hatterene
|-boost|p2a: Hatterene|spa|1
|-boost|p2a: Hatterene|spd|1
|
|upkeep
|turn|7
|
|t:|1743861678
|move|p1a: Gholdengo|Trick|p2a: Hatterene
|-activate|p1a: Gholdengo|move: Trick|[of] p2a: Hatterene
|-item|p2a: Hatterene|Choice Scarf|[from] move: Trick
|-item|p1a: Gholdengo|Covert Cloak|[from] move: Trick
|move|p2a: Hatterene|Nuzzle|p1a: Gholdengo
|-damage|p1a: Gholdengo|96/100
|
|upkeep
|turn|8
|
|t:|1743861688
|switch|p2a: Ceruledge|Ceruledge, F, shiny|100/100
|move|p1a: Gholdengo|Shadow Ball|p2a: Ceruledge
|-supereffective|p2a: Ceruledge
|-enditem|p2a: Ceruledge|Focus Sash
|-damage|p2a: Ceruledge|1/100
|
|upkeep
|turn|9
|
|t:|1743861703
|switch|p1a: Zamazenta|Zamazenta|100/100
|-ability|p1a: Zamazenta|Dauntless Shield|boost
|-boost|p1a: Zamazenta|def|1
|move|p2a: Ceruledge|Destiny Bond|p2a: Ceruledge
|-singlemove|p2a: Ceruledge|Destiny Bond
|
|upkeep
|turn|10
|
|t:|1743861711
|move|p1a: Zamazenta|Substitute|p1a: Zamazenta
|-start|p1a: Zamazenta|Substitute
|-damage|p1a: Zamazenta|75/100
|move|p2a: Ceruledge|Swords Dance|p2a: Ceruledge
|-boost|p2a: Ceruledge|atk|2
|
|-heal|p1a: Zamazenta|82/100|[from] item: Leftovers
|upkeep
|turn|11
|
|t:|1743861722
|move|p1a: Zamazenta|Play Rough|p2a: Ceruledge
|-resisted|p2a: Ceruledge
|-damage|p2a: Ceruledge|0 fnt
|faint|p2a: Ceruledge
|
|-heal|p1a: Zamazenta|88/100|[from] item: Leftovers
|upkeep
|-message|Mr.White911 forfeited.
|
|win|Aleph501!
|raw|Aleph501!'s rating: 1466 &rarr; <strong>1485</strong><br />(+19 for winning)
|raw|Mr.White911's rating: 1440 &rarr; <strong>1421</strong><br />(-19 for losing)
|l|☆Mr.White911
|player|p2|
|l|☆Aleph501!
|player|p1|
