|j|☆OfficialTMRocket
|j|☆boltchomp
|t:|1743841665
|gametype|singles
|player|p1|OfficialTMRocket|266|
|player|p2|boltchomp|102|
|teamsize|p1|6
|teamsize|p2|6
|gen|9
|tier|[Gen 9] OU
|rule|HP Percentage Mod: HP is shown in percentages
|rule|Endless Battle Clause: Forcing endless battles is banned
|rule|Species Clause: Limit one of each Pokémon
|rule|OHKO Clause: OHKO moves are banned
|rule|Evasion Items Clause: Evasion items are banned
|rule|Evasion Moves Clause: Evasion moves are banned
|rule|Sleep Moves Clause: Sleep-inducing moves are banned
|clearpoke
|poke|p1|Corviknight, F|
|poke|p1|Gliscor, M|
|poke|p1|Zamazenta-*|
|poke|p1|Heatran, M|
|poke|p1|Alomomola, M|
|poke|p1|Lanturn, M|
|poke|p2|Araquanid, M|
|poke|p2|Raging Bolt|
|poke|p2|Iron Moth|
|poke|p2|Great Tusk|
|poke|p2|Gholdengo|
|poke|p2|Kingambit, F|
|teampreview
|
|t:|1743841680
|start
|switch|p1a: MORE feesh??|Lanturn, M|100/100
|switch|p2a: Araquanid|Araquanid, M|100/100
|turn|1
|
|t:|1743841695
|move|p1a: MORE feesh??|Volt Switch|p2a: Araquanid
|-supereffective|p2a: Araquanid
|-damage|p2a: Araquanid|73/100
|
|t:|1743841706
|switch|p1a: Brainrot Feesh|Alomomola, M|100/100|[from] Volt Switch
|move|p2a: Araquanid|Sticky Web|p1a: Brainrot Feesh
|-sidestart|p1: OfficialTMRocket|move: Sticky Web
|
|upkeep
|turn|2
|
|t:|1743841730
|move|p1a: Brainrot Feesh|Flip Turn|p2a: Araquanid
|-resisted|p2a: Araquanid
|-damage|p2a: Araquanid|61/100
|
|t:|1743841738
|switch|p1a: Crab Gremlin|Gliscor, M|100/100|[from] Flip Turn
|move|p2a: Araquanid|Lunge|p1a: Crab Gremlin
|-resisted|p1a: Crab Gremlin
|-damage|p1a: Crab Gremlin|91/100
|-unboost|p1a: Crab Gremlin|atk|1
|
|-status|p1a: Crab Gremlin|tox|[from] item: Toxic Orb
|upkeep
|turn|3
|
|t:|1743841754
|move|p1a: Crab Gremlin|Knock Off|p2a: Araquanid
|-damage|p2a: Araquanid|44/100
|-enditem|p2a: Araquanid|Custap Berry|[from] move: Knock Off|[of] p1a: Crab Gremlin
|move|p2a: Araquanid|Liquidation|p1a: Crab Gremlin
|-supereffective|p1a: Crab Gremlin
|-damage|p1a: Crab Gremlin|0 fnt
|faint|p1a: Crab Gremlin
|
|upkeep
|
|t:|1743841770
|switch|p1a: Death Raven|Corviknight, F|100/100
|turn|4
|
|t:|1743841785
|switch|p2a: Raging Bolt|Raging Bolt|100/100
|-enditem|p2a: Raging Bolt|Booster Energy
|-activate|p2a: Raging Bolt|ability: Protosynthesis|[fromitem]
|-start|p2a: Raging Bolt|protosynthesisspa
|move|p1a: Death Raven|Defog|p2a: Raging Bolt
|-unboost|p2a: Raging Bolt|evasion|1
|-sideend|p1: OfficialTMRocket|Sticky Web|[from] move: Defog|[of] p1a: Death Raven
|
|upkeep
|turn|5
|
|t:|1743841798
|switch|p1a: MORE feesh??|Lanturn, M|100/100
|move|p2a: Raging Bolt|Calm Mind|p2a: Raging Bolt
|-boost|p2a: Raging Bolt|spa|1
|-boost|p2a: Raging Bolt|spd|1
|
|upkeep
|turn|6
|
|t:|1743841813
|move|p2a: Raging Bolt|Calm Mind|p2a: Raging Bolt
|-boost|p2a: Raging Bolt|spa|1
|-boost|p2a: Raging Bolt|spd|1
|move|p1a: MORE feesh??|Ice Beam|p2a: Raging Bolt
|-supereffective|p2a: Raging Bolt
|-damage|p2a: Raging Bolt|85/100
|
|upkeep
|turn|7
|
|t:|1743841823
|move|p2a: Raging Bolt|Dragon Pulse|p1a: MORE feesh??
|-damage|p1a: MORE feesh??|2/100
|move|p1a: MORE feesh??|Psybeam|p2a: Raging Bolt
|-damage|p2a: Raging Bolt|79/100
|
|-heal|p1a: MORE feesh??|8/100|[from] item: Leftovers
|upkeep
|turn|8
|
|t:|1743841841
|switch|p1a: Brainrot Feesh|Alomomola, M|100/100
|move|p2a: Raging Bolt|Dragon Pulse|p1a: Brainrot Feesh
|-damage|p1a: Brainrot Feesh|0 fnt
|faint|p1a: Brainrot Feesh
|
|upkeep
|
|t:|1743841849
|switch|p1a: Courage The Coward|Zamazenta|100/100
|-ability|p1a: Courage The Coward|Dauntless Shield|boost
|-boost|p1a: Courage The Coward|def|1
|turn|9
|
|t:|1743841881
|move|p1a: Courage The Coward|Play Rough|p2a: Raging Bolt
|-supereffective|p2a: Raging Bolt
|-damage|p2a: Raging Bolt|29/100
|move|p2a: Raging Bolt|Thunderbolt|p1a: Courage The Coward
|-damage|p1a: Courage The Coward|0 fnt
|faint|p1a: Courage The Coward
|
|upkeep
|
|t:|1743841890
|switch|p1a: Cooked|Heatran, M|100/100
|-item|p1a: Cooked|Air Balloon
|turn|10
|
|t:|1743841910
|move|p2a: Raging Bolt|Thunderbolt|p1a: Cooked
|-damage|p1a: Cooked|0 fnt
|-enditem|p1a: Cooked|Air Balloon
|faint|p1a: Cooked
|
|upkeep
|
|t:|1743841917
|switch|p1a: Death Raven|Corviknight, F|100/100
|turn|11
|
|t:|1743841921
|switch|p1a: MORE feesh??|Lanturn, M|8/100
|move|p2a: Raging Bolt|Thunderbolt|p1a: MORE feesh??
|-heal|p1a: MORE feesh??|33/100|[from] ability: Volt Absorb|[of] p2a: Raging Bolt
|
|-heal|p1a: MORE feesh??|39/100|[from] item: Leftovers
|upkeep
|turn|12
|
|t:|1743841933
|move|p2a: Raging Bolt|Dragon Pulse|p1a: MORE feesh??
|-damage|p1a: MORE feesh??|0 fnt
|faint|p1a: MORE feesh??
|
|upkeep
|
|t:|1743841938
|switch|p1a: Death Raven|Corviknight, F|100/100
|turn|13
|
|t:|1743841944
|move|p2a: Raging Bolt|Thunderbolt|p1a: Death Raven
|-supereffective|p1a: Death Raven
|-damage|p1a: Death Raven|0 fnt
|faint|p1a: Death Raven
|
|win|boltchomp
