|j|☆are you jesus?
|j|☆Kielister
|t:|1743827121
|gametype|singles
|player|p1|are you jesus?|artist|1076
|player|p2|Kielister|266|1117
|teamsize|p1|6
|teamsize|p2|6
|gen|9
|tier|[Gen 9] OU
|rated|
|rule|HP Percentage Mod: HP is shown in percentages
|rule|Endless Battle Clause: Forcing endless battles is banned
|rule|Species Clause: Limit one of each Pokémon
|rule|OHKO Clause: OHKO moves are banned
|rule|Evasion Items Clause: Evasion items are banned
|rule|Evasion Moves Clause: Evasion moves are banned
|rule|Sleep Moves Clause: Sleep-inducing moves are banned
|clearpoke
|poke|p1|Clodsire, M|
|poke|p1|Avalugg, M|
|poke|p1|Heracross, F|
|poke|p1|Chandelure, F|
|poke|p1|Greninja-*, M|
|poke|p1|Enamorus, F|
|poke|p2|Darkrai|
|poke|p2|Samurott-Hisui, F|
|poke|p2|Latios, M|
|poke|p2|Pecharunt|
|poke|p2|Zamazenta-*|
|poke|p2|Landorus-Therian, M|
|teampreview
|inactive|Battle timer is ON: inactive players will automatically lose when time's up. (requested by Kielister)
|c|☆are you jesus?|hi
|
|t:|1743827138
|start
|switch|p1a: Avalugg|Avalugg, M|100/100
|switch|p2a: Groarrr|Landorus-Therian, M|100/100
|-ability|p2a: Groarrr|Intimidate|boost
|-unboost|p1a: Avalugg|atk|1
|turn|1
|
|t:|1743827151
|switch|p2a: Samurai|Samurott-Hisui, F|100/100
|move|p1a: Avalugg|Icicle Crash|p2a: Samurai
|-resisted|p2a: Samurai
|-damage|p2a: Samurai|89/100
|
|upkeep
|turn|2
|
|t:|1743827160
|move|p2a: Samurai|Ceaseless Edge|p1a: Avalugg
|-damage|p1a: Avalugg|84/100
|-sidestart|p1: are you jesus?|Spikes
|move|p1a: Avalugg|Body Press|p2a: Samurai
|-supereffective|p2a: Samurai
|-damage|p2a: Samurai|0 fnt
|faint|p2a: Samurai
|
|upkeep
|
|t:|1743827183
|switch|p2a: Pêche pas mignonne|Pecharunt|100/100
|turn|3
|
|t:|1743827194
|switch|p1a: Greninja|Greninja, M|100/100
|-damage|p1a: Greninja|88/100|[from] Spikes
|move|p2a: Pêche pas mignonne|Parting Shot|p1a: Greninja
|-unboost|p1a: Greninja|atk|1
|-unboost|p1a: Greninja|spa|1
|inactive|Kielister has 120 seconds left.
|
|t:|1743827222
|switch|p2a: El tank|Zamazenta|100/100|[from] Parting Shot
|-ability|p2a: El tank|Dauntless Shield|boost
|-boost|p2a: El tank|def|1
|
|upkeep
|turn|4
|
|t:|1743827237
|switch|p1a: Enamorus|Enamorus, F|100/100
|move|p2a: El tank|Heavy Slam|p1a: Enamorus
|-supereffective|p1a: Enamorus
|-damage|p1a: Enamorus|0 fnt
|faint|p1a: Enamorus
|
|upkeep
|
|t:|1743827246
|switch|p1a: Greninja|Greninja, M|88/100
|-damage|p1a: Greninja|76/100|[from] Spikes
|turn|5
|inactive|Kielister has 120 seconds left.
|
|t:|1743827251
|-terastallize|p1a: Greninja|Water
|move|p2a: El tank|Heavy Slam|p1a: Greninja
|-resisted|p1a: Greninja
|-damage|p1a: Greninja|45/100
|move|p1a: Greninja|Surf|p2a: El tank
|-damage|p2a: El tank|41/100
|-damage|p1a: Greninja|35/100|[from] item: Life Orb
|
|upkeep
|turn|6
|inactive|Kielister has 120 seconds left.
|
|t:|1743827274
|switch|p2a: Pêche pas mignonne|Pecharunt|100/100
|move|p1a: Greninja|Surf|p2a: Pêche pas mignonne
|-damage|p2a: Pêche pas mignonne|32/100
|-damage|p1a: Greninja|25/100|[from] item: Life Orb
|
|upkeep
|turn|7
|
|t:|1743827282
|move|p1a: Greninja|Dark Pulse|p2a: Pêche pas mignonne
|-supereffective|p2a: Pêche pas mignonne
|-damage|p2a: Pêche pas mignonne|0 fnt
|faint|p2a: Pêche pas mignonne
|-ability|p1a: Greninja|Battle Bond|boost
|-boost|p1a: Greninja|atk|1
|-boost|p1a: Greninja|spa|1
|-boost|p1a: Greninja|spe|1
|-activate|p1a: Greninja|ability: Battle Bond
|-damage|p1a: Greninja|16/100|[from] item: Life Orb
|
|upkeep
|
|t:|1743827286
|switch|p2a: El tank|Zamazenta|41/100
|turn|8
|
|t:|1743827291
|move|p1a: Greninja|Surf|p2a: El tank
|-damage|p2a: El tank|0 fnt
|faint|p2a: El tank
|-damage|p1a: Greninja|6/100|[from] item: Life Orb
|
|upkeep
|
|t:|1743827300
|switch|p2a: Groarrr|Landorus-Therian, M|100/100
|-ability|p2a: Groarrr|Intimidate|boost
|-unboost|p1a: Greninja|atk|1
|turn|9
|
|t:|1743827312
|switch|p2a: Kawa|Latios, M|100/100
|move|p1a: Greninja|Ice Beam|p2a: Kawa
|-supereffective|p2a: Kawa
|-damage|p2a: Kawa|0 fnt
|faint|p2a: Kawa
|-damage|p1a: Greninja|0 fnt|[from] item: Life Orb
|faint|p1a: Greninja
|
|upkeep
|
|t:|1743827330
|switch|p1a: Heracross|Heracross, F|100/100
|switch|p2a: Groarrr|Landorus-Therian, M|100/100
|-ability|p2a: Groarrr|Intimidate|boost
|-unboost|p1a: Heracross|atk|1
|-damage|p1a: Heracross|88/100|[from] Spikes
|turn|10
|
|t:|1743827341
|switch|p1a: Avalugg|Avalugg, M|84/100
|move|p2a: Groarrr|Earthquake|p1a: Avalugg
|-damage|p1a: Avalugg|67/100
|
|upkeep
|turn|11
|
|t:|1743827361
|switch|p2a: Dédé|Darkrai|100/100
|move|p1a: Avalugg|Icicle Crash|p2a: Dédé
|-damage|p2a: Dédé|57/100
|
|upkeep
|turn|12
|
|t:|1743827370
|switch|p1a: Clodsire|Clodsire, M|100/100
|-damage|p1a: Clodsire|88/100|[from] Spikes
|move|p2a: Dédé|Will-O-Wisp|p1a: Clodsire
|-status|p1a: Clodsire|brn
|
|-heal|p1a: Clodsire|94/100 brn|[from] item: Leftovers
|-damage|p1a: Clodsire|88/100 brn|[from] brn
|upkeep
|turn|13
|
|t:|1743827384
|move|p2a: Dédé|Knock Off|p1a: Clodsire
|-damage|p1a: Clodsire|55/100 brn
|-enditem|p1a: Clodsire|Leftovers|[from] move: Knock Off|[of] p2a: Dédé
|move|p1a: Clodsire|Stealth Rock|p2a: Dédé
|-sidestart|p2: Kielister|move: Stealth Rock
|
|-damage|p1a: Clodsire|49/100 brn|[from] brn
|upkeep
|turn|14
|
|t:|1743827392
|move|p2a: Dédé|Dark Pulse|p1a: Clodsire
|-damage|p1a: Clodsire|24/100 brn
|move|p1a: Clodsire|Earthquake|p2a: Dédé
|-damage|p2a: Dédé|40/100
|
|-damage|p1a: Clodsire|18/100 brn|[from] brn
|upkeep
|turn|15
|
|t:|1743827401
|move|p2a: Dédé|Knock Off|p1a: Clodsire
|-damage|p1a: Clodsire|0 fnt
|faint|p1a: Clodsire
|
|upkeep
|
|t:|1743827406
|switch|p1a: Heracross|Heracross, F|88/100
|-damage|p1a: Heracross|76/100|[from] Spikes
|turn|16
|
|t:|1743827414
|move|p2a: Dédé|Will-O-Wisp|p1a: Heracross
|-status|p1a: Heracross|brn
|move|p1a: Heracross|Trailblaze|p2a: Dédé
|-damage|p2a: Dédé|28/100
|-boost|p1a: Heracross|spe|1
|
|-damage|p1a: Heracross|70/100 brn|[from] brn
|upkeep
|turn|17
|
|t:|1743827423
|move|p1a: Heracross|Pin Missile|p2a: Dédé
|-supereffective|p2a: Dédé
|-damage|p2a: Dédé|11/100
|-supereffective|p2a: Dédé
|-damage|p2a: Dédé|0 fnt
|faint|p2a: Dédé
|-ability|p1a: Heracross|Moxie|boost
|-boost|p1a: Heracross|atk|1
|-hitcount|p2: Dédé|2
|
|-damage|p1a: Heracross|64/100 brn|[from] brn
|upkeep
|
|t:|1743827427
|switch|p2a: Groarrr|Landorus-Therian, M|100/100
|-damage|p2a: Groarrr|88/100|[from] Stealth Rock
|-ability|p2a: Groarrr|Intimidate|boost
|-unboost|p1a: Heracross|atk|1
|turn|18
|
|t:|1743827444
|move|p1a: Heracross|Rock Blast|p2a: Groarrr
|-damage|p2a: Groarrr|84/100
|-damage|p2a: Groarrr|80/100
|-damage|p2a: Groarrr|76/100
|-damage|p2a: Groarrr|72/100
|-damage|p2a: Groarrr|68/100
|-hitcount|p2a: Groarrr|5
|move|p2a: Groarrr|U-turn|p1a: Heracross
|-resisted|p1a: Heracross
|-damage|p1a: Heracross|47/100 brn
|
|-damage|p1a: Heracross|41/100 brn|[from] brn
|upkeep
|turn|19
|
|t:|1743827461
|move|p1a: Heracross|Close Combat|p2a: Groarrr
|-resisted|p2a: Groarrr
|-damage|p2a: Groarrr|52/100
|-unboost|p1a: Heracross|def|1
|-unboost|p1a: Heracross|spd|1
|-damage|p1a: Heracross|24/100 brn|[from] item: Rocky Helmet|[of] p2a: Groarrr
|move|p2a: Groarrr|Stone Edge|p1a: Heracross
|-damage|p1a: Heracross|0 fnt
|faint|p1a: Heracross
|
|upkeep
|
|t:|1743827465
|switch|p1a: Chandelure|Chandelure, F|100/100
|-damage|p1a: Chandelure|88/100|[from] Spikes
|turn|20
|
|t:|1743827477
|-terastallize|p2a: Groarrr|Water
|move|p1a: Chandelure|Shadow Ball|p2a: Groarrr
|-damage|p2a: Groarrr|7/100
|move|p2a: Groarrr|Stone Edge|p1a: Chandelure
|-supereffective|p1a: Chandelure
|-damage|p1a: Chandelure|0 fnt
|faint|p1a: Chandelure
|
|upkeep
|
|t:|1743827483
|switch|p1a: Avalugg|Avalugg, M|67/100
|turn|21
|
|t:|1743827486
|move|p2a: Groarrr|Stone Edge|p1a: Avalugg
|-supereffective|p1a: Avalugg
|-damage|p1a: Avalugg|39/100
|move|p1a: Avalugg|Body Press|p2a: Groarrr
|-damage|p2a: Groarrr|0 fnt
|-damage|p1a: Avalugg|22/100|[from] item: Rocky Helmet|[of] p2a: Groarrr
|faint|p2a: Groarrr
|
|win|are you jesus?
|raw|are you jesus?'s rating: 1076 &rarr; <strong>1108</strong><br />(+32 for winning)
|raw|Kielister's rating: 1117 &rarr; <strong>1089</strong><br />(-28 for losing)
|l|☆are you jesus?
|player|p1|
|l|☆Kielister
|player|p2|
