|j|☆Yung phi
|j|☆Skibidi Toothpaste
|t:|1743845188
|gametype|singles
|player|p1|Yung phi|169|1067
|player|p2|Skibidi Toothpaste|volkner|1119
|teamsize|p1|6
|teamsize|p2|6
|gen|9
|tier|[Gen 9] OU
|rated|
|rule|HP Percentage Mod: HP is shown in percentages
|rule|Endless Battle Clause: Forcing endless battles is banned
|rule|Species Clause: Limit one of each Pokémon
|rule|OHKO Clause: OHKO moves are banned
|rule|Evasion Items Clause: Evasion items are banned
|rule|Evasion Moves Clause: Evasion moves are banned
|rule|Sleep Moves Clause: Sleep-inducing moves are banned
|clearpoke
|poke|p1|Ninetales-Alola, M|
|poke|p1|Reuniclus, M|
|poke|p1|Pecharunt|
|poke|p1|Great Tusk|
|poke|p1|Dragonite, F|
|poke|p1|Kingambit, M|
|poke|p2|Rillaboom, M|
|poke|p2|Raging Bolt|
|poke|p2|Iron Hands|
|poke|p2|Iron Treads|
|poke|p2|Volcanion|
|poke|p2|Feraligatr, F|
|teampreview
|inactive|Battle timer is ON: inactive players will automatically lose when time's up. (requested by Skibidi Toothpaste)
|c|☆Skibidi Toothpaste|Hf
|
|t:|1743845215
|start
|switch|p1a: Metastasis|Reuniclus, M, shiny|100/100
|switch|p2a: The Monolith|Raging Bolt|100/100
|turn|1
|
|t:|1743845219
|move|p2a: The Monolith|Calm Mind|p2a: The Monolith
|-boost|p2a: The Monolith|spa|1
|-boost|p2a: The Monolith|spd|1
|move|p1a: Metastasis|Future Sight|p2a: The Monolith
|-start|p1a: Metastasis|move: Future Sight
|
|upkeep
|turn|2
|
|t:|1743845227
|switch|p1a: Ninetales|Ninetales-Alola, M, shiny|100/100
|-weather|Snowscape|[from] ability: Snow Warning|[of] p1a: Ninetales
|move|p2a: The Monolith|Calm Mind|p2a: The Monolith
|-boost|p2a: The Monolith|spa|1
|-boost|p2a: The Monolith|spd|1
|
|-weather|Snowscape|[upkeep]
|upkeep
|turn|3
|
|t:|1743845234
|-terastallize|p2a: The Monolith|Bug
|move|p1a: Ninetales|Aurora Veil|p1a: Ninetales
|-sidestart|p1: Yung phi|move: Aurora Veil
|move|p2a: The Monolith|Discharge|p1a: Ninetales
|-damage|p1a: Ninetales|62/100
|-status|p1a: Ninetales|par
|
|-weather|Snowscape|[upkeep]
|-end|p2a: The Monolith|move: Future Sight
|-damage|p2a: The Monolith|79/100
|upkeep
|turn|4
|
|t:|1743845255
|switch|p1a: Dragonite|Dragonite, F|100/100
|move|p2a: The Monolith|Discharge|p1a: Dragonite
|-damage|p1a: Dragonite|81/100
|
|-weather|Snowscape|[upkeep]
|upkeep
|turn|5
|
|t:|1743845259
|move|p1a: Dragonite|Ice Spinner|p2a: The Monolith
|-damage|p2a: The Monolith|48/100
|move|p2a: The Monolith|Dragon Pulse|p1a: Dragonite
|-supereffective|p1a: Dragonite
|-damage|p1a: Dragonite|0 fnt
|faint|p1a: Dragonite
|
|-weather|Snowscape|[upkeep]
|upkeep
|
|t:|1743845269
|switch|p1a: Pecharunt|Pecharunt|100/100
|turn|6
|
|t:|1743845272
|move|p1a: Pecharunt|Malignant Chain|p2a: The Monolith
|-damage|p2a: The Monolith|36/100
|move|p2a: The Monolith|Discharge|p1a: Pecharunt
|-damage|p1a: Pecharunt|58/100
|
|-weather|none
|upkeep
|turn|7
|
|t:|1743845284
|move|p1a: Pecharunt|Malignant Chain|p2a: The Monolith
|-damage|p2a: The Monolith|21/100
|move|p2a: The Monolith|Discharge|p1a: Pecharunt
|-damage|p1a: Pecharunt|14/100
|-status|p1a: Pecharunt|par
|
|upkeep
|turn|8
|
|t:|1743845290
|move|p2a: The Monolith|Discharge|p1a: Pecharunt
|-damage|p1a: Pecharunt|0 fnt
|faint|p1a: Pecharunt
|
|upkeep
|
|t:|1743845296
|switch|p1a: Great Tusk|Great Tusk|100/100
|turn|9
|
|t:|1743845319
|move|p1a: Great Tusk|Knock Off|p2a: The Monolith
|-crit|p2a: The Monolith
|-damage|p2a: The Monolith|0 fnt
|-enditem|p2a: The Monolith|Grassy Seed|[from] move: Knock Off|[of] p1a: Great Tusk
|faint|p2a: The Monolith
|-end|p2a: The Monolith|Protosynthesis|[silent]
|
|upkeep
|
|t:|1743845325
|switch|p2a: Feraligatr|Feraligatr, F|100/100
|turn|10
|
|t:|1743845327
|move|p2a: Feraligatr|Dragon Dance|p2a: Feraligatr
|-boost|p2a: Feraligatr|atk|1
|-boost|p2a: Feraligatr|spe|1
|move|p1a: Great Tusk|Stealth Rock|p2a: Feraligatr
|-sidestart|p2: Skibidi Toothpaste|move: Stealth Rock
|
|-sideend|p1: Yung phi|move: Aurora Veil
|upkeep
|turn|11
|
|t:|1743845337
|-end|p1a: Great Tusk|Protosynthesis|[silent]
|switch|p1a: Ninetales|Ninetales-Alola, M, shiny|62/100 par
|-weather|Snowscape|[from] ability: Snow Warning|[of] p1a: Ninetales
|move|p2a: Feraligatr|Liquidation|p1a: Ninetales
|-damage|p1a: Ninetales|0 fnt
|faint|p1a: Ninetales
|
|-weather|Snowscape|[upkeep]
|upkeep
|
|t:|1743845344
|switch|p1a: Kingambit|Kingambit, M|100/100
|-activate|p1a: Kingambit|ability: Supreme Overlord
|-start|p1a: Kingambit|fallen3|[silent]
|-item|p1a: Kingambit|Air Balloon
|turn|12
|
|t:|1743845358
|move|p1a: Kingambit|Sucker Punch|p2a: Feraligatr
|-damage|p2a: Feraligatr|43/100
|move|p2a: Feraligatr|Liquidation|p1a: Kingambit
|-damage|p1a: Kingambit|20/100
|-enditem|p1a: Kingambit|Air Balloon
|
|-weather|Snowscape|[upkeep]
|upkeep
|turn|13
|
|t:|1743845373
|switch|p2a: The Remover|Iron Treads|100/100
|-damage|p2a: The Remover|97/100|[from] Stealth Rock
|-enditem|p2a: The Remover|Booster Energy
|-activate|p2a: The Remover|ability: Quark Drive|[fromitem]
|-start|p2a: The Remover|quarkdrivespe
|move|p1a: Kingambit|Swords Dance|p1a: Kingambit
|-boost|p1a: Kingambit|atk|2
|
|-weather|Snowscape|[upkeep]
|upkeep
|turn|14
|
|t:|1743845385
|move|p1a: Kingambit|Sucker Punch|p2a: The Remover
|-damage|p2a: The Remover|1/100
|move|p2a: The Remover|High Horsepower|p1a: Kingambit
|-supereffective|p1a: Kingambit
|-damage|p1a: Kingambit|0 fnt
|faint|p1a: Kingambit
|-end|p1a: Kingambit|fallen3|[silent]
|
|-weather|Snowscape|[upkeep]
|upkeep
|
|t:|1743845392
|switch|p1a: Great Tusk|Great Tusk|100/100
|turn|15
|
|t:|1743845396
|move|p2a: The Remover|Rapid Spin|p1a: Great Tusk
|-damage|p1a: Great Tusk|93/100
|-boost|p2a: The Remover|spe|1
|-damage|p2a: The Remover|0 fnt|[from] item: Rocky Helmet|[of] p1a: Great Tusk
|faint|p2a: The Remover
|-end|p2a: The Remover|Quark Drive|[silent]
|move|p1a: Great Tusk|Rapid Spin|p2: The Remover|[notarget]
|-fail|p1a: Great Tusk
|
|-weather|none
|upkeep
|
|t:|1743845408
|switch|p2a: The Domain|Rillaboom, M|100/100
|-damage|p2a: The Domain|88/100|[from] Stealth Rock
|-fieldstart|move: Grassy Terrain|[from] ability: Grassy Surge|[of] p2a: The Domain
|turn|16
|
|t:|1743845415
|move|p2a: The Domain|Swords Dance|p2a: The Domain
|-boost|p2a: The Domain|atk|2
|move|p1a: Great Tusk|Knock Off|p2a: The Domain
|-damage|p2a: The Domain|56/100
|-enditem|p2a: The Domain|Terrain Extender|[from] move: Knock Off|[of] p1a: Great Tusk
|
|-heal|p2a: The Domain|62/100|[from] Grassy Terrain
|-heal|p1a: Great Tusk|99/100|[from] Grassy Terrain
|upkeep
|turn|17
|
|t:|1743845438
|move|p2a: The Domain|Grassy Glide|p1a: Great Tusk
|-supereffective|p1a: Great Tusk
|-damage|p1a: Great Tusk|23/100
|-damage|p2a: The Domain|46/100|[from] item: Rocky Helmet|[of] p1a: Great Tusk
|move|p1a: Great Tusk|Knock Off|p2a: The Domain
|-damage|p2a: The Domain|25/100
|
|-heal|p2a: The Domain|32/100|[from] Grassy Terrain
|-heal|p1a: Great Tusk|29/100|[from] Grassy Terrain
|upkeep
|turn|18
|
|t:|1743845443
|move|p2a: The Domain|Grassy Glide|p1a: Great Tusk
|-supereffective|p1a: Great Tusk
|-crit|p1a: Great Tusk
|-damage|p1a: Great Tusk|0 fnt
|-damage|p2a: The Domain|15/100|[from] item: Rocky Helmet|[of] p1a: Great Tusk
|faint|p1a: Great Tusk
|-end|p1a: Great Tusk|Protosynthesis|[silent]
|
|-heal|p2a: The Domain|21/100|[from] Grassy Terrain
|upkeep
|
|t:|1743845445
|switch|p1a: Metastasis|Reuniclus, M, shiny|100/100
|turn|19
|
|t:|1743845451
|-terastallize|p1a: Metastasis|Electric
|move|p2a: The Domain|Grassy Glide|p1a: Metastasis
|-damage|p1a: Metastasis|27/100
|move|p1a: Metastasis|Shadow Ball|p2a: The Domain
|-damage|p2a: The Domain|0 fnt
|faint|p2a: The Domain
|
|-heal|p1a: Metastasis|33/100|[from] Grassy Terrain
|upkeep
|
|t:|1743845458
|switch|p2a: The Artillery|Volcanion|100/100
|-damage|p2a: The Artillery|76/100|[from] Stealth Rock
|-enditem|p2a: The Artillery|Grassy Seed
|-boost|p2a: The Artillery|def|1|[from] item: Grassy Seed
|turn|20
|
|t:|1743845460
|move|p2a: The Artillery|Earth Power|p1a: Metastasis
|-supereffective|p1a: Metastasis
|-damage|p1a: Metastasis|0 fnt
|faint|p1a: Metastasis
|
|win|Skibidi Toothpaste
|raw|Yung phi's rating: 1067 &rarr; <strong>1050</strong><br />(-17 for losing)
|raw|Skibidi Toothpaste's rating: 1119 &rarr; <strong>1140</strong><br />(+21 for winning)
|l|☆Yung phi
|player|p1|
|c|☆Skibidi Toothpaste|Gg
|l|☆Skibidi Toothpaste
|player|p2|
