|j|☆Mamba the king
|j|☆ZarrHaka
|t:|1743803464
|gametype|singles
|player|p1|Mamba the king|veteran|1135
|player|p2|ZarrHaka|170|1121
|teamsize|p1|6
|teamsize|p2|6
|gen|9
|tier|[Gen 9] OU
|rated|
|rule|HP Percentage Mod: HP is shown in percentages
|rule|Endless Battle Clause: Forcing endless battles is banned
|rule|Species Clause: Limit one of each Pokémon
|rule|OHKO Clause: OHKO moves are banned
|rule|Evasion Items Clause: Evasion items are banned
|rule|Evasion Moves Clause: Evasion moves are banned
|rule|Sleep Moves Clause: Sleep-inducing moves are banned
|clearpoke
|poke|p1|Ceruledge, M|
|poke|p1|Hoopa-Unbound|
|poke|p1|Gliscor, F|
|poke|p1|Ogerpon-Wellspring, F|
|poke|p1|Kyurem|
|poke|p1|Iron Moth|
|poke|p2|Lycanroc-Midnight, F|
|poke|p2|Espeon, F|
|poke|p2|Mimikyu, F|
|poke|p2|Noivern, F|
|poke|p2|Sandy Shocks|
|poke|p2|Okidogi, M|
|teampreview
|
|t:|1743803483
|start
|switch|p1a: Kyurem|Kyurem|100/100
|switch|p2a: Lycanroc|Lycanroc-Midnight, F|100/100
|-ability|p1a: Kyurem|Pressure
|turn|1
|
|t:|1743803489
|move|p1a: Kyurem|Dragon Dance|p1a: Kyurem
|-boost|p1a: Kyurem|atk|1
|-boost|p1a: Kyurem|spe|1
|move|p2a: Lycanroc|Stone Edge|p1a: Kyurem
|-supereffective|p1a: Kyurem
|-damage|p1a: Kyurem|28/100
|
|upkeep
|turn|2
|
|t:|1743803497
|move|p1a: Kyurem|Scale Shot|p2a: Lycanroc
|-damage|p2a: Lycanroc|84/100
|-damage|p2a: Lycanroc|68/100
|-damage|p2a: Lycanroc|50/100
|-damage|p2a: Lycanroc|36/100
|-damage|p2a: Lycanroc|20/100
|-hitcount|p2a: Lycanroc|5
|-unboost|p1a: Kyurem|def|1
|-boost|p1a: Kyurem|spe|1
|move|p2a: Lycanroc|Stone Edge|p1a: Kyurem
|-supereffective|p1a: Kyurem
|-damage|p1a: Kyurem|0 fnt
|faint|p1a: Kyurem
|
|upkeep
|
|t:|1743803505
|switch|p1a: Ceruledge|Ceruledge, M|100/100
|turn|3
|
|t:|1743803513
|switch|p2a: Okidogi|Okidogi, M|100/100
|move|p1a: Ceruledge|Shadow Sneak|p2a: Okidogi
|-damage|p2a: Okidogi|84/100
|
|upkeep
|turn|4
|
|t:|1743803526
|move|p1a: Ceruledge|Will-O-Wisp|p2a: Okidogi|[miss]
|-miss|p1a: Ceruledge|p2a: Okidogi
|move|p2a: Okidogi|Poison Jab|p1a: Ceruledge
|-resisted|p1a: Ceruledge
|-damage|p1a: Ceruledge|70/100
|-ability|p1a: Ceruledge|Weak Armor|boost
|-unboost|p1a: Ceruledge|def|1
|-boost|p1a: Ceruledge|spe|2
|-status|p1a: Ceruledge|tox|[from] ability: Toxic Chain|[of] p2a: Okidogi
|
|-damage|p1a: Ceruledge|64/100 tox|[from] psn
|upkeep
|turn|5
|
|t:|1743803537
|switch|p2a: Espeon|Espeon, F|100/100
|move|p1a: Ceruledge|Will-O-Wisp|p2a: Espeon
|move|p2a: Espeon|Will-O-Wisp||[from] ability: Magic Bounce|[still]
|-fail|p2a: Espeon
|
|-damage|p1a: Ceruledge|52/100 tox|[from] psn
|upkeep
|turn|6
|
|t:|1743803548
|switch|p2a: Okidogi|Okidogi, M|84/100
|move|p1a: Ceruledge|Poltergeist|p2a: Okidogi|[miss]
|-miss|p1a: Ceruledge|p2a: Okidogi
|
|-damage|p1a: Ceruledge|33/100 tox|[from] psn
|upkeep
|turn|7
|
|t:|1743803559
|move|p1a: Ceruledge|Bitter Blade|p2a: Okidogi
|-damage|p2a: Okidogi|44/100
|-heal|p1a: Ceruledge|56/100 tox|[from] drain|[of] p2a: Okidogi
|move|p2a: Okidogi|Poison Jab|p1a: Ceruledge
|-resisted|p1a: Ceruledge
|-damage|p1a: Ceruledge|11/100 tox
|-ability|p1a: Ceruledge|Weak Armor|boost
|-unboost|p1a: Ceruledge|def|1
|-boost|p1a: Ceruledge|spe|2
|
|-damage|p1a: Ceruledge|0 fnt|[from] psn
|faint|p1a: Ceruledge
|upkeep
|inactive|Battle timer is ON: inactive players will automatically lose when time's up. (requested by ZarrHaka)
|
|t:|1743803573
|switch|p1a: Gliscor|Gliscor, F|100/100
|turn|8
|
|t:|1743803576
|move|p1a: Gliscor|Swords Dance|p1a: Gliscor
|-boost|p1a: Gliscor|atk|2
|move|p2a: Okidogi|Ice Punch|p1a: Gliscor
|-supereffective|p1a: Gliscor
|-damage|p1a: Gliscor|25/100
|-status|p1a: Gliscor|tox|[from] ability: Toxic Chain|[of] p2a: Okidogi
|
|-heal|p1a: Gliscor|38/100 tox|[from] ability: Poison Heal
|upkeep
|turn|9
|
|t:|1743803597
|switch|p2a: Noivern|Noivern, F|100/100
|-item|p1a: Gliscor|Toxic Orb|[from] ability: Frisk|[of] p2a: Noivern
|move|p1a: Gliscor|Protect||[still]
|-fail|p1a: Gliscor
|
|-heal|p1a: Gliscor|50/100 tox|[from] ability: Poison Heal
|upkeep
|turn|10
|
|t:|1743803608
|move|p2a: Noivern|Switcheroo|p1a: Gliscor
|-activate|p2a: Noivern|move: Trick|[of] p1a: Gliscor
|-item|p1a: Gliscor|Ring Target|[from] move: Switcheroo
|-item|p2a: Noivern|Toxic Orb|[from] move: Switcheroo
|move|p1a: Gliscor|Facade|p2a: Noivern
|-damage|p2a: Noivern|17/100
|
|-heal|p1a: Gliscor|63/100 tox|[from] ability: Poison Heal
|-status|p2a: Noivern|tox|[from] item: Toxic Orb
|upkeep
|turn|11
|
|t:|1743803622
|move|p1a: Gliscor|Protect|p1a: Gliscor
|-singleturn|p1a: Gliscor|Protect
|move|p2a: Noivern|Dragon Pulse|p1a: Gliscor
|-activate|p1a: Gliscor|move: Protect
|
|-damage|p2a: Noivern|11/100 tox|[from] psn
|-heal|p1a: Gliscor|75/100 tox|[from] ability: Poison Heal
|upkeep
|turn|12
|
|t:|1743803629
|move|p2a: Noivern|Dragon Pulse|p1a: Gliscor
|-damage|p1a: Gliscor|42/100 tox
|move|p1a: Gliscor|Swords Dance|p1a: Gliscor
|-boost|p1a: Gliscor|atk|2
|
|-damage|p2a: Noivern|0 fnt|[from] psn
|faint|p2a: Noivern
|-heal|p1a: Gliscor|54/100 tox|[from] ability: Poison Heal
|upkeep
|
|t:|1743803632
|switch|p2a: Sandy Shocks|Sandy Shocks|100/100
|-enditem|p2a: Sandy Shocks|Booster Energy
|-activate|p2a: Sandy Shocks|ability: Protosynthesis|[fromitem]
|-start|p2a: Sandy Shocks|protosynthesisspa
|turn|13
|
|t:|1743803638
|move|p1a: Gliscor|Protect|p1a: Gliscor
|-singleturn|p1a: Gliscor|Protect
|move|p2a: Sandy Shocks|Thunderbolt|p1a: Gliscor
|-activate|p1a: Gliscor|move: Protect
|
|-heal|p1a: Gliscor|67/100 tox|[from] ability: Poison Heal
|upkeep
|turn|14
|
|t:|1743803643
|move|p2a: Sandy Shocks|Thunderbolt|p1a: Gliscor
|-supereffective|p1a: Gliscor
|-damage|p1a: Gliscor|0 fnt
|faint|p1a: Gliscor
|
|upkeep
|
|t:|1743803655
|switch|p1a: Hoopa|Hoopa-Unbound|100/100
|turn|15
|
|t:|1743803659
|move|p2a: Sandy Shocks|Thunder Wave|p1a: Hoopa
|-status|p1a: Hoopa|par
|move|p1a: Hoopa|Knock Off|p2a: Sandy Shocks
|-crit|p2a: Sandy Shocks
|-damage|p2a: Sandy Shocks|29/100
|
|upkeep
|turn|16
|
|t:|1743803672
|-end|p2a: Sandy Shocks|Protosynthesis|[silent]
|switch|p2a: Okidogi|Okidogi, M|44/100
|cant|p1a: Hoopa|par
|
|upkeep
|turn|17
|
|t:|1743803683
|move|p2a: Okidogi|Drain Punch|p1a: Hoopa
|-damage|p1a: Hoopa|42/100 par
|-heal|p2a: Okidogi|78/100|[from] drain|[of] p1a: Hoopa
|cant|p1a: Hoopa|par
|
|upkeep
|turn|18
|
|t:|1743803696
|move|p2a: Okidogi|Drain Punch|p1a: Hoopa
|-damage|p1a: Hoopa|0 fnt
|-heal|p2a: Okidogi|100/100|[from] drain|[of] p1a: Hoopa
|faint|p1a: Hoopa
|
|upkeep
|
|t:|1743803700
|switch|p1a: Iron Moth|Iron Moth|100/100
|-enditem|p1a: Iron Moth|Booster Energy
|-activate|p1a: Iron Moth|ability: Quark Drive|[fromitem]
|-start|p1a: Iron Moth|quarkdrivespe
|turn|19
|
|t:|1743803706
|move|p1a: Iron Moth|Fiery Dance|p2a: Okidogi
|-damage|p2a: Okidogi|72/100
|move|p2a: Okidogi|Poison Jab|p1a: Iron Moth
|-resisted|p1a: Iron Moth
|-damage|p1a: Iron Moth|72/100
|
|upkeep
|turn|20
|
|t:|1743803714
|move|p1a: Iron Moth|Fiery Dance|p2a: Okidogi
|-damage|p2a: Okidogi|42/100
|move|p2a: Okidogi|Poison Jab|p1a: Iron Moth
|-resisted|p1a: Iron Moth
|-damage|p1a: Iron Moth|43/100
|
|upkeep
|turn|21
|
|t:|1743803724
|move|p1a: Iron Moth|Fiery Dance|p2a: Okidogi
|-damage|p2a: Okidogi|11/100
|-boost|p1a: Iron Moth|spa|1
|move|p2a: Okidogi|Poison Jab|p1a: Iron Moth
|-resisted|p1a: Iron Moth
|-damage|p1a: Iron Moth|13/100
|
|upkeep
|turn|22
|
|t:|1743803733
|move|p1a: Iron Moth|Fiery Dance|p2a: Okidogi
|-damage|p2a: Okidogi|0 fnt
|-boost|p1a: Iron Moth|spa|1
|faint|p2a: Okidogi
|
|upkeep
|
|t:|1743803741
|switch|p2a: Mimikyu|Mimikyu, F|100/100
|turn|23
|
|t:|1743803748
|move|p2a: Mimikyu|Shadow Sneak|p1a: Iron Moth
|-damage|p1a: Iron Moth|0 fnt
|faint|p1a: Iron Moth
|-end|p1a: Iron Moth|Quark Drive|[silent]
|
|upkeep
|
|t:|1743803750
|switch|p1a: Ogerpon|Ogerpon-Wellspring, F|100/100
|turn|24
|
|t:|1743803757
|move|p1a: Ogerpon|Swords Dance|p1a: Ogerpon
|-boost|p1a: Ogerpon|atk|2
|-enditem|p2a: Mimikyu|Mirror Herb
|-boost|p2a: Mimikyu|atk|2|[from] item: Mirror Herb
|move|p2a: Mimikyu|Will-O-Wisp|p1a: Ogerpon
|-status|p1a: Ogerpon|brn
|
|-damage|p1a: Ogerpon|95/100 brn|[from] brn
|upkeep
|turn|25
|
|t:|1743803776
|move|p1a: Ogerpon|Ivy Cudgel|p2a: Mimikyu|[anim] Ivy Cudgel Water
|-activate|p2a: Mimikyu|ability: Disguise
|-damage|p2a: Mimikyu|100/100
|detailschange|p2a: Mimikyu|Mimikyu-Busted, F
|-damage|p2a: Mimikyu|88/100|[from] pokemon: Mimikyu-Busted
|move|p2a: Mimikyu|Play Rough|p1a: Ogerpon
|-damage|p1a: Ogerpon|19/100 brn
|
|-damage|p1a: Ogerpon|13/100 brn|[from] brn
|upkeep
|turn|26
|
|t:|1743803788
|move|p2a: Mimikyu|Shadow Sneak|p1a: Ogerpon
|-damage|p1a: Ogerpon|0 fnt
|faint|p1a: Ogerpon
|
|win|ZarrHaka
|raw|Mamba the king's rating: 1135 &rarr; <strong>1109</strong><br />(-26 for losing)
|raw|ZarrHaka's rating: 1121 &rarr; <strong>1147</strong><br />(+26 for winning)
|c|☆ZarrHaka|GG
|l|☆Mamba the king
|player|p1|
|l|☆ZarrHaka
|player|p2|
