|j|☆AlphaOnDc
|j|☆RoutesReborn
|t:|1743820538
|gametype|singles
|player|p1|AlphaOnDc|dawn|1203
|player|p2|RoutesReborn|volkner|1224
|teamsize|p1|6
|teamsize|p2|6
|gen|9
|tier|[Gen 9] OU
|rated|
|rule|HP Percentage Mod: HP is shown in percentages
|rule|Endless Battle Clause: Forcing endless battles is banned
|rule|Species Clause: Limit one of each Pokémon
|rule|OHKO Clause: OHKO moves are banned
|rule|Evasion Items Clause: Evasion items are banned
|rule|Evasion Moves Clause: Evasion moves are banned
|rule|Sleep Moves Clause: Sleep-inducing moves are banned
|clearpoke
|poke|p1|Quaquaval, F|
|poke|p1|Clodsire, F|
|poke|p1|Corviknight, F|
|poke|p1|Garganacl, M|
|poke|p1|Iron Valiant|
|poke|p1|Sinistcha-Masterpiece|
|poke|p2|Slowking-Galar, F|
|poke|p2|Landorus-Therian, M|
|poke|p2|Raging Bolt|
|poke|p2|Iron Valiant|
|poke|p2|Cinderace, F|
|poke|p2|Cacturne, F|
|teampreview
|inactive|Battle timer is ON: inactive players will automatically lose when time's up. (requested by RoutesReborn)
|
|t:|1743820555
|start
|switch|p1a: Garganacl|Garganacl, M|100/100
|switch|p2a: Landorus|Landorus-Therian, M|100/100
|-ability|p2a: Landorus|Intimidate|boost
|-unboost|p1a: Garganacl|atk|1
|turn|1
|
|t:|1743820581
|move|p2a: Landorus|Stealth Rock|p1a: Garganacl
|-sidestart|p1: AlphaOnDc|move: Stealth Rock
|move|p1a: Garganacl|Salt Cure|p2a: Landorus
|-damage|p2a: Landorus|92/100
|-start|p2a: Landorus|Salt Cure
|
|-damage|p2a: Landorus|80/100|[from] Salt Cure
|upkeep
|turn|2
|inactive|RoutesReborn has 120 seconds left.
|
|t:|1743820601
|move|p2a: Landorus|Earthquake|p1a: Garganacl
|-supereffective|p1a: Garganacl
|-damage|p1a: Garganacl|55/100
|move|p1a: Garganacl|Stealth Rock|p2a: Landorus
|-sidestart|p2: RoutesReborn|move: Stealth Rock
|
|-heal|p1a: Garganacl|62/100|[from] item: Leftovers
|-damage|p2a: Landorus|67/100|[from] Salt Cure
|upkeep
|turn|3
|
|t:|1743820611
|move|p2a: Landorus|U-turn|p1a: Garganacl
|-damage|p1a: Garganacl|50/100
|inactive|RoutesReborn has 120 seconds left.
|
|t:|1743820624
|switch|p2a: Cacturne|Cacturne, F|100/100|[from] U-turn
|-damage|p2a: Cacturne|88/100|[from] Stealth Rock
|move|p1a: Garganacl|Recover|p1a: Garganacl
|-heal|p1a: Garganacl|99/100
|
|-heal|p1a: Garganacl|100/100|[from] item: Leftovers
|upkeep
|turn|4
|inactive|RoutesReborn has 120 seconds left.
|
|t:|1743820657
|move|p2a: Cacturne|Leaf Storm|p1a: Garganacl|[miss]
|-miss|p2a: Cacturne|p1a: Garganacl
|move|p1a: Garganacl|Salt Cure|p2a: Cacturne
|-damage|p2a: Cacturne|72/100
|-start|p2a: Cacturne|Salt Cure
|
|-damage|p2a: Cacturne|59/100|[from] Salt Cure
|upkeep
|turn|5
|
|t:|1743820668
|switch|p1a: Clodsire|Clodsire, F, shiny|100/100
|-damage|p1a: Clodsire|94/100|[from] Stealth Rock
|move|p2a: Cacturne|Leaf Storm|p1a: Clodsire
|-damage|p1a: Clodsire|51/100
|-unboost|p2a: Cacturne|spa|2
|
|-heal|p1a: Clodsire|57/100|[from] item: Leftovers
|-damage|p2a: Cacturne|47/100|[from] Salt Cure
|upkeep
|turn|6
|
|t:|1743820687
|move|p2a: Cacturne|Stomping Tantrum|p1a: Clodsire
|-supereffective|p1a: Clodsire
|-damage|p1a: Clodsire|13/100
|move|p1a: Clodsire|Recover|p1a: Clodsire
|-heal|p1a: Clodsire|63/100
|
|-heal|p1a: Clodsire|69/100|[from] item: Leftovers
|-damage|p2a: Cacturne|34/100|[from] Salt Cure
|upkeep
|turn|7
|inactive|RoutesReborn has 90 seconds left.
|
|t:|1743820724
|switch|p2a: Landorus|Landorus-Therian, M|67/100
|-damage|p2a: Landorus|55/100|[from] Stealth Rock
|-ability|p2a: Landorus|Intimidate|boost
|-unboost|p1a: Clodsire|atk|1
|move|p1a: Clodsire|Recover|p1a: Clodsire
|-heal|p1a: Clodsire|100/100
|
|upkeep
|turn|8
|
|t:|1743820737
|move|p2a: Landorus|Taunt|p1a: Clodsire
|-start|p1a: Clodsire|move: Taunt
|cant|p1a: Clodsire|move: Taunt|Toxic
|
|upkeep
|turn|9
|
|t:|1743820746
|switch|p1a: Corviknight|Corviknight, F|100/100
|-damage|p1a: Corviknight|88/100|[from] Stealth Rock
|move|p2a: Landorus|U-turn|p1a: Corviknight
|-resisted|p1a: Corviknight
|-damage|p1a: Corviknight|85/100
|
|t:|1743820753
|switch|p2a: Cinderace|Cinderace, F|100/100|[from] U-turn
|
|-heal|p1a: Corviknight|91/100|[from] item: Leftovers
|upkeep
|turn|10
|
|t:|1743820762
|switch|p1a: Garganacl|Garganacl, M|100/100
|-damage|p1a: Garganacl|88/100|[from] Stealth Rock
|move|p2a: Cinderace|Will-O-Wisp|p1a: Garganacl
|-immune|p1a: Garganacl|[from] ability: Purifying Salt
|
|-heal|p1a: Garganacl|94/100|[from] item: Leftovers
|upkeep
|turn|11
|
|t:|1743820773
|move|p2a: Cinderace|U-turn|p1a: Garganacl
|-start|p2a: Cinderace|typechange|Bug|[from] ability: Libero
|-damage|p1a: Garganacl|78/100
|
|t:|1743820792
|switch|p2a: Slowking|Slowking-Galar, F|100/100|[from] U-turn
|move|p1a: Garganacl|Salt Cure|p2a: Slowking
|-damage|p2a: Slowking|85/100
|-start|p2a: Slowking|Salt Cure
|
|-heal|p1a: Garganacl|84/100|[from] item: Leftovers
|-damage|p2a: Slowking|73/100|[from] Salt Cure
|upkeep
|turn|12
|
|t:|1743820803
|move|p1a: Garganacl|Substitute|p1a: Garganacl
|-start|p1a: Garganacl|Substitute
|-damage|p1a: Garganacl|59/100
|move|p2a: Slowking|Future Sight|p1a: Garganacl
|-start|p2a: Slowking|move: Future Sight
|
|-heal|p1a: Garganacl|65/100|[from] item: Leftovers
|-damage|p2a: Slowking|60/100|[from] Salt Cure
|upkeep
|turn|13
|
|t:|1743820812
|move|p1a: Garganacl|Recover|p1a: Garganacl
|-heal|p1a: Garganacl|100/100
|-prepare|p2a: Slowking|Chilly Reception|[premajor]
|move|p2a: Slowking|Chilly Reception|p2a: Slowking
|-weather|Snowscape
|inactive|RoutesReborn has 60 seconds left.
|
|t:|1743820854
|switch|p2a: Cacturne|Cacturne, F|34/100|[from] Chilly Reception
|-damage|p2a: Cacturne|22/100|[from] Stealth Rock
|
|-weather|Snowscape|[upkeep]
|upkeep
|turn|14
|
|t:|1743820866
|move|p2a: Cacturne|Stomping Tantrum|p1a: Garganacl
|-supereffective|p1a: Garganacl
|-end|p1a: Garganacl|Substitute
|move|p1a: Garganacl|Salt Cure|p2a: Cacturne
|-damage|p2a: Cacturne|0 fnt
|faint|p2a: Cacturne
|
|-weather|Snowscape|[upkeep]
|-end|p1a: Garganacl|move: Future Sight
|-damage|p1a: Garganacl|62/100
|-heal|p1a: Garganacl|68/100|[from] item: Leftovers
|upkeep
|inactive|RoutesReborn has 30 seconds left.
|inactive|RoutesReborn has 20 seconds left.
|inactive|RoutesReborn has 15 seconds left.
|
|t:|1743820896
|switch|p2a: Iron Valiant|Iron Valiant|100/100
|-damage|p2a: Iron Valiant|94/100|[from] Stealth Rock
|-enditem|p2a: Iron Valiant|Booster Energy
|-activate|p2a: Iron Valiant|ability: Quark Drive|[fromitem]
|-start|p2a: Iron Valiant|quarkdrivespe
|turn|15
|inactive|RoutesReborn has 25 seconds left this turn.
|inactive|RoutesReborn has 20 seconds left.
|inactive|RoutesReborn has 15 seconds left.
|inactive|RoutesReborn has 10 seconds left.
|
|t:|1743820912
|switch|p1a: Clodsire|Clodsire, F, shiny|100/100
|-damage|p1a: Clodsire|94/100|[from] Stealth Rock
|move|p2a: Iron Valiant|Knock Off|p1a: Clodsire
|-damage|p1a: Clodsire|73/100
|-enditem|p1a: Clodsire|Leftovers|[from] move: Knock Off|[of] p2a: Iron Valiant
|
|-weather|Snowscape|[upkeep]
|upkeep
|turn|16
|inactive|RoutesReborn has 20 seconds left this turn.
|inactive|RoutesReborn has 15 seconds left.
|
|t:|1743820922
|-end|p2a: Iron Valiant|Quark Drive|[silent]
|switch|p2a: Landorus|Landorus-Therian, M|55/100
|-damage|p2a: Landorus|42/100|[from] Stealth Rock
|-ability|p2a: Landorus|Intimidate|boost
|-unboost|p1a: Clodsire|atk|1
|move|p1a: Clodsire|Recover|p1a: Clodsire
|-heal|p1a: Clodsire|100/100
|
|-weather|Snowscape|[upkeep]
|upkeep
|turn|17
|inactive|RoutesReborn has 25 seconds left this turn.
|inactive|RoutesReborn has 20 seconds left.
|
|t:|1743820931
|move|p2a: Landorus|Earthquake|p1a: Clodsire
|-supereffective|p1a: Clodsire
|-crit|p1a: Clodsire
|-damage|p1a: Clodsire|0 fnt
|faint|p1a: Clodsire
|
|-weather|none
|upkeep
|inactive|RoutesReborn has 25 seconds left this turn.
|
|t:|1743820944
|switch|p1a: Corviknight|Corviknight, F|91/100
|-damage|p1a: Corviknight|78/100|[from] Stealth Rock
|turn|18
|inactive|RoutesReborn has 30 seconds left.
|
|t:|1743820952
|move|p2a: Landorus|Taunt|p1a: Corviknight
|-start|p1a: Corviknight|move: Taunt
|cant|p1a: Corviknight|move: Taunt|Iron Defense
|
|-heal|p1a: Corviknight|85/100|[from] item: Leftovers
|upkeep
|turn|19
|
|t:|1743820962
|switch|p1a: Garganacl|Garganacl, M|68/100
|-damage|p1a: Garganacl|56/100|[from] Stealth Rock
|move|p2a: Landorus|Earthquake|p1a: Garganacl
|-supereffective|p1a: Garganacl
|-damage|p1a: Garganacl|11/100
|
|-heal|p1a: Garganacl|17/100|[from] item: Leftovers
|upkeep
|turn|20
|
|t:|1743820975
|switch|p1a: Quaquaval|Quaquaval, F|100/100
|-damage|p1a: Quaquaval|94/100|[from] Stealth Rock
|-item|p1a: Quaquaval|Air Balloon
|move|p2a: Landorus|Earthquake|p1a: Quaquaval
|-immune|p1a: Quaquaval
|
|upkeep
|turn|21
|
|t:|1743820987
|move|p2a: Landorus|U-turn|p1a: Quaquaval
|-resisted|p1a: Quaquaval
|-damage|p1a: Quaquaval|79/100
|-enditem|p1a: Quaquaval|Air Balloon
|
|t:|1743820992
|switch|p2a: Raging Bolt|Raging Bolt|100/100|[from] U-turn
|-damage|p2a: Raging Bolt|88/100|[from] Stealth Rock
|-enditem|p2a: Raging Bolt|Booster Energy
|-activate|p2a: Raging Bolt|ability: Protosynthesis|[fromitem]
|-start|p2a: Raging Bolt|protosynthesisspa
|move|p1a: Quaquaval|Aqua Step|p2a: Raging Bolt
|-resisted|p2a: Raging Bolt
|-damage|p2a: Raging Bolt|68/100
|-boost|p1a: Quaquaval|spe|1
|
|upkeep
|turn|22
|
|t:|1743821013
|switch|p1a: Iron Valiant|Iron Valiant|100/100
|-damage|p1a: Iron Valiant|94/100|[from] Stealth Rock
|-enditem|p1a: Iron Valiant|Booster Energy
|-activate|p1a: Iron Valiant|ability: Quark Drive|[fromitem]
|-start|p1a: Iron Valiant|quarkdrivespe
|move|p2a: Raging Bolt|Calm Mind|p2a: Raging Bolt
|-boost|p2a: Raging Bolt|spa|1
|-boost|p2a: Raging Bolt|spd|1
|
|upkeep
|turn|23
|
|t:|1743821030
|move|p2a: Raging Bolt|Thunderclap|p1a: Iron Valiant
|-damage|p1a: Iron Valiant|0 fnt
|faint|p1a: Iron Valiant
|-end|p1a: Iron Valiant|Quark Drive|[silent]
|
|upkeep
|
|t:|1743821037
|switch|p1a: Corviknight|Corviknight, F|85/100
|-damage|p1a: Corviknight|72/100|[from] Stealth Rock
|turn|24
|
|t:|1743821044
|move|p2a: Raging Bolt|Thunderbolt|p1a: Corviknight
|-supereffective|p1a: Corviknight
|-damage|p1a: Corviknight|0 fnt
|faint|p1a: Corviknight
|
|upkeep
|
|t:|1743821051
|switch|p1a: Garganacl|Garganacl, M|17/100
|-damage|p1a: Garganacl|4/100|[from] Stealth Rock
|turn|25
|
|t:|1743821063
|move|p2a: Raging Bolt|Thunderbolt|p1a: Garganacl
|-damage|p1a: Garganacl|0 fnt
|faint|p1a: Garganacl
|
|upkeep
|
|t:|1743821069
|switch|p1a: Quaquaval|Quaquaval, F|79/100
|-damage|p1a: Quaquaval|73/100|[from] Stealth Rock
|turn|26
|inactive|RoutesReborn has 60 seconds left.
|
|t:|1743821087
|move|p1a: Quaquaval|Ice Spinner|p2a: Raging Bolt
|-supereffective|p2a: Raging Bolt
|-crit|p2a: Raging Bolt
|-damage|p2a: Raging Bolt|0 fnt
|faint|p2a: Raging Bolt
|-end|p2a: Raging Bolt|Protosynthesis|[silent]
|-ability|p1a: Quaquaval|Moxie|boost
|-boost|p1a: Quaquaval|atk|1
|
|upkeep
|
|t:|1743821109
|switch|p2a: Landorus|Landorus-Therian, M|42/100
|-damage|p2a: Landorus|30/100|[from] Stealth Rock
|-ability|p2a: Landorus|Intimidate|boost
|-unboost|p1a: Quaquaval|atk|1
|turn|27
|
|t:|1743821122
|-terastallize|p1a: Quaquaval|Water
|move|p2a: Landorus|Earthquake|p1a: Quaquaval
|-damage|p1a: Quaquaval|8/100
|move|p1a: Quaquaval|Aqua Step|p2a: Landorus
|-supereffective|p2a: Landorus
|-damage|p2a: Landorus|0 fnt
|-boost|p1a: Quaquaval|spe|1
|-damage|p1a: Quaquaval|0 fnt|[from] item: Rocky Helmet|[of] p2a: Landorus
|faint|p2a: Landorus
|faint|p1a: Quaquaval
|
|upkeep
|inactive|RoutesReborn has 30 seconds left.
|
|t:|1743821144
|switch|p2a: Cinderace|Cinderace, F|100/100
|switch|p1a: Sinistcha|Sinistcha-Masterpiece|100/100
|-damage|p1a: Sinistcha|88/100|[from] Stealth Rock
|turn|28
|inactive|RoutesReborn has 30 seconds left.
|
|t:|1743821154
|move|p2a: Cinderace|Will-O-Wisp|p1a: Sinistcha|[miss]
|-miss|p2a: Cinderace|p1a: Sinistcha
|move|p1a: Sinistcha|Strength Sap|p2a: Cinderace
|-unboost|p2a: Cinderace|atk|1
|-heal|p1a: Sinistcha|100/100
|
|upkeep
|turn|29
|
|t:|1743821163
|move|p2a: Cinderace|Will-O-Wisp|p1a: Sinistcha
|-status|p1a: Sinistcha|brn
|move|p1a: Sinistcha|Nasty Plot|p1a: Sinistcha
|-boost|p1a: Sinistcha|spa|2
|
|-damage|p1a: Sinistcha|98/100 brn|[from] brn
|upkeep
|turn|30
|inactive|RoutesReborn has 30 seconds left.
|
|t:|1743821187
|switch|p2a: Slowking|Slowking-Galar, F|93/100
|move|p1a: Sinistcha|Matcha Gotcha|p2a: Slowking|[miss]
|-miss|p1a: Sinistcha|p2a: Slowking
|
|-damage|p1a: Sinistcha|95/100 brn|[from] brn
|upkeep
|turn|31
|inactive|RoutesReborn has 30 seconds left.
|
|t:|1743821200
|move|p1a: Sinistcha|Shadow Ball|p2a: Slowking
|-supereffective|p2a: Slowking
|-damage|p2a: Slowking|0 fnt
|faint|p2a: Slowking
|
|-damage|p1a: Sinistcha|92/100 brn|[from] brn
|upkeep
|inactive|RoutesReborn has 30 seconds left this turn.
|inactive|RoutesReborn has 20 seconds left.
|
|t:|1743821212
|switch|p2a: Iron Valiant|Iron Valiant|94/100
|-damage|p2a: Iron Valiant|88/100|[from] Stealth Rock
|turn|32
|inactive|RoutesReborn has 30 seconds left this turn.
|
|t:|1743821221
|move|p2a: Iron Valiant|Knock Off|p1a: Sinistcha
|-supereffective|p1a: Sinistcha
|-damage|p1a: Sinistcha|22/100 brn
|-enditem|p1a: Sinistcha|Big Root|[from] move: Knock Off|[of] p2a: Iron Valiant
|move|p1a: Sinistcha|Strength Sap|p2a: Iron Valiant
|-unboost|p2a: Iron Valiant|atk|1
|-heal|p1a: Sinistcha|100/100 brn
|
|-damage|p1a: Sinistcha|98/100 brn|[from] brn
|upkeep
|turn|33
|inactive|RoutesReborn has 30 seconds left.
|inactive|RoutesReborn has 20 seconds left.
|inactive|RoutesReborn has 15 seconds left.
|inactive|RoutesReborn has 10 seconds left.
|
|t:|1743821250
|move|p2a: Iron Valiant|Encore|p1a: Sinistcha
|-start|p1a: Sinistcha|Encore
|move|p1a: Sinistcha|Strength Sap|p2a: Iron Valiant
|-unboost|p2a: Iron Valiant|atk|1
|-heal|p1a: Sinistcha|100/100 brn
|
|-damage|p1a: Sinistcha|98/100 brn|[from] brn
|upkeep
|turn|34
|inactive|RoutesReborn has 20 seconds left this turn.
|inactive|RoutesReborn has 15 seconds left.
|
|t:|1743821260
|move|p2a: Iron Valiant|Moonblast|p1a: Sinistcha
|-damage|p1a: Sinistcha|27/100 brn
|-unboost|p1a: Sinistcha|spa|1
|move|p1a: Sinistcha|Strength Sap|p2a: Iron Valiant
|-unboost|p2a: Iron Valiant|atk|1
|-heal|p1a: Sinistcha|80/100 brn
|
|-damage|p1a: Sinistcha|77/100 brn|[from] brn
|upkeep
|turn|35
|inactive|RoutesReborn has 25 seconds left this turn.
|inactive|RoutesReborn has 20 seconds left.
|inactive|RoutesReborn has 15 seconds left.
|
|t:|1743821271
|-terastallize|p2a: Iron Valiant|Fairy
|move|p2a: Iron Valiant|Moonblast|p1a: Sinistcha
|-damage|p1a: Sinistcha|0 fnt
|faint|p1a: Sinistcha
|
|win|RoutesReborn
|inactive|RoutesReborn has 20 seconds left this turn.
|raw|AlphaOnDc's rating: 1203 &rarr; <strong>1180</strong><br />(-23 for losing)
|raw|RoutesReborn's rating: 1224 &rarr; <strong>1247</strong><br />(+23 for winning)
|c|☆RoutesReborn|gg
|l|☆AlphaOnDc
|player|p1|
