|j|☆jgtyfkyk
|j|☆Kafonn
|t:|1743833470
|gametype|singles
|player|p1|jgtyfkyk|2|1134
|player|p2|Kafonn|1|1153
|teamsize|p1|6
|teamsize|p2|6
|gen|9
|tier|[Gen 9] OU
|rated|
|rule|HP Percentage Mod: HP is shown in percentages
|rule|Endless Battle Clause: Forcing endless battles is banned
|rule|Species Clause: Limit one of each Pokémon
|rule|OHKO Clause: OHKO moves are banned
|rule|Evasion Items Clause: Evasion items are banned
|rule|Evasion Moves Clause: Evasion moves are banned
|rule|Sleep Moves Clause: Sleep-inducing moves are banned
|clearpoke
|poke|p1|Breloom, F|
|poke|p1|Delphox, F|
|poke|p1|Tentacruel, M|
|poke|p1|Registeel|
|poke|p1|Sylveon, F|
|poke|p1|Conkeldurr, M|
|poke|p2|Ogerpon-Wellspring, F|
|poke|p2|Moltres|
|poke|p2|Blissey, F|
|poke|p2|Blaziken, F|
|poke|p2|Great Tusk|
|poke|p2|Dragapult, F|
|teampreview
|
|t:|1743833506
|start
|switch|p1a: Conkeldurr|Conkeldurr, M|100/100
|switch|p2a: Dragapult|Dragapult, F|100/100
|turn|1
|
|t:|1743833513
|move|p2a: Dragapult|Will-O-Wisp|p1a: Conkeldurr
|-status|p1a: Conkeldurr|brn
|move|p1a: Conkeldurr|Knock Off|p2a: Dragapult
|-supereffective|p2a: Dragapult
|-damage|p2a: Dragapult|53/100
|-enditem|p2a: Dragapult|Heavy-Duty Boots|[from] move: Knock Off|[of] p1a: Conkeldurr
|
|-damage|p1a: Conkeldurr|95/100 brn|[from] brn
|upkeep
|turn|2
|
|t:|1743833526
|move|p2a: Dragapult|Hex|p1a: Conkeldurr
|-damage|p1a: Conkeldurr|22/100 brn
|move|p1a: Conkeldurr|Stone Edge|p2a: Dragapult
|-damage|p2a: Dragapult|30/100
|
|-damage|p1a: Conkeldurr|16/100 brn|[from] brn
|upkeep
|turn|3
|
|t:|1743833535
|switch|p1a: Registeel|Registeel|100/100
|move|p2a: Dragapult|Hex|p1a: Registeel
|-damage|p1a: Registeel|85/100
|
|upkeep
|turn|4
|
|t:|1743833541
|move|p2a: Dragapult|U-turn|p1a: Registeel
|-resisted|p1a: Registeel
|-damage|p1a: Registeel|79/100
|-damage|p2a: Dragapult|13/100|[from] item: Rocky Helmet|[of] p1a: Registeel
|
|t:|1743833545
|switch|p2a: Moltres|Moltres|100/100|[from] U-turn
|move|p1a: Registeel|Thunder Wave|p2a: Moltres
|-status|p2a: Moltres|par
|
|upkeep
|turn|5
|
|t:|1743833552
|move|p1a: Registeel|Stealth Rock|p2a: Moltres
|-sidestart|p2: Kafonn|move: Stealth Rock
|move|p2a: Moltres|Will-O-Wisp|p1a: Registeel
|-status|p1a: Registeel|brn
|
|-damage|p1a: Registeel|73/100 brn|[from] brn
|upkeep
|turn|6
|
|t:|1743833563
|switch|p1a: Tentacruel|Tentacruel, M|100/100
|move|p2a: Moltres|Roar|p1a: Tentacruel
|drag|p1a: Sylveon|Sylveon, F|100/100
|
|upkeep
|turn|7
|
|t:|1743833570
|switch|p1a: Tentacruel|Tentacruel, M|100/100
|switch|p2a: Blissey|Blissey, F|100/100
|
|upkeep
|turn|8
|
|t:|1743833579
|switch|p1a: Breloom|Breloom, F|100/100
|move|p2a: Blissey|Stealth Rock|p1a: Breloom
|-sidestart|p1: jgtyfkyk|move: Stealth Rock
|
|upkeep
|turn|9
|
|t:|1743833585
|switch|p2a: Moltres|Moltres|100/100 par
|move|p1a: Breloom|Leech Seed|p2a: Moltres
|-start|p2a: Moltres|move: Leech Seed
|
|-damage|p2a: Moltres|88/100 par|[from] Leech Seed|[of] p1a: Breloom
|upkeep
|turn|10
|
|t:|1743833593
|switch|p1a: Conkeldurr|Conkeldurr, M|16/100 brn
|move|p2a: Moltres|Roar|p1a: Conkeldurr
|drag|p1a: Breloom|Breloom, F|100/100
|-damage|p1a: Breloom|94/100|[from] Stealth Rock
|
|-heal|p1a: Breloom|100/100|[from] item: Leftovers
|-damage|p2a: Moltres|76/100 par|[from] Leech Seed|[of] p1a: Breloom
|upkeep
|turn|11
|
|t:|1743833604
|switch|p1a: Tentacruel|Tentacruel, M|100/100
|-damage|p1a: Tentacruel|88/100|[from] Stealth Rock
|move|p2a: Moltres|Roar|p1a: Tentacruel
|drag|p1a: Delphox|Delphox, F|100/100
|-damage|p1a: Delphox|76/100|[from] Stealth Rock
|
|-damage|p2a: Moltres|64/100 par|[from] Leech Seed|[of] p1a: Delphox
|-heal|p1a: Delphox|92/100|[silent]
|upkeep
|turn|12
|
|t:|1743833618
|switch|p2a: Great Tusk|Great Tusk|100/100
|-damage|p2a: Great Tusk|98/100|[from] Stealth Rock
|move|p1a: Delphox|Psychic Noise|p2a: Great Tusk
|-supereffective|p2a: Great Tusk
|-damage|p2a: Great Tusk|0 fnt
|faint|p2a: Great Tusk
|-end|p2a: Great Tusk|Protosynthesis|[silent]
|
|upkeep
|
|t:|1743833634
|switch|p2a: Blissey|Blissey, F|100/100
|turn|13
|
|t:|1743833638
|switch|p1a: Tentacruel|Tentacruel, M|88/100
|-damage|p1a: Tentacruel|76/100|[from] Stealth Rock
|move|p2a: Blissey|Seismic Toss|p1a: Tentacruel
|-damage|p1a: Tentacruel|43/100
|
|-heal|p1a: Tentacruel|49/100|[from] item: Leftovers
|upkeep
|turn|14
|
|t:|1743833648
|switch|p1a: Breloom|Breloom, F|100/100
|-damage|p1a: Breloom|94/100|[from] Stealth Rock
|move|p2a: Blissey|Seismic Toss|p1a: Breloom
|-damage|p1a: Breloom|63/100
|
|-heal|p1a: Breloom|70/100|[from] item: Leftovers
|upkeep
|turn|15
|
|t:|1743833659
|switch|p2a: Moltres|Moltres|64/100 par
|move|p1a: Breloom|Leech Seed|p2a: Moltres
|-start|p2a: Moltres|move: Leech Seed
|
|-heal|p1a: Breloom|76/100|[from] item: Leftovers
|-damage|p2a: Moltres|51/100 par|[from] Leech Seed|[of] p1a: Breloom
|-heal|p1a: Breloom|90/100|[silent]
|upkeep
|turn|16
|
|t:|1743833668
|switch|p1a: Conkeldurr|Conkeldurr, M|16/100 brn
|cant|p2a: Moltres|par
|
|-damage|p2a: Moltres|39/100 par|[from] Leech Seed|[of] p1a: Conkeldurr
|-heal|p1a: Conkeldurr|30/100 brn|[silent]
|-damage|p1a: Conkeldurr|24/100 brn|[from] brn
|upkeep
|turn|17
|
|t:|1743833680
|switch|p2a: Ogerpon|Ogerpon-Wellspring, F|100/100
|-damage|p2a: Ogerpon|88/100|[from] Stealth Rock
|move|p1a: Conkeldurr|Stone Edge|p2a: Ogerpon
|-damage|p2a: Ogerpon|64/100
|
|-damage|p1a: Conkeldurr|18/100 brn|[from] brn
|upkeep
|turn|18
|
|t:|1743833690
|move|p1a: Conkeldurr|Mach Punch|p2a: Ogerpon
|-damage|p2a: Ogerpon|47/100
|move|p2a: Ogerpon|Ivy Cudgel|p1a: Conkeldurr|[anim] Ivy Cudgel Water
|-damage|p1a: Conkeldurr|0 fnt
|faint|p1a: Conkeldurr
|
|upkeep
|
|t:|1743833700
|switch|p1a: Delphox|Delphox, F|92/100
|-damage|p1a: Delphox|67/100|[from] Stealth Rock
|turn|19
|
|t:|1743833705
|move|p2a: Ogerpon|Ivy Cudgel|p1a: Delphox|[anim] Ivy Cudgel Water
|-supereffective|p1a: Delphox
|-damage|p1a: Delphox|0 fnt
|faint|p1a: Delphox
|
|upkeep
|
|t:|1743833709
|switch|p1a: Breloom|Breloom, F|90/100
|-damage|p1a: Breloom|84/100|[from] Stealth Rock
|turn|20
|
|t:|1743833714
|move|p2a: Ogerpon|U-turn|p1a: Breloom
|-damage|p1a: Breloom|47/100
|
|t:|1743833717
|switch|p2a: Moltres|Moltres|39/100 par|[from] U-turn
|move|p1a: Breloom|Leech Seed|p2a: Moltres
|-start|p2a: Moltres|move: Leech Seed
|
|-heal|p1a: Breloom|54/100|[from] item: Leftovers
|-damage|p2a: Moltres|27/100 par|[from] Leech Seed|[of] p1a: Breloom
|-heal|p1a: Breloom|68/100|[silent]
|upkeep
|turn|21
|
|t:|1743833728
|switch|p1a: Tentacruel|Tentacruel, M|49/100
|-damage|p1a: Tentacruel|36/100|[from] Stealth Rock
|move|p2a: Moltres|Roost|p2a: Moltres
|-heal|p2a: Moltres|77/100 par
|-singleturn|p2a: Moltres|move: Roost
|
|-heal|p1a: Tentacruel|42/100|[from] item: Leftovers
|-damage|p2a: Moltres|65/100 par|[from] Leech Seed|[of] p1a: Tentacruel
|-heal|p1a: Tentacruel|58/100|[silent]
|upkeep
|turn|22
|
|t:|1743833740
|switch|p2a: Blissey|Blissey, F|100/100
|move|p1a: Tentacruel|Rapid Spin|p2a: Blissey
|-damage|p2a: Blissey|92/100
|-boost|p1a: Tentacruel|spe|1
|-sideend|p1: jgtyfkyk|Stealth Rock|[from] move: Rapid Spin|[of] p1a: Tentacruel
|
|-heal|p1a: Tentacruel|64/100|[from] item: Leftovers
|upkeep
|turn|23
|
|t:|1743833750
|switch|p1a: Breloom|Breloom, F|68/100
|move|p2a: Blissey|Stealth Rock|p1a: Breloom
|-sidestart|p1: jgtyfkyk|move: Stealth Rock
|
|-heal|p1a: Breloom|74/100|[from] item: Leftovers
|upkeep
|turn|24
|
|t:|1743833758
|move|p1a: Breloom|Leech Seed|p2a: Blissey
|-start|p2a: Blissey|move: Leech Seed
|move|p2a: Blissey|Seismic Toss|p1a: Breloom
|-damage|p1a: Breloom|43/100
|
|-heal|p1a: Breloom|50/100|[from] item: Leftovers
|-damage|p2a: Blissey|80/100|[from] Leech Seed|[of] p1a: Breloom
|-heal|p1a: Breloom|75/100|[silent]
|upkeep
|turn|25
|
|t:|1743833768
|switch|p2a: Moltres|Moltres|65/100 par
|move|p1a: Breloom|Mach Punch|p2a: Moltres
|-resisted|p2a: Moltres
|-damage|p2a: Moltres|53/100 par
|
|-heal|p1a: Breloom|81/100|[from] item: Leftovers
|upkeep
|turn|26
|
|t:|1743833777
|move|p1a: Breloom|Leech Seed|p2a: Moltres
|-start|p2a: Moltres|move: Leech Seed
|move|p2a: Moltres|Roar|p1a: Breloom
|drag|p1a: Sylveon|Sylveon, F|100/100
|-damage|p1a: Sylveon|88/100|[from] Stealth Rock
|
|-damage|p2a: Moltres|40/100 par|[from] Leech Seed|[of] p1a: Sylveon
|-heal|p1a: Sylveon|100/100|[silent]
|upkeep
|turn|27
|
|t:|1743833788
|switch|p1a: Breloom|Breloom, F|81/100
|-damage|p1a: Breloom|75/100|[from] Stealth Rock
|switch|p2a: Blissey|Blissey, F|80/100
|
|-heal|p1a: Breloom|81/100|[from] item: Leftovers
|upkeep
|turn|28
|
|t:|1743833798
|switch|p2a: Moltres|Moltres|40/100 par
|move|p1a: Breloom|Leech Seed|p2a: Moltres
|-start|p2a: Moltres|move: Leech Seed
|
|-heal|p1a: Breloom|87/100|[from] item: Leftovers
|-damage|p2a: Moltres|28/100 par|[from] Leech Seed|[of] p1a: Breloom
|-heal|p1a: Breloom|100/100|[silent]
|upkeep
|turn|29
|
|t:|1743833807
|move|p1a: Breloom|Bullet Seed|p2a: Moltres
|-resisted|p2a: Moltres
|-damage|p2a: Moltres|25/100 par
|-resisted|p2a: Moltres
|-damage|p2a: Moltres|21/100 par
|-resisted|p2a: Moltres
|-damage|p2a: Moltres|17/100 par
|-hitcount|p2a: Moltres|3
|move|p2a: Moltres|Roost|p2a: Moltres
|-heal|p2a: Moltres|67/100 par
|-singleturn|p2a: Moltres|move: Roost
|
|-damage|p2a: Moltres|55/100 par|[from] Leech Seed|[of] p1a: Breloom
|upkeep
|turn|30
|
|t:|1743833826
|move|p1a: Breloom|Leech Seed||[still]
|-fail|p1a: Breloom
|move|p2a: Moltres|Roost|p2a: Moltres
|-heal|p2a: Moltres|100/100 par
|-singleturn|p2a: Moltres|move: Roost
|
|-damage|p2a: Moltres|88/100 par|[from] Leech Seed|[of] p1a: Breloom
|upkeep
|turn|31
|
|t:|1743833836
|switch|p1a: Registeel|Registeel|73/100 brn
|-damage|p1a: Registeel|67/100 brn|[from] Stealth Rock
|cant|p2a: Moltres|par
|
|-damage|p2a: Moltres|76/100 par|[from] Leech Seed|[of] p1a: Registeel
|-heal|p1a: Registeel|83/100 brn|[silent]
|-damage|p1a: Registeel|77/100 brn|[from] brn
|upkeep
|turn|32
|
|t:|1743833846
|switch|p1a: Tentacruel|Tentacruel, M|64/100
|-damage|p1a: Tentacruel|52/100|[from] Stealth Rock
|move|p2a: Moltres|Flamethrower|p1a: Tentacruel
|-resisted|p1a: Tentacruel
|-damage|p1a: Tentacruel|34/100
|
|-heal|p1a: Tentacruel|40/100|[from] item: Leftovers
|-damage|p2a: Moltres|64/100 par|[from] Leech Seed|[of] p1a: Tentacruel
|-heal|p1a: Tentacruel|55/100|[silent]
|upkeep
|turn|33
|
|t:|1743833858
|switch|p2a: Blissey|Blissey, F|80/100
|move|p1a: Tentacruel|Rapid Spin|p2a: Blissey
|-damage|p2a: Blissey|72/100
|-boost|p1a: Tentacruel|spe|1
|-sideend|p1: jgtyfkyk|Stealth Rock|[from] move: Rapid Spin|[of] p1a: Tentacruel
|
|-heal|p1a: Tentacruel|61/100|[from] item: Leftovers
|upkeep
|turn|34
|
|t:|1743833869
|move|p1a: Tentacruel|Sludge Bomb|p2a: Blissey
|-crit|p2a: Blissey
|-damage|p2a: Blissey|56/100
|move|p2a: Blissey|Seismic Toss|p1a: Tentacruel
|-damage|p1a: Tentacruel|28/100
|
|-heal|p1a: Tentacruel|34/100|[from] item: Leftovers
|upkeep
|turn|35
|
|t:|1743833879
|switch|p1a: Breloom|Breloom, F|100/100
|move|p2a: Blissey|Stealth Rock|p1a: Breloom
|-sidestart|p1: jgtyfkyk|move: Stealth Rock
|
|upkeep
|turn|36
|
|t:|1743833886
|switch|p2a: Moltres|Moltres|64/100 par
|move|p1a: Breloom|Mach Punch|p2a: Moltres
|-resisted|p2a: Moltres
|-damage|p2a: Moltres|51/100 par
|
|upkeep
|turn|37
|
|t:|1743833893
|move|p1a: Breloom|Leech Seed|p2a: Moltres
|-start|p2a: Moltres|move: Leech Seed
|move|p2a: Moltres|Will-O-Wisp|p1a: Breloom|[miss]
|-miss|p2a: Moltres|p1a: Breloom
|
|-damage|p2a: Moltres|38/100 par|[from] Leech Seed|[of] p1a: Breloom
|upkeep
|turn|38
|
|t:|1743833901
|switch|p1a: Tentacruel|Tentacruel, M|34/100
|-damage|p1a: Tentacruel|22/100|[from] Stealth Rock
|move|p2a: Moltres|Will-O-Wisp|p1a: Tentacruel
|-status|p1a: Tentacruel|brn
|
|-heal|p1a: Tentacruel|28/100 brn|[from] item: Leftovers
|-damage|p2a: Moltres|26/100 par|[from] Leech Seed|[of] p1a: Tentacruel
|-heal|p1a: Tentacruel|43/100 brn|[silent]
|-damage|p1a: Tentacruel|37/100 brn|[from] brn
|upkeep
|turn|39
|
|t:|1743833913
|switch|p2a: Blissey|Blissey, F|56/100
|move|p1a: Tentacruel|Sludge Bomb|p2a: Blissey
|-crit|p2a: Blissey
|-damage|p2a: Blissey|39/100
|-status|p2a: Blissey|psn
|
|-heal|p1a: Tentacruel|43/100 brn|[from] item: Leftovers
|-damage|p2a: Blissey|27/100 psn|[from] psn
|-damage|p1a: Tentacruel|37/100 brn|[from] brn
|upkeep
|turn|40
|
|t:|1743833925
|move|p1a: Tentacruel|Rapid Spin|p2a: Blissey
|-damage|p2a: Blissey|23/100 psn
|-boost|p1a: Tentacruel|spe|1
|-sideend|p1: jgtyfkyk|Stealth Rock|[from] move: Rapid Spin|[of] p1a: Tentacruel
|move|p2a: Blissey|Soft-Boiled|p2a: Blissey
|-heal|p2a: Blissey|73/100 psn
|
|-heal|p1a: Tentacruel|43/100 brn|[from] item: Leftovers
|-damage|p2a: Blissey|60/100 psn|[from] psn
|-damage|p1a: Tentacruel|37/100 brn|[from] brn
|upkeep
|turn|41
|
|t:|1743833937
|switch|p1a: Breloom|Breloom, F|100/100
|move|p2a: Blissey|Stealth Rock|p1a: Breloom
|-sidestart|p1: jgtyfkyk|move: Stealth Rock
|
|-damage|p2a: Blissey|48/100 psn|[from] psn
|upkeep
|turn|42
|
|t:|1743833953
|-curestatus|p2a: Blissey|psn|[from] ability: Natural Cure
|switch|p2a: Moltres|Moltres|26/100 par
|move|p1a: Breloom|Leech Seed|p2a: Moltres
|-start|p2a: Moltres|move: Leech Seed
|
|-damage|p2a: Moltres|14/100 par|[from] Leech Seed|[of] p1a: Breloom
|upkeep
|turn|43
|
|t:|1743833961
|switch|p1a: Tentacruel|Tentacruel, M|37/100 brn
|-damage|p1a: Tentacruel|25/100 brn|[from] Stealth Rock
|move|p2a: Moltres|Roost|p2a: Moltres
|-heal|p2a: Moltres|64/100 par
|-singleturn|p2a: Moltres|move: Roost
|
|-heal|p1a: Tentacruel|31/100 brn|[from] item: Leftovers
|-damage|p2a: Moltres|52/100 par|[from] Leech Seed|[of] p1a: Tentacruel
|-heal|p1a: Tentacruel|47/100 brn|[silent]
|-damage|p1a: Tentacruel|41/100 brn|[from] brn
|upkeep
|turn|44
|
|t:|1743833977
|switch|p2a: Blissey|Blissey, F|48/100
|move|p1a: Tentacruel|Rapid Spin|p2a: Blissey
|-damage|p2a: Blissey|44/100
|-boost|p1a: Tentacruel|spe|1
|-sideend|p1: jgtyfkyk|Stealth Rock|[from] move: Rapid Spin|[of] p1a: Tentacruel
|
|-heal|p1a: Tentacruel|47/100 brn|[from] item: Leftovers
|-damage|p1a: Tentacruel|41/100 brn|[from] brn
|upkeep
|turn|45
|
|t:|1743833988
|switch|p1a: Breloom|Breloom, F|100/100
|move|p2a: Blissey|Stealth Rock|p1a: Breloom
|-sidestart|p1: jgtyfkyk|move: Stealth Rock
|
|upkeep
|turn|46
|
|t:|1743833997
|switch|p2a: Moltres|Moltres|52/100 par
|move|p1a: Breloom|Bullet Seed|p2a: Moltres
|-resisted|p2a: Moltres
|-damage|p2a: Moltres|48/100 par
|-resisted|p2a: Moltres
|-damage|p2a: Moltres|44/100 par
|-hitcount|p2a: Moltres|2
|
|upkeep
|turn|47
|
|t:|1743834005
|move|p1a: Breloom|Leech Seed|p2a: Moltres
|-start|p2a: Moltres|move: Leech Seed
|cant|p2a: Moltres|par
|
|-damage|p2a: Moltres|32/100 par|[from] Leech Seed|[of] p1a: Breloom
|upkeep
|turn|48
|
|t:|1743834012
|switch|p1a: Tentacruel|Tentacruel, M|41/100 brn
|-damage|p1a: Tentacruel|28/100 brn|[from] Stealth Rock
|move|p2a: Moltres|Flamethrower|p1a: Tentacruel
|-resisted|p1a: Tentacruel
|-damage|p1a: Tentacruel|11/100 brn
|
|-heal|p1a: Tentacruel|17/100 brn|[from] item: Leftovers
|-damage|p2a: Moltres|20/100 par|[from] Leech Seed|[of] p1a: Tentacruel
|-heal|p1a: Tentacruel|33/100 brn|[silent]
|-damage|p1a: Tentacruel|27/100 brn|[from] brn
|upkeep
|turn|49
|
|t:|1743834033
|switch|p2a: Ogerpon|Ogerpon-Wellspring, F|47/100
|-damage|p2a: Ogerpon|35/100|[from] Stealth Rock
|move|p1a: Tentacruel|Rapid Spin|p2a: Ogerpon
|-damage|p2a: Ogerpon|30/100
|-boost|p1a: Tentacruel|spe|1
|-sideend|p1: jgtyfkyk|Stealth Rock|[from] move: Rapid Spin|[of] p1a: Tentacruel
|
|-heal|p1a: Tentacruel|33/100 brn|[from] item: Leftovers
|-damage|p1a: Tentacruel|27/100 brn|[from] brn
|upkeep
|turn|50
|
|t:|1743834052
|switch|p2a: Blissey|Blissey, F|44/100
|move|p1a: Tentacruel|Sludge Bomb|p2a: Blissey
|-damage|p2a: Blissey|34/100
|
|-heal|p1a: Tentacruel|33/100 brn|[from] item: Leftovers
|-damage|p1a: Tentacruel|27/100 brn|[from] brn
|upkeep
|turn|51
|
|t:|1743834062
|switch|p1a: Breloom|Breloom, F|100/100
|move|p2a: Blissey|Soft-Boiled|p2a: Blissey
|-heal|p2a: Blissey|84/100
|
|upkeep
|turn|52
|
|t:|1743834078
|switch|p2a: Blaziken|Blaziken, F|100/100
|-damage|p2a: Blaziken|88/100|[from] Stealth Rock
|move|p1a: Breloom|Leech Seed|p2a: Blaziken
|-start|p2a: Blaziken|move: Leech Seed
|
|-damage|p2a: Blaziken|76/100|[from] Leech Seed|[of] p1a: Breloom
|upkeep
|turn|53
|
|t:|1743834092
|switch|p1a: Registeel|Registeel|77/100 brn
|move|p2a: Blaziken|Swords Dance|p2a: Blaziken
|-boost|p2a: Blaziken|atk|2
|
|-damage|p2a: Blaziken|64/100|[from] Leech Seed|[of] p1a: Registeel
|-heal|p1a: Registeel|89/100 brn|[silent]
|-damage|p1a: Registeel|83/100 brn|[from] brn
|-ability|p2a: Blaziken|Speed Boost|boost
|-boost|p2a: Blaziken|spe|1
|upkeep
|turn|54
|
|t:|1743834104
|move|p2a: Blaziken|Blaze Kick|p1a: Registeel
|-supereffective|p1a: Registeel
|-damage|p1a: Registeel|0 fnt
|-damage|p2a: Blaziken|47/100|[from] item: Rocky Helmet|[of] p1a: Registeel
|faint|p1a: Registeel
|-damage|p2a: Blaziken|37/100|[from] item: Life Orb
|
|-ability|p2a: Blaziken|Speed Boost|boost
|-boost|p2a: Blaziken|spe|1
|upkeep
|
|t:|1743834108
|switch|p1a: Breloom|Breloom, F|100/100
|turn|55
|
|t:|1743834115
|move|p1a: Breloom|Mach Punch|p2a: Blaziken
|-damage|p2a: Blaziken|0 fnt
|faint|p2a: Blaziken
|
|upkeep
|
|t:|1743834121
|switch|p2a: Moltres|Moltres|20/100 par
|turn|56
|
|t:|1743834126
|switch|p1a: Tentacruel|Tentacruel, M|27/100 brn
|move|p2a: Moltres|Roost|p2a: Moltres
|-heal|p2a: Moltres|70/100 par
|-singleturn|p2a: Moltres|move: Roost
|
|-heal|p1a: Tentacruel|33/100 brn|[from] item: Leftovers
|-damage|p1a: Tentacruel|27/100 brn|[from] brn
|upkeep
|turn|57
|
|t:|1743834137
|switch|p2a: Blissey|Blissey, F|84/100
|move|p1a: Tentacruel|Sludge Bomb|p2a: Blissey
|-damage|p2a: Blissey|74/100
|
|-heal|p1a: Tentacruel|33/100 brn|[from] item: Leftovers
|-damage|p1a: Tentacruel|27/100 brn|[from] brn
|upkeep
|turn|58
|
|t:|1743834150
|switch|p1a: Breloom|Breloom, F|100/100
|move|p2a: Blissey|Stealth Rock|p1a: Breloom
|-sidestart|p1: jgtyfkyk|move: Stealth Rock
|
|upkeep
|turn|59
|
|t:|1743834157
|switch|p2a: Moltres|Moltres|70/100 par
|move|p1a: Breloom|Leech Seed|p2a: Moltres
|-start|p2a: Moltres|move: Leech Seed
|
|-damage|p2a: Moltres|58/100 par|[from] Leech Seed|[of] p1a: Breloom
|upkeep
|turn|60
|
|t:|1743834178
|switch|p1a: Tentacruel|Tentacruel, M|27/100 brn
|-damage|p1a: Tentacruel|15/100 brn|[from] Stealth Rock
|switch|p2a: Ogerpon|Ogerpon-Wellspring, F|30/100
|-damage|p2a: Ogerpon|17/100|[from] Stealth Rock
|
|-heal|p1a: Tentacruel|21/100 brn|[from] item: Leftovers
|-damage|p1a: Tentacruel|15/100 brn|[from] brn
|upkeep
|turn|61
|
|t:|1743834192
|move|p2a: Ogerpon|Horn Leech|p1a: Tentacruel
|-damage|p1a: Tentacruel|0 fnt
|-damage|p2a: Ogerpon|10/100|[from] ability: Liquid Ooze|[of] p1a: Tentacruel
|faint|p1a: Tentacruel
|
|upkeep
|
|t:|1743834198
|switch|p1a: Breloom|Breloom, F|100/100
|-damage|p1a: Breloom|94/100|[from] Stealth Rock
|turn|62
|
|t:|1743834202
|switch|p2a: Moltres|Moltres|58/100 par
|move|p1a: Breloom|Mach Punch|p2a: Moltres
|-resisted|p2a: Moltres
|-damage|p2a: Moltres|46/100 par
|-status|p1a: Breloom|brn|[from] ability: Flame Body|[of] p2a: Moltres
|
|-heal|p1a: Breloom|100/100 brn|[from] item: Leftovers
|-damage|p1a: Breloom|94/100 brn|[from] brn
|upkeep
|turn|63
|
|t:|1743834213
|switch|p1a: Sylveon|Sylveon, F|100/100
|-damage|p1a: Sylveon|88/100|[from] Stealth Rock
|move|p2a: Moltres|Flamethrower|p1a: Sylveon
|-crit|p1a: Sylveon
|-damage|p1a: Sylveon|62/100
|
|upkeep
|turn|64
|
|t:|1743834222
|switch|p2a: Blissey|Blissey, F|74/100
|move|p1a: Sylveon|Draining Kiss|p2a: Blissey
|-damage|p2a: Blissey|65/100
|-heal|p1a: Sylveon|73/100|[from] drain|[of] p2a: Blissey
|
|upkeep
|turn|65
|-message|jgtyfkyk forfeited.
|
|win|Kafonn
|raw|jgtyfkyk's rating: 1134 &rarr; <strong>1110</strong><br />(-24 for losing)
|raw|Kafonn's rating: 1153 &rarr; <strong>1177</strong><br />(+24 for winning)
|l|☆jgtyfkyk
|player|p1|
|l|☆Kafonn
|player|p2|
