|j|☆Chinatownz
|j|☆lycan2fly
|t:|1743841462
|gametype|singles
|player|p1|Chinatownz|170|1236
|player|p2|lycan2fly|palmer|1220
|teamsize|p1|6
|teamsize|p2|6
|gen|9
|tier|[Gen 9] OU
|rated|
|rule|HP Percentage Mod: HP is shown in percentages
|rule|Endless Battle Clause: Forcing endless battles is banned
|rule|Species Clause: Limit one of each Pokémon
|rule|OHKO Clause: OHKO moves are banned
|rule|Evasion Items Clause: Evasion items are banned
|rule|Evasion Moves Clause: Evasion moves are banned
|rule|Sleep Moves Clause: Sleep-inducing moves are banned
|clearpoke
|poke|p1|Eiscue, M|
|poke|p1|Blissey, F|
|poke|p1|Great Tusk|
|poke|p1|Skeledirge, F|
|poke|p1|Lokix, M|
|poke|p1|Glimmora, M|
|poke|p2|Dragonite, F|
|poke|p2|Enamorus, F|
|poke|p2|Landorus-Therian, M|
|poke|p2|Gholdengo|
|poke|p2|Dragapult, F|
|poke|p2|Walking Wake|
|teampreview
|inactive|Battle timer is ON: inactive players will automatically lose when time's up. (requested by lycan2fly)
|
|t:|1743841481
|start
|switch|p1a: Lokix|Lokix, M|100/100
|switch|p2a: lando$|Landorus-Therian, M, shiny|100/100
|-ability|p2a: lando$|Intimidate|boost
|-unboost|p1a: Lokix|atk|1
|turn|1
|
|t:|1743841491
|move|p1a: Lokix|Knock Off|p2a: lando$
|-damage|p2a: lando$|70/100
|-damage|p1a: Lokix|84/100|[from] item: Rocky Helmet|[of] p2a: lando$
|-enditem|p2a: lando$|Rocky Helmet|[from] move: Knock Off|[of] p1a: Lokix
|move|p2a: lando$|Stealth Rock|p1a: Lokix
|-sidestart|p1: Chinatownz|move: Stealth Rock
|
|upkeep
|turn|2
|
|t:|1743841499
|switch|p1a: more usage then u|Great Tusk|100/100
|-damage|p1a: more usage then u|98/100|[from] Stealth Rock
|-enditem|p1a: more usage then u|Booster Energy
|-activate|p1a: more usage then u|ability: Protosynthesis|[fromitem]
|-start|p1a: more usage then u|protosynthesisatk
|switch|p2a: Walking Wake|Walking Wake|100/100
|
|upkeep
|turn|3
|
|t:|1743841504
|-end|p1a: more usage then u|Protosynthesis|[silent]
|switch|p1a: you tomorrow|Blissey, F|100/100
|-damage|p1a: you tomorrow|88/100|[from] Stealth Rock
|move|p2a: Walking Wake|Hydro Steam|p1a: you tomorrow
|-damage|p1a: you tomorrow|73/100
|-damage|p2a: Walking Wake|90/100|[from] item: Life Orb
|
|-heal|p1a: you tomorrow|79/100|[from] item: Leftovers
|upkeep
|turn|4
|
|t:|1743841514
|move|p2a: Walking Wake|Draco Meteor|p1a: you tomorrow
|-damage|p1a: you tomorrow|56/100
|-unboost|p2a: Walking Wake|spa|2
|-damage|p2a: Walking Wake|80/100|[from] item: Life Orb
|move|p1a: you tomorrow|Stealth Rock|p2a: Walking Wake
|-sidestart|p2: lycan2fly|move: Stealth Rock
|
|-heal|p1a: you tomorrow|62/100|[from] item: Leftovers
|upkeep
|turn|5
|
|t:|1743841531
|-end|p2a: Walking Wake|Protosynthesis|[silent]
|switch|p2a: lando$|Landorus-Therian, M, shiny|70/100
|-damage|p2a: lando$|58/100|[from] Stealth Rock
|-ability|p2a: lando$|Intimidate|boost
|-unboost|p1a: you tomorrow|atk|1
|move|p1a: you tomorrow|Thunder Wave|p2a: lando$
|-immune|p2a: lando$
|
|-heal|p1a: you tomorrow|68/100|[from] item: Leftovers
|upkeep
|turn|6
|
|t:|1743841543
|switch|p1a: more usage then u|Great Tusk|98/100
|-damage|p1a: more usage then u|95/100|[from] Stealth Rock
|move|p2a: lando$|Earthquake|p1a: more usage then u
|-damage|p1a: more usage then u|59/100
|
|upkeep
|turn|7
|
|t:|1743841550
|move|p1a: more usage then u|Ice Spinner|p2a: lando$
|-supereffective|p2a: lando$
|-damage|p2a: lando$|0 fnt
|faint|p2a: lando$
|
|upkeep
|
|t:|1743841558
|switch|p2a: Dragapult|Dragapult, F, shiny|100/100
|-damage|p2a: Dragapult|88/100|[from] Stealth Rock
|turn|8
|
|t:|1743841569
|-end|p1a: more usage then u|Protosynthesis|[silent]
|switch|p1a: BBL glizzy|Glimmora, M|100/100
|-damage|p1a: BBL glizzy|88/100|[from] Stealth Rock
|move|p2a: Dragapult|Dragon Darts|p1a: BBL glizzy
|-damage|p1a: BBL glizzy|51/100
|-activate|p1a: BBL glizzy|ability: Toxic Debris
|-sidestart|p2: lycan2fly|move: Toxic Spikes
|-anim|p2a: Dragapult|Dragon Darts|p1a: BBL glizzy
|-damage|p1a: BBL glizzy|12/100
|-activate|p1a: BBL glizzy|ability: Toxic Debris
|-sidestart|p2: lycan2fly|move: Toxic Spikes
|
|upkeep
|turn|9
|
|t:|1743841582
|move|p2a: Dragapult|Dragon Darts|p1a: BBL glizzy
|-damage|p1a: BBL glizzy|0 fnt
|faint|p1a: BBL glizzy
|
|upkeep
|
|t:|1743841586
|switch|p1a: Lokix|Lokix, M|84/100
|-damage|p1a: Lokix|59/100|[from] Stealth Rock
|turn|10
|
|t:|1743841591
|move|p1a: Lokix|First Impression|p2a: Dragapult
|-resisted|p2a: Dragapult
|-damage|p2a: Dragapult|5/100
|move|p2a: Dragapult|Dragon Darts|p1a: Lokix
|-damage|p1a: Lokix|8/100
|-anim|p2a: Dragapult|Dragon Darts|p1a: Lokix
|-damage|p1a: Lokix|0 fnt
|faint|p1a: Lokix
|
|upkeep
|
|t:|1743841601
|switch|p1a: Wannnabe crocodile|Skeledirge, F|100/100
|-damage|p1a: Wannnabe crocodile|75/100|[from] Stealth Rock
|turn|11
|
|t:|1743841607
|move|p2a: Dragapult|Dragon Darts|p1a: Wannnabe crocodile
|-damage|p1a: Wannnabe crocodile|46/100
|-anim|p2a: Dragapult|Dragon Darts|p1a: Wannnabe crocodile
|-damage|p1a: Wannnabe crocodile|17/100
|move|p1a: Wannnabe crocodile|Will-O-Wisp|p2a: Dragapult
|-status|p2a: Dragapult|brn
|
|-heal|p1a: Wannnabe crocodile|23/100|[from] item: Leftovers
|-damage|p2a: Dragapult|0 fnt|[from] brn
|faint|p2a: Dragapult
|upkeep
|
|t:|1743841615
|switch|p2a: Dragonite|Dragonite, F, shiny|100/100
|-damage|p2a: Dragonite|76/100|[from] Stealth Rock
|turn|12
|
|t:|1743841622
|-terastallize|p2a: Dragonite|Normal
|move|p2a: Dragonite|Extreme Speed|p1a: Wannnabe crocodile
|-immune|p1a: Wannnabe crocodile
|move|p1a: Wannnabe crocodile|Will-O-Wisp|p2a: Dragonite
|-status|p2a: Dragonite|brn
|
|-heal|p1a: Wannnabe crocodile|29/100|[from] item: Leftovers
|-damage|p2a: Dragonite|70/100 brn|[from] brn
|upkeep
|turn|13
|
|t:|1743841629
|switch|p2a: Gholdengo|Gholdengo, shiny|100/100
|-damage|p2a: Gholdengo|94/100|[from] Stealth Rock
|move|p1a: Wannnabe crocodile|Slack Off|p1a: Wannnabe crocodile
|-heal|p1a: Wannnabe crocodile|79/100
|
|-heal|p1a: Wannnabe crocodile|85/100|[from] item: Leftovers
|upkeep
|turn|14
|
|t:|1743841639
|move|p2a: Gholdengo|Shadow Ball|p1a: Wannnabe crocodile
|-supereffective|p1a: Wannnabe crocodile
|-damage|p1a: Wannnabe crocodile|0 fnt
|faint|p1a: Wannnabe crocodile
|-damage|p2a: Gholdengo|85/100|[from] item: Life Orb
|
|upkeep
|
|t:|1743841644
|switch|p1a: more usage then u|Great Tusk|59/100
|-damage|p1a: more usage then u|56/100|[from] Stealth Rock
|turn|15
|
|t:|1743841652
|move|p1a: more usage then u|Headlong Rush|p2a: Gholdengo
|-supereffective|p2a: Gholdengo
|-damage|p2a: Gholdengo|0 fnt
|-unboost|p1a: more usage then u|def|1
|-unboost|p1a: more usage then u|spd|1
|faint|p2a: Gholdengo
|
|upkeep
|
|t:|1743841659
|switch|p2a: Dragonite|Dragonite, F, shiny, tera:Normal|70/100 brn
|-damage|p2a: Dragonite|57/100 brn|[from] Stealth Rock
|turn|16
|
|t:|1743841661
|move|p2a: Dragonite|Extreme Speed|p1a: more usage then u
|-damage|p1a: more usage then u|18/100
|move|p1a: more usage then u|Rapid Spin|p2a: Dragonite
|-damage|p2a: Dragonite|36/100 brn
|-boost|p1a: more usage then u|spe|1
|-sideend|p1: Chinatownz|Stealth Rock|[from] move: Rapid Spin|[of] p1a: more usage then u
|
|-damage|p2a: Dragonite|30/100 brn|[from] brn
|upkeep
|turn|17
|
|t:|1743841676
|move|p2a: Dragonite|Extreme Speed|p1a: more usage then u
|-damage|p1a: more usage then u|0 fnt
|faint|p1a: more usage then u
|-end|p1a: more usage then u|Protosynthesis|[silent]
|
|-damage|p2a: Dragonite|24/100 brn|[from] brn
|upkeep
|
|t:|1743841678
|switch|p1a: Eiscue|Eiscue, M|100/100
|turn|18
|
|t:|1743841706
|move|p2a: Dragonite|Extreme Speed|p1a: Eiscue
|-activate|p1a: Eiscue|ability: Ice Face
|-damage|p1a: Eiscue|100/100
|detailschange|p1a: Eiscue|Eiscue-Noice, M
|move|p1a: Eiscue|Belly Drum|p1a: Eiscue
|-damage|p1a: Eiscue|51/100
|-setboost|p1a: Eiscue|atk|6|[from] move: Belly Drum
|
|-damage|p2a: Dragonite|18/100 brn|[from] brn
|upkeep
|turn|19
|
|t:|1743841712
|switch|p2a: Walking Wake|Walking Wake|80/100
|-damage|p2a: Walking Wake|68/100|[from] Stealth Rock
|-status|p2a: Walking Wake|tox
|-terastallize|p1a: Eiscue|Ghost
|move|p1a: Eiscue|Icicle Spear|p2a: Walking Wake
|-damage|p2a: Walking Wake|20/100 tox
|-damage|p2a: Walking Wake|0 fnt
|faint|p2a: Walking Wake
|-end|p2a: Walking Wake|Protosynthesis|[silent]
|-hitcount|p2: Walking Wake|2
|
|upkeep
|
|t:|1743841715
|switch|p2a: Enamorus|Enamorus, F|100/100
|turn|20
|
|t:|1743841720
|move|p1a: Eiscue|Icicle Spear|p2a: Enamorus
|-supereffective|p2a: Enamorus
|-damage|p2a: Enamorus|0 fnt
|faint|p2a: Enamorus
|-hitcount|p2: Enamorus|1
|
|upkeep
|
|t:|1743841725
|switch|p2a: Dragonite|Dragonite, F, shiny, tera:Normal|18/100 brn
|-damage|p2a: Dragonite|5/100 brn|[from] Stealth Rock
|turn|21
|
|t:|1743841729
|move|p1a: Eiscue|Icicle Spear|p2a: Dragonite
|-damage|p2a: Dragonite|0 fnt
|faint|p2a: Dragonite
|-hitcount|p2: Dragonite|1
|
|win|Chinatownz
|raw|Chinatownz's rating: 1236 &rarr; <strong>1260</strong><br />(+24 for winning)
|raw|lycan2fly's rating: 1220 &rarr; <strong>1196</strong><br />(-24 for losing)
|l|☆Chinatownz
|player|p1|
|l|☆lycan2fly
|player|p2|
