|j|☆bbones150
|j|☆adrienstrate
|t:|1743939502
|gametype|singles
|player|p1|bbones150|ltsurge|1353
|player|p2|adrienstrate|169|1364
|teamsize|p1|6
|teamsize|p2|6
|gen|9
|tier|[Gen 9] OU
|rated|
|rule|HP Percentage Mod: HP is shown in percentages
|rule|Endless Battle Clause: Forcing endless battles is banned
|rule|Species Clause: Limit one of each Pokémon
|rule|OHKO Clause: OHKO moves are banned
|rule|Evasion Items Clause: Evasion items are banned
|rule|Evasion Moves Clause: Evasion moves are banned
|rule|Sleep Moves Clause: Sleep-inducing moves are banned
|clearpoke
|poke|p1|Zamazenta-*|
|poke|p1|Kingambit, F|
|poke|p1|Samurott-Hisui, M|
|poke|p1|Landorus-Therian, M|
|poke|p1|Iron Valiant|
|poke|p1|Iron Moth|
|poke|p2|Kyurem|
|poke|p2|Meowscarada, F|
|poke|p2|Iron Moth|
|poke|p2|Great Tusk|
|poke|p2|Dragapult, M|
|poke|p2|Iron Valiant|
|teampreview
|inactive|Battle timer is ON: inactive players will automatically lose when time's up. (requested by adrienstrate)
|
|t:|1743939521
|start
|switch|p1a: Landorus|Landorus-Therian, M|100/100
|switch|p2a: Meowscarada|Meowscarada, F|100/100
|-ability|p1a: Landorus|Intimidate|boost
|-unboost|p2a: Meowscarada|atk|1
|turn|1
|
|t:|1743939535
|move|p2a: Meowscarada|Triple Axel|p1a: Landorus
|-start|p2a: Meowscarada|typechange|Ice|[from] ability: Protean
|-supereffective|p1a: Landorus
|-damage|p1a: Landorus|75/100
|-damage|p2a: Meowscarada|84/100|[from] item: Rocky Helmet|[of] p1a: Landorus
|-supereffective|p1a: Landorus
|-damage|p1a: Landorus|27/100
|-damage|p2a: Meowscarada|68/100|[from] item: Rocky Helmet|[of] p1a: Landorus
|-supereffective|p1a: Landorus
|-damage|p1a: Landorus|0 fnt
|-damage|p2a: Meowscarada|51/100|[from] item: Rocky Helmet|[of] p1a: Landorus
|faint|p1a: Landorus
|-hitcount|p1: Landorus|3
|
|upkeep
|
|t:|1743939540
|switch|p1a: Samurott|Samurott-Hisui, M|100/100
|turn|2
|
|t:|1743939546
|switch|p2a: Great Tusk|Great Tusk|100/100
|move|p1a: Samurott|Ceaseless Edge|p2a: Great Tusk|[miss]
|-miss|p1a: Samurott|p2a: Great Tusk
|
|upkeep
|turn|3
|
|t:|1743939552
|move|p2a: Great Tusk|Stealth Rock|p1a: Samurott
|-sidestart|p1: bbones150|move: Stealth Rock
|move|p1a: Samurott|Razor Shell|p2a: Great Tusk
|-supereffective|p2a: Great Tusk
|-damage|p2a: Great Tusk|21/100
|-unboost|p2a: Great Tusk|def|1
|-damage|p1a: Samurott|84/100|[from] item: Rocky Helmet|[of] p2a: Great Tusk
|
|upkeep
|turn|4
|
|t:|1743939559
|-end|p2a: Great Tusk|Protosynthesis|[silent]
|switch|p2a: Meowscarada|Meowscarada, F|51/100
|move|p1a: Samurott|Razor Shell|p2a: Meowscarada
|-resisted|p2a: Meowscarada
|-damage|p2a: Meowscarada|4/100
|
|upkeep
|turn|5
|
|t:|1743939565
|move|p2a: Meowscarada|Flower Trick|p1a: Samurott
|-start|p2a: Meowscarada|typechange|Grass|[from] ability: Protean
|-supereffective|p1a: Samurott
|-crit|p1a: Samurott
|-damage|p1a: Samurott|0 fnt
|faint|p1a: Samurott
|
|upkeep
|
|t:|1743939577
|switch|p1a: Iron Moth|Iron Moth|100/100
|-damage|p1a: Iron Moth|76/100|[from] Stealth Rock
|-enditem|p1a: Iron Moth|Booster Energy
|-activate|p1a: Iron Moth|ability: Quark Drive|[fromitem]
|-start|p1a: Iron Moth|quarkdrivespa
|turn|6
|
|t:|1743939591
|switch|p2a: Dragapult|Dragapult, M|100/100
|move|p1a: Iron Moth|Fiery Dance|p2a: Dragapult
|-resisted|p2a: Dragapult
|-damage|p2a: Dragapult|61/100
|-boost|p1a: Iron Moth|spa|1
|
|upkeep
|turn|7
|
|t:|1743939602
|move|p2a: Dragapult|Draco Meteor|p1a: Iron Moth
|-damage|p1a: Iron Moth|0 fnt
|-unboost|p2a: Dragapult|spa|2
|faint|p1a: Iron Moth
|-end|p1a: Iron Moth|Quark Drive|[silent]
|
|upkeep
|
|t:|1743939610
|switch|p1a: Kingambit|Kingambit, F|100/100
|-damage|p1a: Kingambit|94/100|[from] Stealth Rock
|-activate|p1a: Kingambit|ability: Supreme Overlord
|-start|p1a: Kingambit|fallen3|[silent]
|turn|8
|
|t:|1743939615
|switch|p2a: Great Tusk|Great Tusk|21/100
|move|p1a: Kingambit|Kowtow Cleave|p2a: Great Tusk
|-resisted|p2a: Great Tusk
|-damage|p2a: Great Tusk|0 fnt
|-damage|p1a: Kingambit|78/100|[from] item: Rocky Helmet|[of] p2a: Great Tusk
|faint|p2a: Great Tusk
|-end|p2a: Great Tusk|Protosynthesis|[silent]
|
|-heal|p1a: Kingambit|84/100|[from] item: Leftovers
|upkeep
|
|t:|1743939630
|switch|p2a: Iron Valiant|Iron Valiant|100/100
|-enditem|p2a: Iron Valiant|Booster Energy
|-activate|p2a: Iron Valiant|ability: Quark Drive|[fromitem]
|-start|p2a: Iron Valiant|quarkdrivespe
|turn|9
|
|t:|1743939636
|-terastallize|p1a: Kingambit|Ghost
|move|p2a: Iron Valiant|Close Combat|p1a: Kingambit
|-immune|p1a: Kingambit
|move|p1a: Kingambit|Iron Head|p2a: Iron Valiant
|-supereffective|p2a: Iron Valiant
|-damage|p2a: Iron Valiant|0 fnt
|faint|p2a: Iron Valiant
|-end|p2a: Iron Valiant|Quark Drive|[silent]
|
|-heal|p1a: Kingambit|90/100|[from] item: Leftovers
|upkeep
|
|t:|1743939652
|switch|p2a: Iron Moth|Iron Moth|100/100
|-enditem|p2a: Iron Moth|Booster Energy
|-activate|p2a: Iron Moth|ability: Quark Drive|[fromitem]
|-start|p2a: Iron Moth|quarkdrivespe
|turn|10
|
|t:|1743939669
|move|p2a: Iron Moth|Fiery Dance|p1a: Kingambit
|-damage|p1a: Kingambit|50/100
|-boost|p2a: Iron Moth|spa|1
|move|p1a: Kingambit|Kowtow Cleave|p2a: Iron Moth
|-damage|p2a: Iron Moth|13/100
|
|-heal|p1a: Kingambit|56/100|[from] item: Leftovers
|upkeep
|turn|11
|
|t:|1743939679
|move|p1a: Kingambit|Sucker Punch||[still]
|-fail|p1a: Kingambit
|move|p2a: Iron Moth|Substitute|p2a: Iron Moth
|-fail|p2a: Iron Moth|move: Substitute|[weak]
|
|-heal|p1a: Kingambit|62/100|[from] item: Leftovers
|upkeep
|turn|12
|
|t:|1743939683
|move|p1a: Kingambit|Sucker Punch||[still]
|-fail|p1a: Kingambit
|move|p2a: Iron Moth|Substitute|p2a: Iron Moth
|-fail|p2a: Iron Moth|move: Substitute|[weak]
|
|-heal|p1a: Kingambit|68/100|[from] item: Leftovers
|upkeep
|turn|13
|
|t:|1743939685
|move|p1a: Kingambit|Sucker Punch|p2a: Iron Moth
|-damage|p2a: Iron Moth|0 fnt
|faint|p2a: Iron Moth
|-end|p2a: Iron Moth|Quark Drive|[silent]
|
|-heal|p1a: Kingambit|75/100|[from] item: Leftovers
|upkeep
|
|t:|1743939688
|switch|p2a: Kyurem|Kyurem|100/100
|-ability|p2a: Kyurem|Pressure
|turn|14
|
|t:|1743939700
|move|p2a: Kyurem|Icicle Spear|p1a: Kingambit
|-damage|p1a: Kingambit|65/100
|-damage|p1a: Kingambit|55/100
|-damage|p1a: Kingambit|45/100
|-damage|p1a: Kingambit|35/100
|-hitcount|p1a: Kingambit|4
|move|p1a: Kingambit|Iron Head|p2a: Kyurem
|-supereffective|p2a: Kyurem
|-damage|p2a: Kyurem|0 fnt
|faint|p2a: Kyurem
|
|-heal|p1a: Kingambit|41/100|[from] item: Leftovers
|upkeep
|
|t:|1743939709
|switch|p2a: Dragapult|Dragapult, M|61/100
|turn|15
|
|t:|1743939718
|move|p1a: Kingambit|Sucker Punch|p2a: Dragapult
|-supereffective|p2a: Dragapult
|-damage|p2a: Dragapult|0 fnt
|faint|p2a: Dragapult
|
|-heal|p1a: Kingambit|47/100|[from] item: Leftovers
|upkeep
|
|t:|1743939728
|switch|p2a: Meowscarada|Meowscarada, F|4/100
|turn|16
|
|t:|1743939731
|move|p1a: Kingambit|Sucker Punch|p2a: Meowscarada
|-resisted|p2a: Meowscarada
|-damage|p2a: Meowscarada|0 fnt
|faint|p2a: Meowscarada
|
|win|bbones150
|raw|bbones150's rating: 1353 &rarr; <strong>1374</strong><br />(+21 for winning)
|raw|adrienstrate's rating: 1364 &rarr; <strong>1343</strong><br />(-21 for losing)
