|j|☆YeatLover267
|j|☆Pokrammer
|t:|1743859321
|gametype|singles
|player|p1|YeatLover267|266|1231
|player|p2|Pokrammer|grimsley|1203
|teamsize|p1|6
|teamsize|p2|6
|gen|9
|tier|[Gen 9] OU
|rated|
|rule|HP Percentage Mod: HP is shown in percentages
|rule|Endless Battle Clause: Forcing endless battles is banned
|rule|Species Clause: Limit one of each Pokémon
|rule|OHKO Clause: OHKO moves are banned
|rule|Evasion Items Clause: Evasion items are banned
|rule|Evasion Moves Clause: Evasion moves are banned
|rule|Sleep Moves Clause: Sleep-inducing moves are banned
|clearpoke
|poke|p1|Excadrill, M|
|poke|p1|Sandaconda, F|
|poke|p1|Tyranitar, F|
|poke|p1|Lycanroc, F|
|poke|p1|Volcanion|
|poke|p1|Thundurus-Therian, M|
|poke|p2|Iron Crown|
|poke|p2|Slither Wing|
|poke|p2|Gliscor, M|
|poke|p2|Walking Wake|
|poke|p2|Darkrai|
|poke|p2|Cinderace, M|
|teampreview
|inactive|Battle timer is ON: inactive players will automatically lose when time's up. (requested by Pokrammer)
|
|t:|1743859331
|start
|switch|p1a: Tyranitar|Tyranitar, F|100/100
|switch|p2a: Darkrai|Darkrai|100/100
|-weather|Sandstorm|[from] ability: Sand Stream|[of] p1a: Tyranitar
|turn|1
|l|☆Pokrammer
|inactive|Pokrammer disconnected and has a minute to reconnect!
|player|p2|
|inactive|Pokrammer has 30 seconds to reconnect!
|inactive|Pokrammer has 20 seconds to reconnect!
|j|☆Pokrammer
|inactive|Pokrammer reconnected and has 100 seconds left.
|player|p2|Pokrammer|grimsley|
|
|t:|1743859387
|move|p2a: Darkrai|Nasty Plot|p2a: Darkrai
|-boost|p2a: Darkrai|spa|2
|move|p1a: Tyranitar|Power Gem|p2a: Darkrai
|-damage|p2a: Darkrai|51/100
|
|-weather|Sandstorm|[upkeep]
|-damage|p2a: Darkrai|45/100|[from] Sandstorm
|upkeep
|turn|2
|
|t:|1743859389
|move|p2a: Darkrai|Thunder|p1a: Tyranitar|[miss]
|-miss|p2a: Darkrai|p1a: Tyranitar
|move|p1a: Tyranitar|Power Gem|p2a: Darkrai
|-damage|p2a: Darkrai|0 fnt
|faint|p2a: Darkrai
|
|-weather|Sandstorm|[upkeep]
|upkeep
|
|t:|1743859394
|switch|p2a: Slither Wing|Slither Wing|100/100
|turn|3
|
|t:|1743859399
|switch|p1a: Sandaconda|Sandaconda, F|100/100
|move|p2a: Slither Wing|U-turn|p1a: Sandaconda
|-damage|p1a: Sandaconda|80/100
|-enditem|p1a: Sandaconda|Eject Button
|
|t:|1743859407
|switch|p1a: Thundurus|Thundurus-Therian, M|100/100
|
|-weather|Sandstorm|[upkeep]
|-damage|p2a: Slither Wing|94/100|[from] Sandstorm
|-damage|p1a: Thundurus|94/100|[from] Sandstorm
|-heal|p1a: Thundurus|100/100|[from] item: Leftovers
|upkeep
|turn|4
|
|t:|1743859415
|-end|p2a: Slither Wing|Protosynthesis|[silent]
|switch|p2a: Gliscor|Gliscor, M|100/100
|move|p1a: Thundurus|Thunderbolt|p2a: Gliscor
|-immune|p2a: Gliscor
|
|-weather|Sandstorm|[upkeep]
|-damage|p1a: Thundurus|94/100|[from] Sandstorm
|-heal|p1a: Thundurus|100/100|[from] item: Leftovers
|-status|p2a: Gliscor|tox|[from] item: Toxic Orb
|upkeep
|turn|5
|
|t:|1743859421
|move|p1a: Thundurus|Substitute|p1a: Thundurus
|-start|p1a: Thundurus|Substitute
|-damage|p1a: Thundurus|76/100
|move|p2a: Gliscor|Stealth Rock|p1a: Thundurus
|-sidestart|p1: YeatLover267|move: Stealth Rock
|
|-weather|Sandstorm|[upkeep]
|-damage|p1a: Thundurus|70/100|[from] Sandstorm
|-heal|p1a: Thundurus|76/100|[from] item: Leftovers
|upkeep
|turn|6
|
|t:|1743859425
|move|p1a: Thundurus|Nasty Plot|p1a: Thundurus
|-boost|p1a: Thundurus|spa|2
|move|p2a: Gliscor|Crabhammer|p1a: Thundurus
|-end|p1a: Thundurus|Substitute
|
|-weather|Sandstorm|[upkeep]
|-damage|p1a: Thundurus|70/100|[from] Sandstorm
|-heal|p1a: Thundurus|76/100|[from] item: Leftovers
|upkeep
|turn|7
|
|t:|1743859427
|move|p1a: Thundurus|Substitute|p1a: Thundurus
|-start|p1a: Thundurus|Substitute
|-damage|p1a: Thundurus|51/100
|move|p2a: Gliscor|Crabhammer|p1a: Thundurus
|-end|p1a: Thundurus|Substitute
|
|-weather|Sandstorm|[upkeep]
|-damage|p1a: Thundurus|45/100|[from] Sandstorm
|-heal|p1a: Thundurus|51/100|[from] item: Leftovers
|upkeep
|turn|8
|
|t:|1743859429
|move|p1a: Thundurus|Grass Knot|p2a: Gliscor
|-damage|p2a: Gliscor|47/100 tox
|move|p2a: Gliscor|Crabhammer|p1a: Thundurus
|-damage|p1a: Thundurus|12/100
|
|-weather|none
|-heal|p1a: Thundurus|18/100|[from] item: Leftovers
|-heal|p2a: Gliscor|59/100 tox|[from] ability: Poison Heal
|upkeep
|turn|9
|
|t:|1743859434
|move|p2a: Gliscor|Protect|p2a: Gliscor
|-singleturn|p2a: Gliscor|Protect
|move|p1a: Thundurus|Grass Knot|p2a: Gliscor
|-activate|p2a: Gliscor|move: Protect
|
|-heal|p1a: Thundurus|24/100|[from] item: Leftovers
|-heal|p2a: Gliscor|72/100 tox|[from] ability: Poison Heal
|upkeep
|turn|10
|
|t:|1743859439
|move|p1a: Thundurus|Grass Knot|p2a: Gliscor
|-damage|p2a: Gliscor|14/100 tox
|move|p2a: Gliscor|Crabhammer|p1a: Thundurus
|-damage|p1a: Thundurus|0 fnt
|faint|p1a: Thundurus
|
|-heal|p2a: Gliscor|27/100 tox|[from] ability: Poison Heal
|upkeep
|
|t:|1743859443
|switch|p1a: Tyranitar|Tyranitar, F|100/100
|-damage|p1a: Tyranitar|88/100|[from] Stealth Rock
|-weather|Sandstorm|[from] ability: Sand Stream|[of] p1a: Tyranitar
|turn|11
|
|t:|1743859447
|move|p2a: Gliscor|Protect|p2a: Gliscor
|-singleturn|p2a: Gliscor|Protect
|move|p1a: Tyranitar|Ice Beam|p2a: Gliscor
|-activate|p2a: Gliscor|move: Protect
|
|-weather|Sandstorm|[upkeep]
|-heal|p2a: Gliscor|39/100 tox|[from] ability: Poison Heal
|upkeep
|turn|12
|
|t:|1743859454
|switch|p2a: Iron Crown|Iron Crown|100/100
|move|p1a: Tyranitar|Ice Beam|p2a: Iron Crown
|-resisted|p2a: Iron Crown
|-damage|p2a: Iron Crown|87/100
|
|-weather|Sandstorm|[upkeep]
|upkeep
|turn|13
|
|t:|1743859457
|-terastallize|p1a: Tyranitar|Flying
|move|p2a: Iron Crown|Tachyon Cutter|p1a: Tyranitar
|-damage|p1a: Tyranitar|55/100
|-damage|p1a: Tyranitar|24/100
|-hitcount|p1a: Tyranitar|2
|move|p1a: Tyranitar|Knock Off|p2a: Iron Crown
|-supereffective|p2a: Iron Crown
|-damage|p2a: Iron Crown|0 fnt
|-enditem|p2a: Iron Crown|Choice Specs|[from] move: Knock Off|[of] p1a: Tyranitar
|faint|p2a: Iron Crown
|-end|p2a: Iron Crown|Quark Drive|[silent]
|
|-weather|Sandstorm|[upkeep]
|-damage|p1a: Tyranitar|17/100|[from] Sandstorm
|upkeep
|
|t:|1743859466
|switch|p2a: Gliscor|Gliscor, M|39/100 tox
|turn|14
|
|t:|1743859468
|move|p2a: Gliscor|Protect|p2a: Gliscor
|-singleturn|p2a: Gliscor|Protect
|move|p1a: Tyranitar|Stealth Rock|p2a: Gliscor
|-sidestart|p2: Pokrammer|move: Stealth Rock
|
|-weather|Sandstorm|[upkeep]
|-damage|p1a: Tyranitar|11/100|[from] Sandstorm
|-heal|p2a: Gliscor|52/100 tox|[from] ability: Poison Heal
|upkeep
|turn|15
|
|t:|1743859470
|move|p2a: Gliscor|Crabhammer|p1a: Tyranitar
|-crit|p1a: Tyranitar
|-damage|p1a: Tyranitar|0 fnt
|faint|p1a: Tyranitar
|
|-weather|Sandstorm|[upkeep]
|-heal|p2a: Gliscor|64/100 tox|[from] ability: Poison Heal
|upkeep
|
|t:|1743859475
|switch|p1a: Volcanion|Volcanion|100/100
|turn|16
|
|t:|1743859480
|move|p2a: Gliscor|Protect|p2a: Gliscor
|-singleturn|p2a: Gliscor|Protect
|move|p1a: Volcanion|Steam Eruption|p2a: Gliscor
|-activate|p2a: Gliscor|move: Protect
|
|-weather|Sandstorm|[upkeep]
|-damage|p1a: Volcanion|94/100|[from] Sandstorm
|-heal|p2a: Gliscor|76/100 tox|[from] ability: Poison Heal
|upkeep
|turn|17
|
|t:|1743859483
|move|p2a: Gliscor|Earthquake|p1a: Volcanion
|-supereffective|p1a: Volcanion
|-damage|p1a: Volcanion|35/100
|move|p1a: Volcanion|Steam Eruption|p2a: Gliscor
|-supereffective|p2a: Gliscor
|-damage|p2a: Gliscor|0 fnt
|faint|p2a: Gliscor
|
|-weather|Sandstorm|[upkeep]
|-damage|p1a: Volcanion|29/100|[from] Sandstorm
|upkeep
|
|t:|1743859497
|switch|p2a: Slither Wing|Slither Wing|94/100
|-damage|p2a: Slither Wing|82/100|[from] Stealth Rock
|turn|18
|
|t:|1743859501
|move|p1a: Volcanion|Protect|p1a: Volcanion
|-singleturn|p1a: Volcanion|Protect
|move|p2a: Slither Wing|Close Combat|p1a: Volcanion
|-activate|p1a: Volcanion|move: Protect
|
|-weather|none
|upkeep
|turn|19
|
|t:|1743859506
|switch|p1a: Sandaconda|Sandaconda, F|80/100
|-damage|p1a: Sandaconda|73/100|[from] Stealth Rock
|move|p2a: Slither Wing|Close Combat|p1a: Sandaconda
|-damage|p1a: Sandaconda|36/100
|-unboost|p2a: Slither Wing|def|1
|-unboost|p2a: Slither Wing|spd|1
|-weather|Sandstorm|[from] ability: Sand Spit|[of] p1a: Sandaconda
|
|-weather|Sandstorm|[upkeep]
|-damage|p2a: Slither Wing|76/100|[from] Sandstorm
|upkeep
|turn|20
|
|t:|1743859511
|switch|p1a: Lycanroc|Lycanroc, F|100/100
|-damage|p1a: Lycanroc|88/100|[from] Stealth Rock
|move|p2a: Slither Wing|Close Combat|p1a: Lycanroc
|-supereffective|p1a: Lycanroc
|-damage|p1a: Lycanroc|0 fnt
|-unboost|p2a: Slither Wing|def|1
|-unboost|p2a: Slither Wing|spd|1
|faint|p1a: Lycanroc
|
|-weather|Sandstorm|[upkeep]
|-damage|p2a: Slither Wing|70/100|[from] Sandstorm
|upkeep
|
|t:|1743859512
|switch|p1a: Excadrill|Excadrill, M|100/100
|-damage|p1a: Excadrill|97/100|[from] Stealth Rock
|turn|21
|
|t:|1743859516
|-end|p2a: Slither Wing|Protosynthesis|[silent]
|switch|p2a: Cinderace|Cinderace, M|100/100
|move|p1a: Excadrill|Earthquake|p2a: Cinderace
|-supereffective|p2a: Cinderace
|-damage|p2a: Cinderace|0 fnt
|faint|p2a: Cinderace
|
|-weather|Sandstorm|[upkeep]
|upkeep
|
|t:|1743859527
|switch|p2a: Walking Wake|Walking Wake|100/100
|-damage|p2a: Walking Wake|88/100|[from] Stealth Rock
|turn|22
|
|t:|1743859549
|switch|p1a: Volcanion|Volcanion|29/100
|move|p2a: Walking Wake|Agility|p2a: Walking Wake
|-boost|p2a: Walking Wake|spe|2
|
|-weather|Sandstorm|[upkeep]
|-damage|p2a: Walking Wake|82/100|[from] Sandstorm
|-damage|p1a: Volcanion|23/100|[from] Sandstorm
|upkeep
|turn|23
|
|t:|1743859554
|move|p1a: Volcanion|Protect|p1a: Volcanion
|-singleturn|p1a: Volcanion|Protect
|move|p2a: Walking Wake|Draco Meteor|p1a: Volcanion
|-activate|p1a: Volcanion|move: Protect
|
|-weather|none
|upkeep
|turn|24
|
|t:|1743859558
|move|p2a: Walking Wake|Draco Meteor|p1a: Volcanion|[miss]
|-miss|p2a: Walking Wake|p1a: Volcanion
|move|p1a: Volcanion|Steam Eruption|p2a: Walking Wake
|-resisted|p2a: Walking Wake
|-damage|p2a: Walking Wake|68/100
|-status|p2a: Walking Wake|brn
|
|-damage|p2a: Walking Wake|62/100 brn|[from] brn
|upkeep
|turn|25
|
|t:|1743859563
|move|p1a: Volcanion|Protect|p1a: Volcanion
|-singleturn|p1a: Volcanion|Protect
|move|p2a: Walking Wake|Draco Meteor|p1a: Volcanion
|-activate|p1a: Volcanion|move: Protect
|
|-damage|p2a: Walking Wake|55/100 brn|[from] brn
|upkeep
|turn|26
|
|t:|1743859567
|move|p2a: Walking Wake|Draco Meteor|p1a: Volcanion
|-damage|p1a: Volcanion|0 fnt
|-unboost|p2a: Walking Wake|spa|2
|faint|p1a: Volcanion
|-damage|p2a: Walking Wake|46/100 brn|[from] item: Life Orb
|
|-damage|p2a: Walking Wake|39/100 brn|[from] brn
|upkeep
|
|t:|1743859569
|switch|p1a: Sandaconda|Sandaconda, F|36/100
|-damage|p1a: Sandaconda|30/100|[from] Stealth Rock
|turn|27
|
|t:|1743859573
|move|p2a: Walking Wake|Scald|p1a: Sandaconda
|-supereffective|p1a: Sandaconda
|-crit|p1a: Sandaconda
|-damage|p1a: Sandaconda|0 fnt
|-weather|Sandstorm|[from] ability: Sand Spit|[of] p1a: Sandaconda
|faint|p1a: Sandaconda
|-damage|p2a: Walking Wake|30/100 brn|[from] item: Life Orb
|
|-weather|Sandstorm|[upkeep]
|-damage|p2a: Walking Wake|24/100 brn|[from] Sandstorm
|-damage|p2a: Walking Wake|17/100 brn|[from] brn
|upkeep
|
|t:|1743859576
|switch|p1a: Excadrill|Excadrill, M|97/100
|-damage|p1a: Excadrill|94/100|[from] Stealth Rock
|turn|28
|
|t:|1743859581
|-terastallize|p2a: Walking Wake|Water
|move|p2a: Walking Wake|Scald|p1a: Excadrill
|-supereffective|p1a: Excadrill
|-damage|p1a: Excadrill|0 fnt
|faint|p1a: Excadrill
|-damage|p2a: Walking Wake|8/100 brn|[from] item: Life Orb
|
|win|Pokrammer
|raw|YeatLover267's rating: 1231 &rarr; <strong>1204</strong><br />(-27 for losing)
|raw|Pokrammer's rating: 1203 &rarr; <strong>1230</strong><br />(+27 for winning)
|l|☆YeatLover267
|player|p1|
|l|☆Pokrammer
|player|p2|
