|j|☆ooiiaa
|j|☆5mg Femtanyl
|t:|1743902960
|gametype|singles
|player|p1|ooiiaa|clown|1337
|player|p2|5mg Femtanyl|janitor|1303
|teamsize|p1|6
|teamsize|p2|6
|gen|9
|tier|[Gen 9] OU
|rated|
|rule|HP Percentage Mod: HP is shown in percentages
|rule|Endless Battle Clause: Forcing endless battles is banned
|rule|Species Clause: Limit one of each Pokémon
|rule|OHKO Clause: OHKO moves are banned
|rule|Evasion Items Clause: Evasion items are banned
|rule|Evasion Moves Clause: Evasion moves are banned
|rule|Sleep Moves Clause: Sleep-inducing moves are banned
|clearpoke
|poke|p1|Ting-Lu|
|poke|p1|Gliscor, F|
|poke|p1|Sinistcha-Masterpiece|
|poke|p1|Keldeo|
|poke|p1|Tinkaton, F|
|poke|p1|Dragonite, F|
|poke|p2|Araquanid, M|
|poke|p2|Kyurem|
|poke|p2|Gholdengo|
|poke|p2|Great Tusk|
|poke|p2|Weavile, M|
|poke|p2|Iron Moth|
|teampreview
|inactive|Battle timer is ON: inactive players will automatically lose when time's up. (requested by 5mg Femtanyl)
|
|t:|1743903025
|start
|switch|p1a: Tinkki Minaj|Tinkaton, F|100/100
|switch|p2a: Araquanid|Araquanid, M, shiny|100/100
|-item|p1a: Tinkki Minaj|Air Balloon
|turn|1
|
|t:|1743903032
|move|p1a: Tinkki Minaj|Stealth Rock|p2a: Araquanid
|-sidestart|p2: 5mg Femtanyl|move: Stealth Rock
|move|p2a: Araquanid|Surf|p1a: Tinkki Minaj
|-damage|p1a: Tinkki Minaj|53/100
|-enditem|p1a: Tinkki Minaj|Air Balloon
|
|upkeep
|turn|2
|
|t:|1743903036
|move|p1a: Tinkki Minaj|Thunder Wave|p2a: Araquanid
|-status|p2a: Araquanid|par
|move|p2a: Araquanid|Surf|p1a: Tinkki Minaj
|-damage|p1a: Tinkki Minaj|5/100
|
|upkeep
|turn|3
|
|t:|1743903044
|move|p1a: Tinkki Minaj|Encore|p2a: Araquanid
|-start|p2a: Araquanid|Encore
|cant|p2a: Araquanid|par
|
|upkeep
|turn|4
|
|t:|1743903054
|switch|p1a: Tchavis Scott|Sinistcha-Masterpiece|100/100
|cant|p2a: Araquanid|par
|
|upkeep
|turn|5
|
|t:|1743903067
|switch|p2a: Weavile|Weavile, M, shiny|100/100
|-damage|p2a: Weavile|76/100|[from] Stealth Rock
|move|p1a: Tchavis Scott|Shadow Ball|p2a: Weavile
|-resisted|p2a: Weavile
|-damage|p2a: Weavile|54/100
|
|upkeep
|turn|6
|
|t:|1743903076
|switch|p1a: My Little Pwny|Keldeo|100/100
|move|p2a: Weavile|Knock Off|p1a: My Little Pwny
|-resisted|p1a: My Little Pwny
|-damage|p1a: My Little Pwny|71/100
|-ability|p1a: My Little Pwny|Justified|boost
|-boost|p1a: My Little Pwny|atk|1
|-enditem|p1a: My Little Pwny|Heavy-Duty Boots|[from] move: Knock Off|[of] p2a: Weavile
|
|upkeep
|turn|7
|
|t:|1743903085
|switch|p2a: Araquanid|Araquanid, M, shiny|100/100 par
|-damage|p2a: Araquanid|75/100 par|[from] Stealth Rock
|move|p1a: My Little Pwny|Flip Turn|p2a: Araquanid
|-resisted|p2a: Araquanid
|-damage|p2a: Araquanid|65/100 par
|
|t:|1743903093
|switch|p1a: Secret Service|Dragonite, F|100/100|[from] Flip Turn
|
|upkeep
|turn|8
|
|t:|1743903101
|move|p1a: Secret Service|Extreme Speed|p2a: Araquanid
|-crit|p2a: Araquanid
|-damage|p2a: Araquanid|20/100 par
|move|p2a: Araquanid|Surf|p1a: Secret Service
|-resisted|p1a: Secret Service
|-damage|p1a: Secret Service|88/100
|
|upkeep
|turn|9
|-enditem|p2a: Araquanid|Custap Berry|[eat]
|-activate|p2a: Araquanid|item: Custap Berry|[consumed]
|
|t:|1743903108
|move|p1a: Secret Service|Extreme Speed|p2a: Araquanid
|-damage|p2a: Araquanid|0 fnt
|faint|p2a: Araquanid
|
|upkeep
|
|t:|1743903122
|switch|p2a: Great Tusk|Great Tusk|100/100
|turn|10
|
|t:|1743903127
|switch|p1a: Tchavis Scott|Sinistcha-Masterpiece|100/100
|move|p2a: Great Tusk|Ice Spinner|p1a: Tchavis Scott
|-supereffective|p1a: Tchavis Scott
|-damage|p1a: Tchavis Scott|63/100
|
|upkeep
|turn|11
|
|t:|1743903141
|-terastallize|p2a: Great Tusk|Ice
|move|p2a: Great Tusk|Ice Spinner|p1a: Tchavis Scott
|-supereffective|p1a: Tchavis Scott
|-damage|p1a: Tchavis Scott|8/100
|move|p1a: Tchavis Scott|Strength Sap|p2a: Great Tusk
|-unboost|p2a: Great Tusk|atk|1
|-heal|p1a: Tchavis Scott|100/100
|
|upkeep
|turn|12
|
|t:|1743903151
|move|p2a: Great Tusk|Knock Off|p1a: Tchavis Scott
|-supereffective|p1a: Tchavis Scott
|-damage|p1a: Tchavis Scott|71/100
|-enditem|p1a: Tchavis Scott|Heavy-Duty Boots|[from] move: Knock Off|[of] p2a: Great Tusk
|move|p1a: Tchavis Scott|Matcha Gotcha|p2a: Great Tusk
|-damage|p2a: Great Tusk|49/100
|-heal|p1a: Tchavis Scott|98/100|[from] drain|[of] p2a: Great Tusk
|
|upkeep
|turn|13
|
|t:|1743903156
|-end|p2a: Great Tusk|Protosynthesis|[silent]
|switch|p2a: Gholdengo|Gholdengo|100/100
|-damage|p2a: Gholdengo|94/100|[from] Stealth Rock
|-item|p2a: Gholdengo|Air Balloon
|move|p1a: Tchavis Scott|Calm Mind|p1a: Tchavis Scott
|-boost|p1a: Tchavis Scott|spa|1
|-boost|p1a: Tchavis Scott|spd|1
|
|upkeep
|turn|14
|
|t:|1743903169
|switch|p2a: Weavile|Weavile, M, shiny|54/100
|-damage|p2a: Weavile|30/100|[from] Stealth Rock
|switch|p1a: Jarhead|Ting-Lu|100/100
|-ability|p1a: Jarhead|Vessel of Ruin
|
|upkeep
|turn|15
|
|t:|1743903174
|switch|p1a: Tinkki Minaj|Tinkaton, F|5/100
|move|p2a: Weavile|Triple Axel|p1a: Tinkki Minaj
|-resisted|p1a: Tinkki Minaj
|-damage|p1a: Tinkki Minaj|0 fnt
|faint|p1a: Tinkki Minaj
|-hitcount|p1: Tinkki Minaj|1
|
|upkeep
|
|t:|1743903177
|switch|p1a: My Little Pwny|Keldeo|71/100
|turn|16
|
|t:|1743903187
|switch|p2a: Gholdengo|Gholdengo|94/100
|-damage|p2a: Gholdengo|88/100|[from] Stealth Rock
|-item|p2a: Gholdengo|Air Balloon
|move|p1a: My Little Pwny|Vacuum Wave|p2a: Gholdengo
|-immune|p2a: Gholdengo
|
|upkeep
|turn|17
|
|t:|1743903195
|move|p1a: My Little Pwny|Flip Turn|p2a: Gholdengo
|-damage|p2a: Gholdengo|71/100
|-enditem|p2a: Gholdengo|Air Balloon
|
|t:|1743903201
|switch|p1a: Jarhead|Ting-Lu|100/100|[from] Flip Turn
|-ability|p1a: Jarhead|Vessel of Ruin
|move|p2a: Gholdengo|Psyshock|p1a: Jarhead
|-immune|p1a: Jarhead
|
|upkeep
|turn|18
|
|t:|1743903229
|switch|p2a: Great Tusk|Great Tusk, tera:Ice|49/100
|move|p1a: Jarhead|Spikes|p2a: Great Tusk
|-sidestart|p2: 5mg Femtanyl|Spikes
|
|upkeep
|turn|19
|
|t:|1743903235
|switch|p1a: My Little Pwny|Keldeo|71/100
|move|p2a: Great Tusk|Ice Spinner|p1a: My Little Pwny
|-resisted|p1a: My Little Pwny
|-damage|p1a: My Little Pwny|49/100
|
|upkeep
|turn|20
|
|t:|1743903245
|-end|p2a: Great Tusk|Protosynthesis|[silent]
|switch|p2a: Weavile|Weavile, M, shiny|30/100
|-damage|p2a: Weavile|5/100|[from] Stealth Rock
|-damage|p2a: Weavile|0 fnt|[from] Spikes
|faint|p2a: Weavile
|move|p1a: My Little Pwny|Aura Sphere|p2: Weavile|[notarget]
|-fail|p1a: My Little Pwny
|
|upkeep
|
|t:|1743903270
|switch|p2a: Gholdengo|Gholdengo|71/100
|-damage|p2a: Gholdengo|65/100|[from] Stealth Rock
|-damage|p2a: Gholdengo|53/100|[from] Spikes
|turn|21
|
|t:|1743903278
|move|p1a: My Little Pwny|Flip Turn|p2a: Gholdengo
|-damage|p2a: Gholdengo|35/100
|
|t:|1743903280
|switch|p1a: Jarhead|Ting-Lu|100/100|[from] Flip Turn
|-ability|p1a: Jarhead|Vessel of Ruin
|move|p2a: Gholdengo|Dazzling Gleam|p1a: Jarhead
|-supereffective|p1a: Jarhead
|-damage|p1a: Jarhead|75/100
|
|-heal|p1a: Jarhead|81/100|[from] item: Leftovers
|upkeep
|turn|22
|
|t:|1743903288
|switch|p2a: Great Tusk|Great Tusk, tera:Ice|49/100
|move|p1a: Jarhead|Earthquake|p2a: Great Tusk
|-damage|p2a: Great Tusk|23/100
|
|-heal|p1a: Jarhead|88/100|[from] item: Leftovers
|upkeep
|turn|23
|
|t:|1743903297
|switch|p1a: Tchavis Scott|Sinistcha-Masterpiece|98/100
|move|p2a: Great Tusk|Rapid Spin|p1a: Tchavis Scott
|-immune|p1a: Tchavis Scott
|
|upkeep
|turn|24
|
|t:|1743903304
|-end|p2a: Great Tusk|Protosynthesis|[silent]
|switch|p2a: Gholdengo|Gholdengo|35/100
|-damage|p2a: Gholdengo|29/100|[from] Stealth Rock
|-damage|p2a: Gholdengo|17/100|[from] Spikes
|move|p1a: Tchavis Scott|Strength Sap|p2a: Gholdengo
|-immune|p2a: Gholdengo|[from] ability: Good as Gold
|
|upkeep
|turn|25
|
|t:|1743903309
|switch|p1a: Jarhead|Ting-Lu|88/100
|-ability|p1a: Jarhead|Vessel of Ruin
|move|p2a: Gholdengo|Nasty Plot|p2a: Gholdengo
|-boost|p2a: Gholdengo|spa|2
|
|-heal|p1a: Jarhead|94/100|[from] item: Leftovers
|upkeep
|turn|26
|
|t:|1743903312
|move|p2a: Gholdengo|Dazzling Gleam|p1a: Jarhead
|-supereffective|p1a: Jarhead
|-damage|p1a: Jarhead|50/100
|move|p1a: Jarhead|Earthquake|p2a: Gholdengo
|-supereffective|p2a: Gholdengo
|-damage|p2a: Gholdengo|0 fnt
|faint|p2a: Gholdengo
|
|-heal|p1a: Jarhead|56/100|[from] item: Leftovers
|upkeep
|
|t:|1743903319
|switch|p2a: Great Tusk|Great Tusk, tera:Ice|23/100
|turn|27
|
|t:|1743903327
|switch|p1a: Dance Armstrong|Gliscor, F|100/100
|move|p2a: Great Tusk|Ice Spinner|p1a: Dance Armstrong
|-supereffective|p1a: Dance Armstrong
|-damage|p1a: Dance Armstrong|0 fnt
|faint|p1a: Dance Armstrong
|
|upkeep
|
|t:|1743903330
|switch|p1a: My Little Pwny|Keldeo|49/100
|turn|28
|
|t:|1743903336
|move|p1a: My Little Pwny|Surf|p2a: Great Tusk
|-damage|p2a: Great Tusk|0 fnt
|faint|p2a: Great Tusk
|-end|p2a: Great Tusk|Protosynthesis|[silent]
|
|upkeep
|
|t:|1743903348
|switch|p2a: Iron Moth|Iron Moth|100/100
|-damage|p2a: Iron Moth|76/100|[from] Stealth Rock
|-damage|p2a: Iron Moth|63/100|[from] Spikes
|-enditem|p2a: Iron Moth|Booster Energy
|-activate|p2a: Iron Moth|ability: Quark Drive|[fromitem]
|-start|p2a: Iron Moth|quarkdrivespa
|turn|29
|
|t:|1743903354
|move|p2a: Iron Moth|Dazzling Gleam|p1a: My Little Pwny
|-supereffective|p1a: My Little Pwny
|-damage|p1a: My Little Pwny|0 fnt
|faint|p1a: My Little Pwny
|
|upkeep
|
|t:|1743903356
|switch|p1a: Jarhead|Ting-Lu|56/100
|-ability|p1a: Jarhead|Vessel of Ruin
|turn|30
|
|t:|1743903359
|move|p2a: Iron Moth|Dazzling Gleam|p1a: Jarhead
|-supereffective|p1a: Jarhead
|-crit|p1a: Jarhead
|-damage|p1a: Jarhead|9/100
|move|p1a: Jarhead|Earthquake|p2a: Iron Moth
|-supereffective|p2a: Iron Moth
|-damage|p2a: Iron Moth|0 fnt
|faint|p2a: Iron Moth
|-end|p2a: Iron Moth|Quark Drive|[silent]
|
|-heal|p1a: Jarhead|15/100|[from] item: Leftovers
|upkeep
|
|t:|1743903361
|switch|p2a: Kyurem|Kyurem, shiny|100/100
|-damage|p2a: Kyurem|76/100|[from] Stealth Rock
|-damage|p2a: Kyurem|63/100|[from] Spikes
|-ability|p2a: Kyurem|Pressure
|turn|31
|
|t:|1743903370
|move|p2a: Kyurem|Hyper Voice|p1a: Jarhead
|-damage|p1a: Jarhead|0 fnt
|faint|p1a: Jarhead
|-enditem|p2a: Kyurem|Throat Spray
|-boost|p2a: Kyurem|spa|1|[from] item: Throat Spray
|
|upkeep
|
|t:|1743903374
|switch|p1a: Tchavis Scott|Sinistcha-Masterpiece|98/100
|turn|32
|
|t:|1743903380
|move|p2a: Kyurem|Ice Beam|p1a: Tchavis Scott
|-supereffective|p1a: Tchavis Scott
|-damage|p1a: Tchavis Scott|0 fnt
|faint|p1a: Tchavis Scott
|
|upkeep
|
|t:|1743903382
|switch|p1a: Secret Service|Dragonite, F|88/100
|turn|33
|
|t:|1743903385
|-terastallize|p1a: Secret Service|Normal
|move|p1a: Secret Service|Extreme Speed|p2a: Kyurem
|-damage|p2a: Kyurem|17/100
|move|p2a: Kyurem|Ice Beam|p1a: Secret Service
|-damage|p1a: Secret Service|21/100
|
|upkeep
|turn|34
|
|t:|1743903392
|move|p1a: Secret Service|Extreme Speed|p2a: Kyurem
|-damage|p2a: Kyurem|0 fnt
|faint|p2a: Kyurem
|
|win|ooiiaa
|raw|ooiiaa's rating: 1337 &rarr; <strong>1355</strong><br />(+18 for winning)
|raw|5mg Femtanyl's rating: 1303 &rarr; <strong>1285</strong><br />(-18 for losing)
|c|☆5mg Femtanyl|gg
