|j|☆OfficialdcjensenYT
|j|☆maxpenter
|t:|1743926606
|gametype|singles
|player|p1|OfficialdcjensenYT|koga|1058
|player|p2|maxpenter|hugh|1074
|teamsize|p1|6
|teamsize|p2|6
|gen|9
|tier|[Gen 9] OU
|rated|
|rule|HP Percentage Mod: HP is shown in percentages
|rule|Endless Battle Clause: Forcing endless battles is banned
|rule|Species Clause: Limit one of each Pokémon
|rule|OHKO Clause: OHKO moves are banned
|rule|Evasion Items Clause: Evasion items are banned
|rule|Evasion Moves Clause: Evasion moves are banned
|rule|Sleep Moves Clause: Sleep-inducing moves are banned
|clearpoke
|poke|p1|Trevenant, F|
|poke|p1|Vikavolt, M|
|poke|p1|Clefable, M|
|poke|p1|Dragapult, F|
|poke|p1|Glimmora, F|
|poke|p1|Arcanine, F|
|poke|p2|Meowscarada, F|
|poke|p2|Glimmora, F|
|poke|p2|Hitmonlee, M|
|poke|p2|Heatran, F|
|poke|p2|Primarina, M|
|poke|p2|Landorus-Therian, M|
|teampreview
|
|t:|1743926633
|start
|switch|p1a: Darkanine|Arcanine, F|100/100
|switch|p2a: Landorus|Landorus-Therian, M|100/100
|-ability|p2a: Landorus|Intimidate|boost
|-unboost|p1a: Darkanine|atk|1
|-ability|p1a: Darkanine|Intimidate|boost
|-unboost|p2a: Landorus|atk|1
|turn|1
|
|t:|1743926657
|move|p2a: Landorus|Stone Edge|p1a: Darkanine
|-supereffective|p1a: Darkanine
|-damage|p1a: Darkanine|54/100
|move|p1a: Darkanine|Body Slam|p2a: Landorus
|-damage|p2a: Landorus|84/100
|-damage|p1a: Darkanine|38/100|[from] item: Rocky Helmet|[of] p2a: Landorus
|
|upkeep
|turn|2
|
|t:|1743926667
|switch|p1a: Glimmora|Glimmora, F|100/100
|move|p2a: Landorus|Stealth Rock|p1a: Glimmora
|-sidestart|p1: OfficialdcjensenYT|move: Stealth Rock
|
|upkeep
|turn|3
|
|t:|1743926675
|-terastallize|p1a: Glimmora|Fairy
|move|p2a: Landorus|Earthquake|p1a: Glimmora
|-damage|p1a: Glimmora|69/100
|-enditem|p1a: Glimmora|Red Card|[of] p2a: Landorus
|drag|p2a: Hitmonlee|Hitmonlee, M|100/100
|move|p1a: Glimmora|Mortal Spin|p2a: Hitmonlee
|-damage|p2a: Hitmonlee|84/100
|-status|p2a: Hitmonlee|psn
|-sideend|p1: OfficialdcjensenYT|Stealth Rock|[from] move: Mortal Spin|[of] p1a: Glimmora
|
|-damage|p2a: Hitmonlee|72/100 psn|[from] psn
|upkeep
|turn|4
|
|t:|1743926697
|switch|p2a: Heatran|Heatran, F|100/100
|-item|p2a: Heatran|Air Balloon
|move|p1a: Glimmora|Dazzling Gleam|p2a: Heatran
|-resisted|p2a: Heatran
|-damage|p2a: Heatran|93/100
|-enditem|p2a: Heatran|Air Balloon
|
|upkeep
|turn|5
|
|t:|1743926711
|switch|p1a: Darkanine|Arcanine, F|38/100
|-ability|p1a: Darkanine|Intimidate|boost
|-unboost|p2a: Heatran|atk|1
|move|p2a: Heatran|Flash Cannon|p1a: Darkanine
|-resisted|p1a: Darkanine
|-damage|p1a: Darkanine|23/100
|
|upkeep
|turn|6
|
|t:|1743926727
|switch|p2a: Glimmora|Glimmora, F|100/100
|move|p1a: Darkanine|Body Slam|p2a: Glimmora
|-resisted|p2a: Glimmora
|-damage|p2a: Glimmora|88/100
|-activate|p2a: Glimmora|ability: Toxic Debris
|-sidestart|p1: OfficialdcjensenYT|move: Toxic Spikes
|
|upkeep
|turn|7
|
|t:|1743926739
|move|p2a: Glimmora|Earth Power|p1a: Darkanine
|-supereffective|p1a: Darkanine
|-damage|p1a: Darkanine|0 fnt
|faint|p1a: Darkanine
|
|upkeep
|
|t:|1743926743
|switch|p1a: Glimmora|Glimmora, F, tera:Fairy|69/100
|-status|p1a: Glimmora|psn
|turn|8
|
|t:|1743926757
|move|p2a: Glimmora|Meteor Beam||[still]
|-prepare|p2a: Glimmora|Meteor Beam
|-boost|p2a: Glimmora|spa|1
|-enditem|p2a: Glimmora|Power Herb
|-anim|p2a: Glimmora|Meteor Beam|p1a: Glimmora
|-damage|p1a: Glimmora|0 fnt
|faint|p1a: Glimmora
|
|upkeep
|
|t:|1743926765
|switch|p1a: Vikavolt|Vikavolt, M, shiny|100/100
|turn|9
|
|t:|1743926769
|move|p2a: Glimmora|Meteor Beam||[still]
|-prepare|p2a: Glimmora|Meteor Beam
|-boost|p2a: Glimmora|spa|1
|move|p1a: Vikavolt|Sticky Web|p2a: Glimmora
|-sidestart|p2: maxpenter|move: Sticky Web
|
|upkeep
|turn|10
|
|t:|1743926775
|move|p2a: Glimmora|Meteor Beam|p1a: Vikavolt|[from] lockedmove|[miss]
|-miss|p2a: Glimmora|p1a: Vikavolt
|move|p1a: Vikavolt|Bulldoze|p2a: Glimmora
|-supereffective|p2a: Glimmora
|-damage|p2a: Glimmora|36/100
|-unboost|p2a: Glimmora|spe|1
|-activate|p2a: Glimmora|ability: Toxic Debris
|-sidestart|p1: OfficialdcjensenYT|move: Toxic Spikes
|
|upkeep
|turn|11
|
|t:|1743926784
|move|p2a: Glimmora|Mortal Spin|p1a: Vikavolt
|-damage|p1a: Vikavolt|94/100
|-status|p1a: Vikavolt|psn
|-damage|p2a: Glimmora|19/100|[from] item: Rocky Helmet|[of] p1a: Vikavolt
|-sideend|p2: maxpenter|Sticky Web|[from] move: Mortal Spin|[of] p2a: Glimmora
|move|p1a: Vikavolt|Bulldoze|p2a: Glimmora
|-supereffective|p2a: Glimmora
|-damage|p2a: Glimmora|0 fnt
|faint|p2a: Glimmora
|
|-damage|p1a: Vikavolt|82/100 psn|[from] psn
|upkeep
|
|t:|1743926799
|switch|p2a: Heatran|Heatran, F|93/100
|turn|12
|
|t:|1743926804
|move|p2a: Heatran|Flamethrower|p1a: Vikavolt
|-supereffective|p1a: Vikavolt
|-damage|p1a: Vikavolt|0 fnt
|faint|p1a: Vikavolt
|
|upkeep
|
|t:|1743926810
|switch|p1a: Trevenant|Trevenant, F|100/100
|-status|p1a: Trevenant|tox
|turn|13
|
|t:|1743926816
|move|p2a: Heatran|Stealth Rock|p1a: Trevenant
|-sidestart|p1: OfficialdcjensenYT|move: Stealth Rock
|move|p1a: Trevenant|Leech Seed|p2a: Heatran
|-start|p2a: Heatran|move: Leech Seed
|
|-damage|p2a: Heatran|81/100|[from] Leech Seed|[of] p1a: Trevenant
|-damage|p1a: Trevenant|94/100 tox|[from] psn
|upkeep
|turn|14
|
|t:|1743926825
|switch|p1a: Clefable|Clefable, M|100/100
|-status|p1a: Clefable|tox
|-terastallize|p2a: Heatran|Fire
|move|p2a: Heatran|Flamethrower|p1a: Clefable
|-damage|p1a: Clefable|39/100 tox
|
|-damage|p2a: Heatran|68/100|[from] Leech Seed|[of] p1a: Clefable
|-heal|p1a: Clefable|52/100 tox|[silent]
|upkeep
|turn|15
|
|t:|1743926838
|move|p2a: Heatran|Flamethrower|p1a: Clefable
|-damage|p1a: Clefable|0 fnt
|faint|p1a: Clefable
|
|upkeep
|
|t:|1743926847
|switch|p1a: Dragapult|Dragapult, F|100/100
|-status|p1a: Dragapult|tox
|-damage|p1a: Dragapult|88/100 tox|[from] Stealth Rock
|turn|16
|
|t:|1743926855
|move|p1a: Dragapult|Dragon Dance|p1a: Dragapult
|-boost|p1a: Dragapult|atk|1
|-boost|p1a: Dragapult|spe|1
|move|p2a: Heatran|Flash Cannon|p1a: Dragapult
|-damage|p1a: Dragapult|35/100 tox
|
|-damage|p2a: Heatran|56/100|[from] Leech Seed|[of] p1a: Dragapult
|-heal|p1a: Dragapult|48/100 tox|[silent]
|-damage|p1a: Dragapult|42/100 tox|[from] psn
|upkeep
|turn|17
|
|t:|1743926865
|move|p1a: Dragapult|Dragon Darts|p2a: Heatran
|-damage|p2a: Heatran|20/100
|-anim|p1a: Dragapult|Dragon Darts|p2a: Heatran
|-damage|p2a: Heatran|0 fnt
|faint|p2a: Heatran
|
|-damage|p1a: Dragapult|30/100 tox|[from] psn
|upkeep
|
|t:|1743926882
|switch|p2a: Hitmonlee|Hitmonlee, M|72/100 psn
|turn|18
|
|t:|1743926887
|move|p1a: Dragapult|Dragon Darts|p2a: Hitmonlee
|-damage|p2a: Hitmonlee|0 fnt
|faint|p2a: Hitmonlee
|
|-damage|p1a: Dragapult|12/100 tox|[from] psn
|upkeep
|
|t:|1743926905
|switch|p2a: Primarina|Primarina, M|100/100
|turn|19
|
|t:|1743926909
|move|p1a: Dragapult|Will-O-Wisp|p2a: Primarina
|-status|p2a: Primarina|brn
|move|p2a: Primarina|Calm Mind|p2a: Primarina
|-boost|p2a: Primarina|spa|1
|-boost|p2a: Primarina|spd|1
|
|-damage|p1a: Dragapult|0 fnt|[from] psn
|faint|p1a: Dragapult
|-damage|p2a: Primarina|94/100 brn|[from] brn
|upkeep
|
|t:|1743926914
|switch|p1a: Trevenant|Trevenant, F|94/100 tox
|-damage|p1a: Trevenant|82/100 tox|[from] Stealth Rock
|turn|20
|
|t:|1743926923
|move|p2a: Primarina|Calm Mind|p2a: Primarina
|-boost|p2a: Primarina|spa|1
|-boost|p2a: Primarina|spd|1
|move|p1a: Trevenant|Horn Leech|p2a: Primarina
|-supereffective|p2a: Primarina
|-damage|p2a: Primarina|37/100 brn
|-heal|p1a: Trevenant|100/100 tox|[from] drain|[of] p2a: Primarina
|
|-heal|p2a: Primarina|43/100 brn|[from] item: Leftovers
|-damage|p1a: Trevenant|94/100 tox|[from] psn
|-damage|p2a: Primarina|37/100 brn|[from] brn
|upkeep
|turn|21
|
|t:|1743926938
|move|p2a: Primarina|Stored Power|p1a: Trevenant
|-damage|p1a: Trevenant|44/100 tox
|-enditem|p1a: Trevenant|Sitrus Berry|[eat]
|-heal|p1a: Trevenant|69/100 tox|[from] item: Sitrus Berry
|move|p1a: Trevenant|Horn Leech|p2a: Primarina
|-supereffective|p2a: Primarina
|-damage|p2a: Primarina|0 fnt
|-heal|p1a: Trevenant|87/100 tox|[from] drain|[of] p2a: Primarina
|faint|p2a: Primarina
|
|-damage|p1a: Trevenant|75/100 tox|[from] psn
|upkeep
|
|t:|1743926965
|switch|p2a: Landorus|Landorus-Therian, M|84/100
|-ability|p2a: Landorus|Intimidate|boost
|-unboost|p1a: Trevenant|atk|1
|turn|22
|
|t:|1743926972
|move|p2a: Landorus|U-turn|p1a: Trevenant
|-damage|p1a: Trevenant|47/100 tox
|
|t:|1743926975
|switch|p2a: Meowscarada|Meowscarada, F|100/100|[from] U-turn
|move|p1a: Trevenant|Leech Seed|p2a: Meowscarada
|-immune|p2a: Meowscarada
|
|-damage|p1a: Trevenant|28/100 tox|[from] psn
|-item|p1a: Trevenant|Sitrus Berry|[from] ability: Harvest
|upkeep
|-enditem|p1a: Trevenant|Sitrus Berry|[eat]
|-heal|p1a: Trevenant|53/100 tox|[from] item: Sitrus Berry
|turn|23
|
|t:|1743926987
|move|p2a: Meowscarada|Knock Off|p1a: Trevenant
|-start|p2a: Meowscarada|typechange|Dark|[from] ability: Protean
|-supereffective|p1a: Trevenant
|-damage|p1a: Trevenant|0 fnt
|faint|p1a: Trevenant
|
|win|maxpenter
|raw|OfficialdcjensenYT's rating: 1058 &rarr; <strong>1040</strong><br />(-18 for losing)
|raw|maxpenter's rating: 1074 &rarr; <strong>1102</strong><br />(+28 for winning)
|l|☆OfficialdcjensenYT
|player|p1|
|l|☆maxpenter
|player|p2|
