|j|☆bakabomb
|j|☆Javitha Jolene
|t:|1743826579
|gametype|singles
|player|p1|bakabomb|eusine|1132
|player|p2|Javitha Jolene|beauty-gen2jp|1076
|teamsize|p1|6
|teamsize|p2|6
|gen|9
|tier|[Gen 9] OU
|rated|
|rule|HP Percentage Mod: HP is shown in percentages
|rule|Endless Battle Clause: Forcing endless battles is banned
|rule|Species Clause: Limit one of each Pokémon
|rule|OHKO Clause: OHKO moves are banned
|rule|Evasion Items Clause: Evasion items are banned
|rule|Evasion Moves Clause: Evasion moves are banned
|rule|Sleep Moves Clause: Sleep-inducing moves are banned
|clearpoke
|poke|p1|Reuniclus, F|
|poke|p1|Porygon2|
|poke|p1|Kingambit, M|
|poke|p1|Raging Bolt|
|poke|p1|Chandelure, M|
|poke|p1|Conkeldurr, M|
|poke|p2|Garganacl, F|
|poke|p2|Weezing-Galar, F|
|poke|p2|Corviknight, F|
|poke|p2|Dragapult, F|
|poke|p2|Slowking-Galar, F|
|poke|p2|Samurott-Hisui, F|
|teampreview
|inactive|Battle timer is ON: inactive players will automatically lose when time's up. (requested by Javitha Jolene)
|
|t:|1743826588
|start
|switch|p1a: Porygon2|Porygon2|100/100
|switch|p2a: Gweezing|Weezing-Galar, F, shiny|100/100
|-ability|p2a: Gweezing|Neutralizing Gas
|turn|1
|
|t:|1743826594
|move|p2a: Gweezing|Will-O-Wisp|p1a: Porygon2|[miss]
|-miss|p2a: Gweezing|p1a: Porygon2
|move|p1a: Porygon2|Trick Room|p1a: Porygon2
|-fieldstart|move: Trick Room|[of] p1a: Porygon2
|
|upkeep
|turn|2
|
|t:|1743826598
|switch|p1a: Chandelure|Chandelure, M|100/100
|move|p2a: Gweezing|Will-O-Wisp|p1a: Chandelure
|-immune|p1a: Chandelure
|
|upkeep
|turn|3
|
|t:|1743826609
|-end|p2a: Gweezing|ability: Neutralizing Gas
|switch|p2a: Samurott|Samurott-Hisui, F|100/100
|move|p1a: Chandelure|Will-O-Wisp|p2a: Samurott
|-status|p2a: Samurott|brn
|
|-damage|p2a: Samurott|94/100 brn|[from] brn
|upkeep
|turn|4
|
|t:|1743826620
|move|p1a: Chandelure|Hex|p2a: Samurott
|-resisted|p2a: Samurott
|-damage|p2a: Samurott|39/100 brn
|move|p2a: Samurott|Ceaseless Edge|p1a: Chandelure
|-supereffective|p1a: Chandelure
|-damage|p1a: Chandelure|45/100
|-sidestart|p1: bakabomb|Spikes
|
|-damage|p2a: Samurott|33/100 brn|[from] brn
|upkeep
|turn|5
|
|t:|1743826622
|move|p1a: Chandelure|Hex|p2a: Samurott
|-resisted|p2a: Samurott
|-damage|p2a: Samurott|0 fnt
|faint|p2a: Samurott
|
|-fieldend|move: Trick Room
|upkeep
|
|t:|1743826625
|switch|p2a: Garganacl|Garganacl, F, shiny|100/100
|turn|6
|
|t:|1743826630
|move|p1a: Chandelure|Will-O-Wisp|p2a: Garganacl
|-immune|p2a: Garganacl|[from] ability: Purifying Salt
|move|p2a: Garganacl|Salt Cure|p1a: Chandelure
|-supereffective|p1a: Chandelure
|-damage|p1a: Chandelure|15/100
|-start|p1a: Chandelure|Salt Cure
|
|-damage|p1a: Chandelure|2/100|[from] Salt Cure
|upkeep
|turn|7
|
|t:|1743826635
|move|p1a: Chandelure|Fire Blast|p2a: Garganacl
|-resisted|p2a: Garganacl
|-damage|p2a: Garganacl|78/100
|move|p2a: Garganacl|Stealth Rock|p1a: Chandelure
|-sidestart|p1: bakabomb|move: Stealth Rock
|
|-heal|p2a: Garganacl|84/100|[from] item: Leftovers
|-damage|p1a: Chandelure|0 fnt|[from] Salt Cure
|faint|p1a: Chandelure
|upkeep
|
|t:|1743826640
|switch|p1a: Reuniclus|Reuniclus, F, shiny|100/100
|turn|8
|
|t:|1743826646
|move|p2a: Garganacl|Salt Cure|p1a: Reuniclus
|-damage|p1a: Reuniclus|86/100
|-start|p1a: Reuniclus|Salt Cure
|move|p1a: Reuniclus|Psychic|p2a: Garganacl
|-crit|p2a: Garganacl
|-damage|p2a: Garganacl|21/100
|
|-heal|p2a: Garganacl|27/100|[from] item: Leftovers
|upkeep
|turn|9
|
|t:|1743826650
|move|p2a: Garganacl|Protect|p2a: Garganacl
|-singleturn|p2a: Garganacl|Protect
|move|p1a: Reuniclus|Psychic|p2a: Garganacl
|-activate|p2a: Garganacl|move: Protect
|
|-heal|p2a: Garganacl|34/100|[from] item: Leftovers
|upkeep
|turn|10
|
|t:|1743826661
|switch|p2a: Dragapult|Dragapult, F|100/100
|move|p1a: Reuniclus|Psychic|p2a: Dragapult
|-damage|p2a: Dragapult|1/100
|-unboost|p2a: Dragapult|spd|1
|
|upkeep
|turn|11
|
|t:|1743826680
|move|p2a: Dragapult|U-turn|p1a: Reuniclus
|-supereffective|p1a: Reuniclus
|-damage|p1a: Reuniclus|42/100
|
|t:|1743826685
|switch|p2a: Corviknight|Corviknight, F|100/100|[from] U-turn
|-ability|p2a: Corviknight|Pressure
|move|p1a: Reuniclus|Trick Room|p1a: Reuniclus
|-fieldstart|move: Trick Room|[of] p1a: Reuniclus
|
|upkeep
|turn|12
|
|t:|1743826691
|move|p1a: Reuniclus|Recover|p1a: Reuniclus
|-heal|p1a: Reuniclus|92/100
|move|p2a: Corviknight|Brave Bird|p1a: Reuniclus
|-damage|p1a: Reuniclus|57/100
|-damage|p2a: Corviknight|88/100|[from] Recoil
|
|upkeep
|turn|13
|
|t:|1743826696
|move|p1a: Reuniclus|Psychic|p2a: Corviknight
|-resisted|p2a: Corviknight
|-damage|p2a: Corviknight|59/100
|move|p2a: Corviknight|Brave Bird|p1a: Reuniclus
|-damage|p1a: Reuniclus|20/100
|-damage|p2a: Corviknight|46/100|[from] Recoil
|
|upkeep
|turn|14
|
|t:|1743826699
|move|p1a: Reuniclus|Recover|p1a: Reuniclus
|-heal|p1a: Reuniclus|70/100
|move|p2a: Corviknight|Roost|p2a: Corviknight
|-heal|p2a: Corviknight|96/100
|-singleturn|p2a: Corviknight|move: Roost
|
|upkeep
|turn|15
|
|t:|1743826702
|move|p1a: Reuniclus|Psychic|p2a: Corviknight
|-resisted|p2a: Corviknight
|-damage|p2a: Corviknight|62/100
|move|p2a: Corviknight|Brave Bird|p1a: Reuniclus
|-damage|p1a: Reuniclus|36/100
|-damage|p2a: Corviknight|50/100|[from] Recoil
|
|-fieldend|move: Trick Room
|upkeep
|turn|16
|
|t:|1743826707
|move|p2a: Corviknight|Roost|p2a: Corviknight
|-heal|p2a: Corviknight|99/100
|-singleturn|p2a: Corviknight|move: Roost
|move|p1a: Reuniclus|Trick Room|p1a: Reuniclus
|-fieldstart|move: Trick Room|[of] p1a: Reuniclus
|
|upkeep
|turn|17
|
|t:|1743826709
|move|p1a: Reuniclus|Recover|p1a: Reuniclus
|-heal|p1a: Reuniclus|86/100
|move|p2a: Corviknight|Brave Bird|p1a: Reuniclus
|-damage|p1a: Reuniclus|51/100
|-damage|p2a: Corviknight|88/100|[from] Recoil
|
|upkeep
|turn|18
|
|t:|1743826717
|switch|p1a: Raging Bolt|Raging Bolt|100/100
|-damage|p1a: Raging Bolt|88/100|[from] Spikes
|-damage|p1a: Raging Bolt|76/100|[from] Stealth Rock
|-enditem|p1a: Raging Bolt|Booster Energy
|-activate|p1a: Raging Bolt|ability: Protosynthesis|[fromitem]
|-start|p1a: Raging Bolt|protosynthesisspa
|move|p2a: Corviknight|Roost|p2a: Corviknight
|-heal|p2a: Corviknight|100/100
|-singleturn|p2a: Corviknight|move: Roost
|
|upkeep
|turn|19
|
|t:|1743826727
|switch|p2a: Glowking|Slowking-Galar, F, shiny|100/100
|move|p1a: Raging Bolt|Calm Mind|p1a: Raging Bolt
|-boost|p1a: Raging Bolt|spa|1
|-boost|p1a: Raging Bolt|spd|1
|
|upkeep
|turn|20
|
|t:|1743826730
|move|p2a: Glowking|Future Sight|p1a: Raging Bolt
|-start|p2a: Glowking|move: Future Sight
|move|p1a: Raging Bolt|Draco Meteor|p2a: Glowking
|-damage|p2a: Glowking|39/100
|-unboost|p1a: Raging Bolt|spa|2
|
|-fieldend|move: Trick Room
|upkeep
|turn|21
|
|t:|1743826741
|switch|p2a: Gweezing|Weezing-Galar, F, shiny|100/100
|-ability|p2a: Gweezing|Neutralizing Gas
|move|p1a: Raging Bolt|Calm Mind|p1a: Raging Bolt
|-boost|p1a: Raging Bolt|spa|1
|-boost|p1a: Raging Bolt|spd|1
|
|upkeep
|turn|22
|
|t:|1743826752
|move|p1a: Raging Bolt|Calm Mind|p1a: Raging Bolt
|-boost|p1a: Raging Bolt|spa|1
|-boost|p1a: Raging Bolt|spd|1
|move|p2a: Gweezing|Will-O-Wisp|p1a: Raging Bolt
|-status|p1a: Raging Bolt|brn
|
|-end|p1a: Raging Bolt|move: Future Sight
|-damage|p1a: Raging Bolt|60/100 brn
|-damage|p1a: Raging Bolt|54/100 brn|[from] brn
|upkeep
|turn|23
|
|t:|1743826756
|move|p1a: Raging Bolt|Calm Mind|p1a: Raging Bolt
|-boost|p1a: Raging Bolt|spa|1
|-boost|p1a: Raging Bolt|spd|1
|move|p2a: Gweezing|Strange Steam|p1a: Raging Bolt|[miss]
|-miss|p2a: Gweezing|p1a: Raging Bolt
|
|-damage|p1a: Raging Bolt|47/100 brn|[from] brn
|upkeep
|turn|24
|
|t:|1743826765
|move|p1a: Raging Bolt|Thunderclap|p2a: Gweezing
|-damage|p2a: Gweezing|0 fnt
|faint|p2a: Gweezing
|-end|p2a: Gweezing|ability: Neutralizing Gas
|
|-damage|p1a: Raging Bolt|41/100 brn|[from] brn
|upkeep
|
|t:|1743826769
|switch|p2a: Garganacl|Garganacl, F, shiny|34/100
|turn|25
|
|t:|1743826774
|move|p1a: Raging Bolt|Draco Meteor|p2a: Garganacl
|-damage|p2a: Garganacl|0 fnt
|-unboost|p1a: Raging Bolt|spa|2
|faint|p2a: Garganacl
|
|-damage|p1a: Raging Bolt|35/100 brn|[from] brn
|upkeep
|-message|Javitha Jolene forfeited.
|
|win|bakabomb
|raw|bakabomb's rating: 1132 &rarr; <strong>1153</strong><br />(+21 for winning)
|raw|Javitha Jolene's rating: 1076 &rarr; <strong>1058</strong><br />(-18 for losing)
|l|☆Javitha Jolene
|player|p2|
|l|☆bakabomb
|player|p1|
