|j|☆trovincea
|j|☆doodoogirl69
|t:|1743829037
|gametype|singles
|player|p1|trovincea|hiker|1118
|player|p2|doodoogirl69|101|1081
|teamsize|p1|6
|teamsize|p2|6
|gen|9
|tier|[Gen 9] OU
|rated|
|rule|HP Percentage Mod: HP is shown in percentages
|rule|Endless Battle Clause: Forcing endless battles is banned
|rule|Species Clause: Limit one of each Pokémon
|rule|OHKO Clause: OHKO moves are banned
|rule|Evasion Items Clause: Evasion items are banned
|rule|Evasion Moves Clause: Evasion moves are banned
|rule|Sleep Moves Clause: Sleep-inducing moves are banned
|clearpoke
|poke|p1|Salazzle, F|
|poke|p1|Slither Wing|
|poke|p1|Skarmory, M|
|poke|p1|Gardevoir, F|
|poke|p1|Incineroar, F|
|poke|p1|Sinistcha|
|poke|p2|Meowscarada, F|
|poke|p2|Furret, F|
|poke|p2|Bronzong|
|poke|p2|Gyarados, M|
|poke|p2|Toxtricity, M|
|poke|p2|Jumpluff, M|
|teampreview
|inactive|Battle timer is ON: inactive players will automatically lose when time's up. (requested by doodoogirl69)
|
|t:|1743829069
|start
|switch|p1a: Incineroar|Incineroar, F|100/100
|switch|p2a: Toxtricity|Toxtricity, M|100/100
|-ability|p1a: Incineroar|Intimidate|boost
|-unboost|p2a: Toxtricity|atk|1
|turn|1
|
|t:|1743829076
|move|p1a: Incineroar|Fake Out|p2a: Toxtricity
|-damage|p2a: Toxtricity|77/100
|cant|p2a: Toxtricity|flinch
|
|upkeep
|turn|2
|
|t:|1743829088
|move|p2a: Toxtricity|Volt Switch|p1a: Incineroar
|-damage|p1a: Incineroar|78/100
|
|t:|1743829093
|switch|p2a: Gyarados|Gyarados, M|100/100|[from] Volt Switch
|move|p1a: Incineroar|U-turn|p2a: Gyarados
|-resisted|p2a: Gyarados
|-crit|p2a: Gyarados
|-damage|p2a: Gyarados|76/100
|inactive|trovincea has 120 seconds left.
|
|t:|1743829137
|switch|p1a: Salazzle|Salazzle, F|100/100|[from] U-turn
|
|upkeep
|turn|3
|
|t:|1743829152
|move|p1a: Salazzle|Hyper Beam|p2a: Gyarados
|-crit|p2a: Gyarados
|-damage|p2a: Gyarados|0 fnt
|-mustrecharge|p1a: Salazzle
|faint|p2a: Gyarados
|
|upkeep
|
|t:|1743829159
|switch|p2a: Meowscarada|Meowscarada, F|100/100
|turn|4
|
|t:|1743829163
|cant|p1a: Salazzle|recharge
|move|p2a: Meowscarada|Skill Swap|p1a: Salazzle
|-activate|p2a: Meowscarada|move: Skill Swap|Oblivious|Overgrow|[of] p1a: Salazzle
|
|upkeep
|turn|5
|
|t:|1743829178
|switch|p2a: Bronzong|Bronzong|100/100
|move|p1a: Salazzle|Hyper Beam|p2a: Bronzong
|-resisted|p2a: Bronzong
|-damage|p2a: Bronzong|67/100
|-mustrecharge|p1a: Salazzle
|
|upkeep
|turn|6
|
|t:|1743829185
|cant|p1a: Salazzle|recharge
|move|p2a: Bronzong|Iron Defense|p2a: Bronzong
|-boost|p2a: Bronzong|def|2
|
|upkeep
|turn|7
|
|t:|1743829196
|switch|p1a: Incineroar|Incineroar, F|78/100
|-ability|p1a: Incineroar|Intimidate|boost
|-unboost|p2a: Bronzong|atk|1
|move|p2a: Bronzong|Body Press|p1a: Incineroar
|-supereffective|p1a: Incineroar
|-damage|p1a: Incineroar|0 fnt
|faint|p1a: Incineroar
|
|upkeep
|
|t:|1743829210
|switch|p1a: Slither Wing|Slither Wing|100/100
|turn|8
|
|t:|1743829217
|move|p1a: Slither Wing|Flare Blitz|p2a: Bronzong
|-supereffective|p2a: Bronzong
|-damage|p2a: Bronzong|22/100
|-damage|p1a: Slither Wing|87/100|[from] Recoil
|move|p2a: Bronzong|Body Press|p1a: Slither Wing
|-resisted|p1a: Slither Wing
|-damage|p1a: Slither Wing|56/100
|
|upkeep
|turn|9
|
|t:|1743829224
|move|p1a: Slither Wing|Flare Blitz|p2a: Bronzong
|-supereffective|p2a: Bronzong
|-damage|p2a: Bronzong|0 fnt
|faint|p2a: Bronzong
|-damage|p1a: Slither Wing|50/100|[from] Recoil
|
|upkeep
|
|t:|1743829235
|switch|p2a: Jumpluff|Jumpluff, M|100/100
|turn|10
|
|t:|1743829239
|move|p2a: Jumpluff|Acrobatics|p1a: Slither Wing
|-supereffective|p1a: Slither Wing
|-damage|p1a: Slither Wing|0 fnt
|faint|p1a: Slither Wing
|-end|p1a: Slither Wing|Protosynthesis|[silent]
|
|upkeep
|
|t:|1743829247
|switch|p1a: Salazzle|Salazzle, F|100/100
|turn|11
|
|t:|1743829251
|move|p2a: Jumpluff|Endure|p2a: Jumpluff
|-singleturn|p2a: Jumpluff|move: Endure
|move|p1a: Salazzle|Flamethrower|p2a: Jumpluff
|-supereffective|p2a: Jumpluff
|-activate|p2a: Jumpluff|move: Endure
|-damage|p2a: Jumpluff|1/100
|-enditem|p2a: Jumpluff|Salac Berry|[eat]
|-boost|p2a: Jumpluff|spe|1|[from] item: Salac Berry
|
|upkeep
|turn|12
|
|t:|1743829260
|move|p2a: Jumpluff|Acrobatics|p1a: Salazzle
|-damage|p1a: Salazzle|34/100
|move|p1a: Salazzle|Flamethrower|p2a: Jumpluff
|-supereffective|p2a: Jumpluff
|-damage|p2a: Jumpluff|0 fnt
|faint|p2a: Jumpluff
|
|upkeep
|
|t:|1743829267
|switch|p2a: Toxtricity|Toxtricity, M|77/100
|turn|13
|
|t:|1743829270
|move|p2a: Toxtricity|Volt Switch|p1a: Salazzle
|-damage|p1a: Salazzle|0 fnt
|faint|p1a: Salazzle
|
|t:|1743829274
|switch|p2a: Furret|Furret, F|100/100|[from] Volt Switch
|
|upkeep
|
|t:|1743829279
|switch|p1a: Sinistcha|Sinistcha|100/100
|turn|14
|
|t:|1743829283
|move|p2a: Furret|Tidy Up|p2a: Furret
|-boost|p2a: Furret|atk|1
|-boost|p2a: Furret|spe|1
|move|p1a: Sinistcha|Reflect|p1a: Sinistcha
|-sidestart|p1: trovincea|Reflect
|
|upkeep
|turn|15
|
|t:|1743829292
|move|p2a: Furret|Tidy Up|p2a: Furret
|-boost|p2a: Furret|atk|1
|-boost|p2a: Furret|spe|1
|move|p1a: Sinistcha|Matcha Gotcha|p2a: Furret
|-damage|p2a: Furret|30/100
|
|upkeep
|turn|16
|
|t:|1743829306
|move|p2a: Furret|Sucker Punch|p1a: Sinistcha
|-supereffective|p1a: Sinistcha
|-damage|p1a: Sinistcha|67/100
|-enditem|p1a: Sinistcha|Weakness Policy
|-boost|p1a: Sinistcha|atk|2|[from] item: Weakness Policy
|-boost|p1a: Sinistcha|spa|2|[from] item: Weakness Policy
|move|p1a: Sinistcha|Matcha Gotcha|p2a: Furret
|-damage|p2a: Furret|0 fnt
|-heal|p1a: Sinistcha|80/100|[from] drain|[of] p2a: Furret
|faint|p2a: Furret
|
|upkeep
|
|t:|1743829317
|switch|p2a: Toxtricity|Toxtricity, M|77/100
|turn|17
|
|t:|1743829328
|move|p2a: Toxtricity|Sludge Wave|p1a: Sinistcha
|-damage|p1a: Sinistcha|29/100
|move|p1a: Sinistcha|Matcha Gotcha|p2a: Toxtricity
|-resisted|p2a: Toxtricity
|-damage|p2a: Toxtricity|8/100
|-heal|p1a: Sinistcha|58/100|[from] drain|[of] p2a: Toxtricity
|
|upkeep
|turn|18
|
|t:|1743829336
|move|p2a: Toxtricity|Sludge Wave|p1a: Sinistcha
|-damage|p1a: Sinistcha|1/100
|move|p1a: Sinistcha|Matcha Gotcha|p2a: Toxtricity
|-resisted|p2a: Toxtricity
|-damage|p2a: Toxtricity|0 fnt
|-heal|p1a: Sinistcha|4/100|[from] drain|[of] p2a: Toxtricity
|faint|p2a: Toxtricity
|
|-sideend|p1: trovincea|Reflect
|upkeep
|
|t:|1743829345
|switch|p2a: Meowscarada|Meowscarada, F|100/100
|turn|19
|
|t:|1743829351
|move|p2a: Meowscarada|U-turn|p1a: Sinistcha
|-damage|p1a: Sinistcha|0 fnt
|faint|p1a: Sinistcha
|
|upkeep
|
|t:|1743829356
|switch|p1a: Skarmory|Skarmory, M|100/100
|turn|20
|
|t:|1743829361
|move|p2a: Meowscarada|Charm|p1a: Skarmory
|-unboost|p1a: Skarmory|atk|2
|move|p1a: Skarmory|Body Press|p2a: Meowscarada
|-supereffective|p2a: Meowscarada
|-damage|p2a: Meowscarada|23/100
|
|upkeep
|turn|21
|-message|doodoogirl69 forfeited.
|
|win|trovincea
|raw|trovincea's rating: 1118 &rarr; <strong>1140</strong><br />(+22 for winning)
|raw|doodoogirl69's rating: 1081 &rarr; <strong>1061</strong><br />(-20 for losing)
|l|☆doodoogirl69
|player|p2|
|l|☆trovincea
|player|p1|
