|j|☆ASSATFAO
|j|☆soyjoas
|t:|1743822218
|gametype|singles
|player|p1|ASSATFAO|ghetsis|1158
|player|p2|soyjoas|hilbert|1226
|teamsize|p1|6
|teamsize|p2|6
|gen|9
|tier|[Gen 9] OU
|rated|
|rule|HP Percentage Mod: HP is shown in percentages
|rule|Endless Battle Clause: Forcing endless battles is banned
|rule|Species Clause: Limit one of each Pokémon
|rule|OHKO Clause: OHKO moves are banned
|rule|Evasion Items Clause: Evasion items are banned
|rule|Evasion Moves Clause: Evasion moves are banned
|rule|Sleep Moves Clause: Sleep-inducing moves are banned
|clearpoke
|poke|p1|Inteleon, F|
|poke|p1|Dragapult, M|
|poke|p1|Cinderace, F|
|poke|p1|Corviknight, F|
|poke|p1|Alomomola, F|
|poke|p1|Ting-Lu|
|poke|p2|Serperior, F|
|poke|p2|Excadrill, M|
|poke|p2|Galvantula, F|
|poke|p2|Chandelure, M|
|poke|p2|Conkeldurr, M|
|poke|p2|Hydreigon, M|
|teampreview
|
|t:|1743822230
|start
|switch|p1a: Dragapult|Dragapult, M|100/100
|switch|p2a: Conkeldurr|Conkeldurr, M|100/100
|turn|1
|
|t:|1743822236
|move|p1a: Dragapult|U-turn|p2a: Conkeldurr
|-resisted|p2a: Conkeldurr
|-damage|p2a: Conkeldurr|86/100
|
|t:|1743822239
|switch|p1a: Alomomola|Alomomola, F|100/100|[from] U-turn
|move|p2a: Conkeldurr|Ice Punch|p1a: Alomomola
|-resisted|p1a: Alomomola
|-damage|p1a: Alomomola|91/100
|
|upkeep
|turn|2
|
|t:|1743822246
|move|p1a: Alomomola|Flip Turn|p2a: Conkeldurr
|-damage|p2a: Conkeldurr|73/100
|
|t:|1743822253
|switch|p1a: Corviknight|Corviknight, F|100/100|[from] Flip Turn
|-ability|p1a: Corviknight|Pressure
|move|p2a: Conkeldurr|Thunder Punch|p1a: Corviknight
|-supereffective|p1a: Corviknight
|-damage|p1a: Corviknight|51/100
|-damage|p2a: Conkeldurr|57/100|[from] item: Rocky Helmet|[of] p1a: Corviknight
|
|upkeep
|turn|3
|
|t:|1743822280
|move|p2a: Conkeldurr|Mach Punch|p1a: Corviknight
|-damage|p1a: Corviknight|32/100
|-damage|p2a: Conkeldurr|40/100|[from] item: Rocky Helmet|[of] p1a: Corviknight
|move|p1a: Corviknight|Roost|p1a: Corviknight
|-heal|p1a: Corviknight|82/100
|-singleturn|p1a: Corviknight|move: Roost
|
|upkeep
|turn|4
|
|t:|1743822290
|move|p1a: Corviknight|Iron Defense|p1a: Corviknight
|-boost|p1a: Corviknight|def|2
|move|p2a: Conkeldurr|Thunder Punch|p1a: Corviknight
|-supereffective|p1a: Corviknight
|-damage|p1a: Corviknight|58/100
|-damage|p2a: Conkeldurr|23/100|[from] item: Rocky Helmet|[of] p1a: Corviknight
|
|upkeep
|turn|5
|
|t:|1743822298
|switch|p2a: Chandelure|Chandelure, M|100/100
|move|p1a: Corviknight|Roost|p1a: Corviknight
|-heal|p1a: Corviknight|100/100
|-singleturn|p1a: Corviknight|move: Roost
|
|upkeep
|turn|6
|
|t:|1743822306
|switch|p1a: Ting-Lu|Ting-Lu|100/100
|-ability|p1a: Ting-Lu|Vessel of Ruin
|move|p2a: Chandelure|Fire Blast|p1a: Ting-Lu
|-damage|p1a: Ting-Lu|71/100
|
|-heal|p1a: Ting-Lu|77/100|[from] item: Leftovers
|upkeep
|turn|7
|
|t:|1743822320
|switch|p2a: Serperior|Serperior, F, shiny|100/100
|move|p1a: Ting-Lu|Earthquake|p2a: Serperior
|-resisted|p2a: Serperior
|-damage|p2a: Serperior|77/100
|
|-heal|p1a: Ting-Lu|83/100|[from] item: Leftovers
|upkeep
|turn|8
|
|t:|1743822329
|switch|p1a: Cinderace|Cinderace, F|100/100
|move|p2a: Serperior|Glare|p1a: Cinderace
|-status|p1a: Cinderace|par
|
|upkeep
|turn|9
|
|t:|1743822344
|move|p2a: Serperior|Synthesis|p2a: Serperior
|-heal|p2a: Serperior|100/100
|cant|p1a: Cinderace|par
|
|upkeep
|turn|10
|
|t:|1743822350
|-terastallize|p2a: Serperior|Stellar
|move|p2a: Serperior|Tera Blast|p1a: Cinderace|[anim] Tera Blast Stellar
|-damage|p1a: Cinderace|55/100 par
|-boost|p2a: Serperior|atk|1
|-boost|p2a: Serperior|spa|1
|cant|p1a: Cinderace|par
|
|upkeep
|turn|11
|
|t:|1743822362
|move|p1a: Cinderace|Sucker Punch|p2a: Serperior
|-start|p1a: Cinderace|typechange|Dark|[from] ability: Libero
|-damage|p2a: Serperior|56/100
|move|p2a: Serperior|Tera Blast|p1a: Cinderace|[anim] Tera Blast Stellar
|-damage|p1a: Cinderace|8/100 par
|-boost|p2a: Serperior|atk|1
|-boost|p2a: Serperior|spa|1
|
|upkeep
|turn|12
|
|t:|1743822372
|move|p2a: Serperior|Synthesis|p2a: Serperior
|-heal|p2a: Serperior|100/100
|move|p1a: Cinderace|U-turn|p2a: Serperior
|-supereffective|p2a: Serperior
|-damage|p2a: Serperior|43/100
|
|t:|1743822377
|switch|p1a: Dragapult|Dragapult, M|100/100|[from] U-turn
|
|upkeep
|turn|13
|
|t:|1743822382
|move|p1a: Dragapult|Dragon Darts|p2a: Serperior
|-damage|p2a: Serperior|0 fnt
|faint|p2a: Serperior
|
|upkeep
|
|t:|1743822390
|switch|p2a: Chandelure|Chandelure, M|100/100
|turn|14
|
|t:|1743822394
|switch|p1a: Ting-Lu|Ting-Lu|83/100
|-ability|p1a: Ting-Lu|Vessel of Ruin
|move|p2a: Chandelure|Shadow Ball|p1a: Ting-Lu
|-resisted|p1a: Ting-Lu
|-damage|p1a: Ting-Lu|73/100
|
|-heal|p1a: Ting-Lu|79/100|[from] item: Leftovers
|upkeep
|turn|15
|
|t:|1743822404
|switch|p2a: Hydreigon|Hydreigon, M, shiny|100/100
|move|p1a: Ting-Lu|Ruination|p2a: Hydreigon
|-damage|p2a: Hydreigon|51/100
|
|-heal|p1a: Ting-Lu|85/100|[from] item: Leftovers
|upkeep
|turn|16
|
|t:|1743822412
|move|p2a: Hydreigon|Nasty Plot|p2a: Hydreigon
|-boost|p2a: Hydreigon|spa|2
|move|p1a: Ting-Lu|Stealth Rock|p2a: Hydreigon
|-sidestart|p2: soyjoas|move: Stealth Rock
|
|-heal|p1a: Ting-Lu|91/100|[from] item: Leftovers
|upkeep
|turn|17
|
|t:|1743822421
|move|p2a: Hydreigon|Draco Meteor|p1a: Ting-Lu
|-damage|p1a: Ting-Lu|16/100
|-unboost|p2a: Hydreigon|spa|2
|-damage|p2a: Hydreigon|41/100|[from] item: Life Orb
|move|p1a: Ting-Lu|Whirlwind|p2a: Hydreigon
|drag|p2a: Chandelure|Chandelure, M|100/100
|-damage|p2a: Chandelure|76/100|[from] Stealth Rock
|
|-heal|p1a: Ting-Lu|22/100|[from] item: Leftovers
|upkeep
|turn|18
|
|t:|1743822433
|move|p2a: Chandelure|Fire Blast|p1a: Ting-Lu
|-damage|p1a: Ting-Lu|0 fnt
|faint|p1a: Ting-Lu
|
|upkeep
|
|t:|1743822438
|switch|p1a: Inteleon|Inteleon, F|100/100
|turn|19
|
|t:|1743822445
|switch|p2a: Conkeldurr|Conkeldurr, M|23/100
|-damage|p2a: Conkeldurr|17/100|[from] Stealth Rock
|move|p1a: Inteleon|Surf|p2a: Conkeldurr
|-damage|p2a: Conkeldurr|0 fnt
|faint|p2a: Conkeldurr
|
|upkeep
|c|☆ASSATFAO|Gg
|
|t:|1743822453
|switch|p2a: Galvantula|Galvantula, F|100/100
|-damage|p2a: Galvantula|76/100|[from] Stealth Rock
|turn|20
|
|t:|1743822457
|move|p1a: Inteleon|Surf|p2a: Galvantula
|-damage|p2a: Galvantula|0 fnt
|faint|p2a: Galvantula
|
|upkeep
|
|t:|1743822461
|switch|p2a: Hydreigon|Hydreigon, M, shiny|41/100
|-damage|p2a: Hydreigon|29/100|[from] Stealth Rock
|turn|21
|
|t:|1743822465
|-terastallize|p1a: Inteleon|Water
|move|p1a: Inteleon|Surf|p2a: Hydreigon
|-resisted|p2a: Hydreigon
|-damage|p2a: Hydreigon|0 fnt
|faint|p2a: Hydreigon
|
|upkeep
|-message|soyjoas forfeited.
|
|win|ASSATFAO
|raw|ASSATFAO's rating: 1158 &rarr; <strong>1188</strong><br />(+30 for winning)
|raw|soyjoas's rating: 1226 &rarr; <strong>1196</strong><br />(-30 for losing)
|l|☆soyjoas
|player|p2|
