|j|☆meidoragon
|j|☆SPARKZUwU
|t:|1743881543
|gametype|singles
|player|p1|meidoragon|hilda-wonderlauncher|1190
|player|p2|SPARKZUwU|iris|1171
|teamsize|p1|6
|teamsize|p2|6
|gen|9
|tier|[Gen 9] OU
|rated|
|rule|HP Percentage Mod: HP is shown in percentages
|rule|Endless Battle Clause: Forcing endless battles is banned
|rule|Species Clause: Limit one of each Pokémon
|rule|OHKO Clause: OHKO moves are banned
|rule|Evasion Items Clause: Evasion items are banned
|rule|Evasion Moves Clause: Evasion moves are banned
|rule|Sleep Moves Clause: Sleep-inducing moves are banned
|clearpoke
|poke|p1|Meowscarada, F|
|poke|p1|Landorus-Therian, M|
|poke|p1|Hatterene, F|
|poke|p1|Iron Moth|
|poke|p1|Primarina, F|
|poke|p1|Gliscor, F|
|poke|p2|Alomomola, F|
|poke|p2|Yanmega, F|
|poke|p2|Umbreon, F|
|poke|p2|Incineroar, F|
|poke|p2|Clefable, F|
|poke|p2|Decidueye, M|
|teampreview
|
|t:|1743881553
|start
|switch|p1a: Meowscarada|Meowscarada, F|100/100
|switch|p2a: Clefable|Clefable, F|100/100
|turn|1
|
|t:|1743881558
|move|p1a: Meowscarada|U-turn|p2a: Clefable
|-start|p1a: Meowscarada|typechange|Bug|[from] ability: Protean
|-resisted|p2a: Clefable
|-damage|p2a: Clefable|81/100
|
|t:|1743881560
|switch|p1a: Hatterene|Hatterene, F|100/100|[from] U-turn
|move|p2a: Clefable|Knock Off|p1a: Hatterene
|-damage|p1a: Hatterene|81/100
|-enditem|p1a: Hatterene|Life Orb|[from] move: Knock Off|[of] p2a: Clefable
|
|-heal|p2a: Clefable|88/100|[from] item: Leftovers
|upkeep
|turn|2
|
|t:|1743881570
|switch|p2a: Decidueye|Decidueye, M|100/100
|move|p1a: Hatterene|Dazzling Gleam|p2a: Decidueye
|-damage|p2a: Decidueye|57/100
|
|upkeep
|turn|3
|
|t:|1743881586
|move|p2a: Decidueye|Swords Dance|p2a: Decidueye
|-boost|p2a: Decidueye|atk|2
|move|p1a: Hatterene|Shadow Ball|p2a: Decidueye
|-supereffective|p2a: Decidueye
|-damage|p2a: Decidueye|0 fnt
|faint|p2a: Decidueye
|
|upkeep
|
|t:|1743881591
|switch|p2a: Incineroar|Incineroar, F|100/100
|-ability|p2a: Incineroar|Intimidate|boost
|-unboost|p1a: Hatterene|atk|1
|turn|4
|
|t:|1743881596
|switch|p1a: Landorus|Landorus-Therian, M|100/100
|-ability|p1a: Landorus|Intimidate|boost
|-unboost|p2a: Incineroar|atk|1
|move|p2a: Incineroar|Fire Punch|p1a: Landorus
|-damage|p1a: Landorus|70/100
|
|upkeep
|turn|5
|
|t:|1743881602
|switch|p2a: Alomomola|Alomomola, F|100/100
|move|p1a: Landorus|Rock Slide|p2a: Alomomola
|-damage|p2a: Alomomola|85/100
|
|upkeep
|turn|6
|
|t:|1743881613
|move|p1a: Landorus|U-turn|p2a: Alomomola
|-damage|p2a: Alomomola|70/100
|-damage|p1a: Landorus|54/100|[from] item: Rocky Helmet|[of] p2a: Alomomola
|
|t:|1743881617
|switch|p1a: Hatterene|Hatterene, F|81/100|[from] U-turn
|move|p2a: Alomomola|Whirlpool|p1a: Hatterene|[miss]
|-miss|p2a: Alomomola|p1a: Hatterene
|
|upkeep
|turn|7
|
|t:|1743881627
|switch|p2a: Incineroar|Incineroar, F|100/100
|-ability|p2a: Incineroar|Intimidate|boost
|-unboost|p1a: Hatterene|atk|1
|move|p1a: Hatterene|Dazzling Gleam|p2a: Incineroar
|-damage|p2a: Incineroar|68/100
|
|upkeep
|turn|8
|
|t:|1743881641
|switch|p1a: Gliscor|Gliscor, F|100/100
|move|p2a: Incineroar|Knock Off|p1a: Gliscor
|-damage|p1a: Gliscor|51/100
|-enditem|p1a: Gliscor|Toxic Orb|[from] move: Knock Off|[of] p2a: Incineroar
|
|upkeep
|turn|9
|
|t:|1743881649
|switch|p2a: Alomomola|Alomomola, F|100/100
|move|p1a: Gliscor|U-turn|p2a: Alomomola
|-damage|p2a: Alomomola|89/100
|-damage|p1a: Gliscor|35/100|[from] item: Rocky Helmet|[of] p2a: Alomomola
|
|t:|1743881654
|switch|p1a: Iron Moth|Iron Moth|100/100|[from] U-turn
|-enditem|p1a: Iron Moth|Booster Energy
|-activate|p1a: Iron Moth|ability: Quark Drive|[fromitem]
|-start|p1a: Iron Moth|quarkdrivespe
|
|upkeep
|turn|10
|
|t:|1743881660
|switch|p2a: Umbreon|Umbreon, F|100/100
|move|p1a: Iron Moth|Discharge|p2a: Umbreon
|-damage|p2a: Umbreon|86/100
|
|-heal|p2a: Umbreon|92/100|[from] item: Leftovers
|upkeep
|turn|11
|
|t:|1743881672
|-end|p1a: Iron Moth|Quark Drive|[silent]
|switch|p1a: Gliscor|Gliscor, F|35/100
|move|p2a: Umbreon|Wish|p2a: Umbreon
|
|-heal|p2a: Umbreon|98/100|[from] item: Leftovers
|upkeep
|turn|12
|
|t:|1743881675
|move|p1a: Gliscor|Knock Off|p2a: Umbreon
|-resisted|p2a: Umbreon
|-damage|p2a: Umbreon|88/100
|-enditem|p2a: Umbreon|Leftovers|[from] move: Knock Off|[of] p1a: Gliscor
|move|p2a: Umbreon|Foul Play|p1a: Gliscor
|-damage|p1a: Gliscor|0 fnt
|faint|p1a: Gliscor
|
|-heal|p2a: Umbreon|100/100|[from] move: Wish|[wisher] Umbreon
|upkeep
|
|t:|1743881686
|switch|p1a: Primarina|Primarina, F|100/100
|turn|13
|
|t:|1743881688
|move|p2a: Umbreon|Toxic|p1a: Primarina
|-status|p1a: Primarina|tox
|move|p1a: Primarina|Moonblast|p2a: Umbreon
|-supereffective|p2a: Umbreon
|-damage|p2a: Umbreon|47/100
|
|-damage|p1a: Primarina|94/100 tox|[from] psn
|upkeep
|turn|14
|
|t:|1743881694
|move|p2a: Umbreon|Protect|p2a: Umbreon
|-singleturn|p2a: Umbreon|Protect
|move|p1a: Primarina|Moonblast|p2a: Umbreon
|-activate|p2a: Umbreon|move: Protect
|
|-damage|p1a: Primarina|82/100 tox|[from] psn
|upkeep
|turn|15
|
|t:|1743881708
|switch|p2a: Clefable|Clefable, F|88/100
|move|p1a: Primarina|Moonblast|p2a: Clefable
|-damage|p2a: Clefable|33/100
|
|-heal|p2a: Clefable|40/100|[from] item: Leftovers
|-damage|p1a: Primarina|64/100 tox|[from] psn
|upkeep
|turn|16
|
|t:|1743881714
|switch|p1a: Iron Moth|Iron Moth|100/100
|move|p2a: Clefable|Moonlight|p2a: Clefable
|-heal|p2a: Clefable|90/100
|
|-heal|p2a: Clefable|96/100|[from] item: Leftovers
|upkeep
|turn|17
|
|t:|1743881725
|switch|p2a: Alomomola|Alomomola, F|100/100
|move|p1a: Iron Moth|Sludge Wave|p2a: Alomomola
|-damage|p2a: Alomomola|39/100
|
|upkeep
|turn|18
|
|t:|1743881732
|move|p2a: Alomomola|Protect|p2a: Alomomola
|-singleturn|p2a: Alomomola|Protect
|move|p1a: Iron Moth|Sludge Wave|p2a: Alomomola
|-activate|p2a: Alomomola|move: Protect
|
|upkeep
|turn|19
|
|t:|1743881737
|switch|p2a: Incineroar|Incineroar, F|68/100
|-ability|p2a: Incineroar|Intimidate|boost
|-unboost|p1a: Iron Moth|atk|1
|move|p1a: Iron Moth|Sludge Wave|p2a: Incineroar
|-damage|p2a: Incineroar|39/100
|
|upkeep
|turn|20
|
|t:|1743881743
|move|p2a: Incineroar|Fake Out|p1a: Iron Moth
|-damage|p1a: Iron Moth|80/100
|cant|p1a: Iron Moth|flinch
|
|upkeep
|turn|21
|
|t:|1743881748
|move|p1a: Iron Moth|Sludge Wave|p2a: Incineroar
|-damage|p2a: Incineroar|11/100
|move|p2a: Incineroar|Knock Off|p1a: Iron Moth
|-damage|p1a: Iron Moth|23/100
|
|upkeep
|turn|22
|
|t:|1743881753
|move|p1a: Iron Moth|Sludge Wave|p2a: Incineroar
|-damage|p2a: Incineroar|0 fnt
|faint|p2a: Incineroar
|
|upkeep
|
|t:|1743881755
|switch|p2a: Yanmega|Yanmega, F|100/100
|turn|23
|
|t:|1743881758
|-end|p1a: Iron Moth|Quark Drive|[silent]
|switch|p1a: Landorus|Landorus-Therian, M|54/100
|-ability|p1a: Landorus|Intimidate|boost
|-unboost|p2a: Yanmega|atk|1
|move|p2a: Yanmega|Protect||[still]
|-fail|p2a: Yanmega
|
|-ability|p2a: Yanmega|Speed Boost|boost
|-boost|p2a: Yanmega|spe|1
|upkeep
|turn|24
|
|t:|1743881760
|move|p2a: Yanmega|Air Slash|p1a: Landorus
|-damage|p1a: Landorus|20/100
|-damage|p2a: Yanmega|91/100|[from] item: Life Orb
|move|p1a: Landorus|Rock Slide|p2a: Yanmega
|-supereffective|p2a: Yanmega
|-damage|p2a: Yanmega|0 fnt
|faint|p2a: Yanmega
|
|upkeep
|
|t:|1743881767
|switch|p2a: Clefable|Clefable, F|96/100
|turn|25
|
|t:|1743881770
|move|p1a: Landorus|U-turn|p2a: Clefable
|-resisted|p2a: Clefable
|-damage|p2a: Clefable|80/100
|
|t:|1743881775
|switch|p1a: Iron Moth|Iron Moth|23/100|[from] U-turn
|move|p2a: Clefable|Moonlight|p2a: Clefable
|-heal|p2a: Clefable|100/100
|
|upkeep
|turn|26
|
|t:|1743881782
|move|p1a: Iron Moth|Sludge Wave|p2a: Clefable
|-supereffective|p2a: Clefable
|-damage|p2a: Clefable|2/100
|-status|p2a: Clefable|psn
|move|p2a: Clefable|Moonblast|p1a: Iron Moth
|-resisted|p1a: Iron Moth
|-damage|p1a: Iron Moth|13/100
|
|-heal|p2a: Clefable|8/100 psn|[from] item: Leftovers
|-damage|p2a: Clefable|0 fnt|[from] psn
|faint|p2a: Clefable
|upkeep
|-message|SPARKZUwU forfeited.
|
|win|meidoragon
|raw|meidoragon's rating: 1190 &rarr; <strong>1214</strong><br />(+24 for winning)
|raw|SPARKZUwU's rating: 1171 &rarr; <strong>1147</strong><br />(-24 for losing)
|l|☆SPARKZUwU
|player|p2|
