|j|☆timmy973
|j|☆RAR3 144
|t:|1743878270
|gametype|singles
|player|p1|timmy973|102|1183
|player|p2|RAR3 144|az|1222
|teamsize|p1|6
|teamsize|p2|6
|gen|9
|tier|[Gen 9] OU
|rated|
|rule|HP Percentage Mod: HP is shown in percentages
|rule|Endless Battle Clause: Forcing endless battles is banned
|rule|Species Clause: Limit one of each Pokémon
|rule|OHKO Clause: OHKO moves are banned
|rule|Evasion Items Clause: Evasion items are banned
|rule|Evasion Moves Clause: Evasion moves are banned
|rule|Sleep Moves Clause: Sleep-inducing moves are banned
|clearpoke
|poke|p1|Lucario, F|
|poke|p1|Meowscarada, M|
|poke|p1|Okidogi, M|
|poke|p1|Great Tusk|
|poke|p1|Ting-Lu|
|poke|p1|Iron Boulder|
|poke|p2|Walking Wake|
|poke|p2|Dragapult, M|
|poke|p2|Charizard, M|
|poke|p2|Great Tusk|
|poke|p2|Hatterene, F|
|poke|p2|Torkoal, M|
|teampreview
|inactive|Battle timer is ON: inactive players will automatically lose when time's up. (requested by RAR3 144)
|
|t:|1743878281
|start
|switch|p1a: Meowscarada|Meowscarada, M|100/100
|switch|p2a: Ufo|Torkoal, M, shiny|100/100
|-weather|SunnyDay|[from] ability: Drought|[of] p2a: Ufo
|turn|1
|
|t:|1743878300
|move|p1a: Meowscarada|Knock Off|p2a: Ufo
|-start|p1a: Meowscarada|typechange|Dark|[from] ability: Protean
|-damage|p2a: Ufo|73/100
|-enditem|p2a: Ufo|Heat Rock|[from] move: Knock Off|[of] p1a: Meowscarada
|move|p2a: Ufo|Lava Plume|p1a: Meowscarada
|-damage|p1a: Meowscarada|42/100
|
|-weather|SunnyDay|[upkeep]
|upkeep
|turn|2
|
|t:|1743878310
|move|p1a: Meowscarada|U-turn|p2a: Ufo
|-resisted|p2a: Ufo
|-crit|p2a: Ufo
|-damage|p2a: Ufo|64/100
|
|t:|1743878321
|switch|p1a: Ting-Lu|Ting-Lu|100/100|[from] U-turn
|-ability|p1a: Ting-Lu|Vessel of Ruin
|move|p2a: Ufo|Stealth Rock|p1a: Ting-Lu
|-sidestart|p1: timmy973|move: Stealth Rock
|
|-weather|SunnyDay|[upkeep]
|upkeep
|turn|3
|
|t:|1743878330
|switch|p2a: Hatterene|Hatterene, F|100/100
|move|p1a: Ting-Lu|Earthquake|p2a: Hatterene
|-crit|p2a: Hatterene
|-damage|p2a: Hatterene|48/100
|-enditem|p2a: Hatterene|Eject Button
|
|t:|1743878337
|switch|p2a: W0K3N 0N3|Walking Wake|100/100
|-activate|p2a: W0K3N 0N3|ability: Protosynthesis
|-start|p2a: W0K3N 0N3|protosynthesisspe
|
|-weather|SunnyDay|[upkeep]
|upkeep
|turn|4
|
|t:|1743878344
|move|p2a: W0K3N 0N3|Hydro Steam|p1a: Ting-Lu
|-supereffective|p1a: Ting-Lu
|-crit|p1a: Ting-Lu
|-damage|p1a: Ting-Lu|8/100
|move|p1a: Ting-Lu|Earthquake|p2a: W0K3N 0N3
|-damage|p2a: W0K3N 0N3|58/100
|
|-weather|SunnyDay|[upkeep]
|upkeep
|turn|5
|
|t:|1743878353
|move|p2a: W0K3N 0N3|Hydro Steam|p1a: Ting-Lu
|-supereffective|p1a: Ting-Lu
|-damage|p1a: Ting-Lu|0 fnt
|faint|p1a: Ting-Lu
|
|-weather|SunnyDay|[upkeep]
|upkeep
|
|t:|1743878364
|switch|p1a: Iron Boulder|Iron Boulder|100/100
|-damage|p1a: Iron Boulder|88/100|[from] Stealth Rock
|-enditem|p1a: Iron Boulder|Booster Energy
|-activate|p1a: Iron Boulder|ability: Quark Drive|[fromitem]
|-start|p1a: Iron Boulder|quarkdrivespe
|turn|6
|
|t:|1743878384
|-end|p2a: W0K3N 0N3|Protosynthesis|[silent]
|switch|p2a: Hatterene|Hatterene, F|48/100
|-terastallize|p1a: Iron Boulder|Fighting
|move|p1a: Iron Boulder|Close Combat|p2a: Hatterene
|-resisted|p2a: Hatterene
|-damage|p2a: Hatterene|35/100
|-unboost|p1a: Iron Boulder|def|1
|-unboost|p1a: Iron Boulder|spd|1
|
|-weather|SunnyDay|[upkeep]
|upkeep
|turn|7
|
|t:|1743878407
|-end|p1a: Iron Boulder|Quark Drive|[silent]
|switch|p1a: Meowscarada|Meowscarada, M|42/100
|move|p2a: Hatterene|Dazzling Gleam|p1a: Meowscarada
|-supereffective|p1a: Meowscarada
|-damage|p1a: Meowscarada|0 fnt
|faint|p1a: Meowscarada
|
|-weather|SunnyDay|[upkeep]
|upkeep
|
|t:|1743878415
|switch|p1a: Great Tusk|Great Tusk|100/100
|-activate|p1a: Great Tusk|ability: Protosynthesis
|-start|p1a: Great Tusk|protosynthesisatk
|turn|8
|
|t:|1743878429
|move|p1a: Great Tusk|Headlong Rush|p2a: Hatterene
|-damage|p2a: Hatterene|0 fnt
|-unboost|p1a: Great Tusk|def|1
|-unboost|p1a: Great Tusk|spd|1
|faint|p2a: Hatterene
|
|-weather|none
|-end|p1a: Great Tusk|Protosynthesis
|upkeep
|inactive|RAR3 144 has 120 seconds left.
|
|t:|1743878452
|switch|p2a: W0K3N 0N3|Walking Wake|58/100
|turn|9
|
|t:|1743878464
|move|p2a: W0K3N 0N3|Scald|p1a: Great Tusk
|-supereffective|p1a: Great Tusk
|-damage|p1a: Great Tusk|0 fnt
|faint|p1a: Great Tusk
|-end|p1a: Great Tusk|Protosynthesis|[silent]
|
|upkeep
|
|t:|1743878469
|switch|p1a: Lucario|Lucario, F|100/100
|-damage|p1a: Lucario|98/100|[from] Stealth Rock
|turn|10
|
|t:|1743878479
|move|p2a: W0K3N 0N3|Scald|p1a: Lucario
|-damage|p1a: Lucario|22/100
|move|p1a: Lucario|Dark Pulse|p2a: W0K3N 0N3
|-damage|p2a: W0K3N 0N3|19/100
|-damage|p1a: Lucario|12/100|[from] item: Life Orb
|
|upkeep
|turn|11
|
|t:|1743878487
|-end|p2a: W0K3N 0N3|Protosynthesis|[silent]
|switch|p2a: Ufo|Torkoal, M, shiny|64/100
|-weather|SunnyDay|[from] ability: Drought|[of] p2a: Ufo
|move|p1a: Lucario|Vacuum Wave|p2a: Ufo
|-damage|p2a: Ufo|32/100
|-damage|p1a: Lucario|2/100|[from] item: Life Orb
|
|-weather|SunnyDay|[upkeep]
|upkeep
|turn|12
|
|t:|1743878507
|switch|p2a: Great Tusk|Great Tusk|100/100
|-activate|p2a: Great Tusk|ability: Protosynthesis
|-start|p2a: Great Tusk|protosynthesisatk
|move|p1a: Lucario|Dark Pulse|p2a: Great Tusk
|-resisted|p2a: Great Tusk
|-damage|p2a: Great Tusk|79/100
|-damage|p1a: Lucario|0 fnt|[from] item: Life Orb
|faint|p1a: Lucario
|
|-weather|SunnyDay|[upkeep]
|upkeep
|-message|timmy973 forfeited.
|
|win|RAR3 144
|raw|timmy973's rating: 1212 &rarr; <strong>1188</strong><br />(-24 for losing)
|raw|RAR3 144's rating: 1222 &rarr; <strong>1246</strong><br />(+24 for winning)
|l|☆timmy973
|player|p1|
