|j|☆Gen 4 da best
|j|☆Zyntriptic
|t:|1743798673
|gametype|singles
|player|p1|Gen 4 da best|unknownf|1165
|player|p2|Zyntriptic|1|1148
|teamsize|p1|6
|teamsize|p2|6
|gen|9
|tier|[Gen 9] OU
|rated|
|rule|HP Percentage Mod: HP is shown in percentages
|rule|Endless Battle Clause: Forcing endless battles is banned
|rule|Species Clause: Limit one of each Pokémon
|rule|OHKO Clause: OHKO moves are banned
|rule|Evasion Items Clause: Evasion items are banned
|rule|Evasion Moves Clause: Evasion moves are banned
|rule|Sleep Moves Clause: Sleep-inducing moves are banned
|clearpoke
|poke|p1|Zangoose, M|
|poke|p1|Regice|
|poke|p1|Vaporeon, F|
|poke|p1|Conkeldurr, M|
|poke|p1|Hawlucha, M|
|poke|p1|Volcanion|
|poke|p2|Scovillain, F|
|poke|p2|Torkoal, M|
|poke|p2|Ogerpon-Wellspring, F|
|poke|p2|Yanmega, F|
|poke|p2|Mimikyu, M|
|poke|p2|Ditto|
|teampreview
|inactive|Battle timer is ON: inactive players will automatically lose when time's up. (requested by Zyntriptic)
|
|t:|1743798688
|start
|switch|p1a: Hawlucha|Hawlucha, M|100/100
|switch|p2a: Torkoal|Torkoal, M|100/100
|-ability|p1a: Hawlucha|Mold Breaker
|-weather|SunnyDay|[from] ability: Drought|[of] p2a: Torkoal
|turn|1
|
|t:|1743798698
|move|p1a: Hawlucha|Taunt|p2a: Torkoal
|-start|p2a: Torkoal|move: Taunt
|cant|p2a: Torkoal|move: Taunt|Stealth Rock
|
|-weather|SunnyDay|[upkeep]
|upkeep
|turn|2
|
|t:|1743798721
|move|p1a: Hawlucha|U-turn|p2a: Torkoal
|-resisted|p2a: Torkoal
|-damage|p2a: Torkoal|96/100
|
|t:|1743798724
|switch|p1a: Volcanion|Volcanion|100/100|[from] U-turn
|move|p2a: Torkoal|Clear Smog|p1a: Volcanion
|-damage|p1a: Volcanion|89/100
|-clearboost|p1a: Volcanion
|
|-weather|SunnyDay|[upkeep]
|upkeep
|turn|3
|
|t:|1743798737
|switch|p2a: Ditto|Ditto|100/100
|-transform|p2a: Ditto|p1a: Volcanion|[from] ability: Imposter
|move|p1a: Volcanion|Earth Power|p2a: Ditto
|-supereffective|p2a: Ditto
|-damage|p2a: Ditto|22/100
|
|-weather|SunnyDay|[upkeep]
|-heal|p2a: Ditto|28/100|[from] item: Leftovers
|upkeep
|turn|4
|
|t:|1743798752
|switch|p1a: Hawlucha|Hawlucha, M|100/100
|-ability|p1a: Hawlucha|Mold Breaker
|move|p2a: Ditto|Earth Power|p1a: Hawlucha
|-immune|p1a: Hawlucha
|
|-weather|SunnyDay|[upkeep]
|-heal|p2a: Ditto|34/100|[from] item: Leftovers
|upkeep
|turn|5
|
|t:|1743798762
|switch|p2a: Mimikyu|Mimikyu, M|100/100
|move|p1a: Hawlucha|Encore||[still]
|-fail|p1a: Hawlucha
|
|-weather|SunnyDay|[upkeep]
|upkeep
|turn|6
|
|t:|1743798773
|move|p1a: Hawlucha|U-turn|p2a: Mimikyu
|-resisted|p2a: Mimikyu
|-damage|p2a: Mimikyu|94/100
|
|t:|1743798782
|switch|p1a: Volcanion|Volcanion|89/100|[from] U-turn
|move|p2a: Mimikyu|Thunder Wave|p1a: Volcanion
|-status|p1a: Volcanion|par
|
|-weather|SunnyDay|[upkeep]
|upkeep
|turn|7
|
|t:|1743798793
|move|p2a: Mimikyu|Hex|p1a: Volcanion
|-damage|p1a: Volcanion|39/100 par
|move|p1a: Volcanion|Steam Eruption|p2a: Mimikyu
|-activate|p2a: Mimikyu|ability: Disguise
|-damage|p2a: Mimikyu|94/100
|-status|p2a: Mimikyu|brn
|detailschange|p2a: Mimikyu|Mimikyu-Busted, M
|-damage|p2a: Mimikyu|82/100 brn|[from] pokemon: Mimikyu-Busted
|
|-weather|SunnyDay|[upkeep]
|-damage|p2a: Mimikyu|76/100 brn|[from] brn
|upkeep
|turn|8
|
|t:|1743798808
|switch|p1a: Regice|Regice|100/100
|move|p2a: Mimikyu|Hex|p1a: Regice
|-damage|p1a: Regice|92/100
|
|-weather|none
|-damage|p2a: Mimikyu|70/100 brn|[from] brn
|upkeep
|turn|9
|
|t:|1743798823
|switch|p2a: Ditto|Ditto|34/100
|-transform|p2a: Ditto|p1a: Regice|[from] ability: Imposter
|move|p1a: Regice|Flash Cannon|p2a: Ditto
|-supereffective|p2a: Ditto
|-damage|p2a: Ditto|6/100
|
|-heal|p2a: Ditto|12/100|[from] item: Leftovers
|upkeep
|turn|10
|
|t:|1743798839
|move|p1a: Regice|Flash Cannon|p2a: Ditto
|-supereffective|p2a: Ditto
|-damage|p2a: Ditto|0 fnt
|faint|p2a: Ditto
|
|upkeep
|
|t:|1743798848
|switch|p2a: Ogerpon|Ogerpon-Wellspring, F|100/100
|turn|11
|
|t:|1743798855
|switch|p1a: Conkeldurr|Conkeldurr, M|100/100
|move|p2a: Ogerpon|Superpower|p1a: Conkeldurr
|-damage|p1a: Conkeldurr|61/100
|-unboost|p2a: Ogerpon|atk|1
|-unboost|p2a: Ogerpon|def|1
|
|upkeep
|turn|12
|
|t:|1743798868
|switch|p2a: Yanmega|Yanmega, F|100/100
|move|p1a: Conkeldurr|Drain Punch|p2a: Yanmega
|-resisted|p2a: Yanmega
|-damage|p2a: Yanmega|80/100
|-heal|p1a: Conkeldurr|70/100|[from] drain|[of] p2a: Yanmega
|-damage|p1a: Conkeldurr|60/100|[from] item: Life Orb
|
|upkeep
|turn|13
|
|t:|1743798876
|switch|p1a: Hawlucha|Hawlucha, M|100/100
|-ability|p1a: Hawlucha|Mold Breaker
|move|p2a: Yanmega|Swords Dance|p2a: Yanmega
|-boost|p2a: Yanmega|atk|2
|
|-ability|p2a: Yanmega|Speed Boost|boost
|-boost|p2a: Yanmega|spe|1
|upkeep
|turn|14
|
|t:|1743798889
|move|p2a: Yanmega|Dual Wingbeat|p1a: Hawlucha|[miss]
|-miss|p2a: Yanmega|p1a: Hawlucha
|move|p1a: Hawlucha|Encore|p2a: Yanmega
|-start|p2a: Yanmega|Encore
|
|-ability|p2a: Yanmega|Speed Boost|boost
|-boost|p2a: Yanmega|spe|1
|upkeep
|turn|15
|
|t:|1743798898
|move|p2a: Yanmega|Dual Wingbeat|p1a: Hawlucha
|-supereffective|p1a: Hawlucha
|-damage|p1a: Hawlucha|36/100
|-supereffective|p1a: Hawlucha
|-damage|p1a: Hawlucha|0 fnt
|faint|p1a: Hawlucha
|-hitcount|p1: Hawlucha|2
|
|-ability|p2a: Yanmega|Speed Boost|boost
|-boost|p2a: Yanmega|spe|1
|upkeep
|
|t:|1743798909
|switch|p1a: Volcanion|Volcanion|39/100 par
|turn|16
|
|t:|1743798914
|move|p2a: Yanmega|Dual Wingbeat|p1a: Volcanion
|-damage|p1a: Volcanion|13/100 par
|-damage|p1a: Volcanion|0 fnt
|faint|p1a: Volcanion
|-hitcount|p1: Volcanion|2
|
|-ability|p2a: Yanmega|Speed Boost|boost
|-boost|p2a: Yanmega|spe|1
|upkeep
|
|t:|1743798922
|switch|p1a: Zangoose|Zangoose, M, shiny|100/100
|turn|17
|
|t:|1743798926
|move|p2a: Yanmega|Dual Wingbeat|p1a: Zangoose
|-damage|p1a: Zangoose|37/100
|-damage|p1a: Zangoose|0 fnt
|faint|p1a: Zangoose
|-hitcount|p1: Zangoose|2
|
|-end|p2a: Yanmega|Encore
|-ability|p2a: Yanmega|Speed Boost|boost
|-boost|p2a: Yanmega|spe|1
|upkeep
|-message|Gen 4 da best forfeited.
|
|win|Zyntriptic
|raw|Gen 4 da best's rating: 1165 &rarr; <strong>1139</strong><br />(-26 for losing)
|raw|Zyntriptic's rating: 1148 &rarr; <strong>1174</strong><br />(+26 for winning)
|l|☆Gen 4 da best
|player|p1|
|l|☆Zyntriptic
|player|p2|
