|j|☆Ruler of the Sand
|j|☆dr.wahwiee
|t:|1743862209
|gametype|singles
|player|p1|Ruler of the Sand|marshal|1214
|player|p2|dr.wahwiee|blaine-gen2|1174
|teamsize|p1|6
|teamsize|p2|6
|gen|9
|tier|[Gen 9] OU
|rated|
|rule|HP Percentage Mod: HP is shown in percentages
|rule|Endless Battle Clause: Forcing endless battles is banned
|rule|Species Clause: Limit one of each Pokémon
|rule|OHKO Clause: OHKO moves are banned
|rule|Evasion Items Clause: Evasion items are banned
|rule|Evasion Moves Clause: Evasion moves are banned
|rule|Sleep Moves Clause: Sleep-inducing moves are banned
|clearpoke
|poke|p1|Hippowdon, M|
|poke|p1|Tyranitar, M|
|poke|p1|Garganacl, M|
|poke|p1|Quagsire, M|
|poke|p1|Excadrill, F|
|poke|p1|Ting-Lu|
|poke|p2|Lapras, F|
|poke|p2|Rotom-Heat|
|poke|p2|Zapdos|
|poke|p2|Lurantis, F|
|poke|p2|Golurk|
|poke|p2|Tyranitar, M|
|teampreview
|inactive|Battle timer is ON: inactive players will automatically lose when time's up. (requested by Ruler of the Sand)
|
|t:|1743862220
|start
|switch|p1a: Tyranitar|Tyranitar, M|100/100
|switch|p2a: Godhand|Golurk|100/100
|-weather|Sandstorm|[from] ability: Sand Stream|[of] p1a: Tyranitar
|turn|1
|
|t:|1743862228
|move|p1a: Tyranitar|Knock Off|p2a: Godhand
|-supereffective|p2a: Godhand
|-enditem|p2a: Godhand|Focus Sash
|-damage|p2a: Godhand|1/100
|move|p2a: Godhand|Dynamic Punch|p1a: Tyranitar
|-supereffective|p1a: Tyranitar
|-damage|p1a: Tyranitar|0 fnt
|faint|p1a: Tyranitar
|
|-weather|Sandstorm|[upkeep]
|upkeep
|
|t:|1743862238
|switch|p1a: Excadrill|Excadrill, F|100/100
|turn|2
|
|t:|1743862242
|move|p1a: Excadrill|Iron Head|p2a: Godhand
|-damage|p2a: Godhand|0 fnt
|faint|p2a: Godhand
|-damage|p1a: Excadrill|91/100|[from] item: Life Orb
|
|-weather|Sandstorm|[upkeep]
|upkeep
|
|t:|1743862250
|switch|p2a: Lurantis|Lurantis, F|100/100
|turn|3
|
|t:|1743862257
|move|p1a: Excadrill|Iron Head|p2a: Lurantis
|-damage|p2a: Lurantis|30/100
|-damage|p1a: Excadrill|81/100|[from] item: Life Orb
|cant|p2a: Lurantis|flinch
|
|-weather|Sandstorm|[upkeep]
|-damage|p2a: Lurantis|24/100|[from] Sandstorm
|-heal|p2a: Lurantis|30/100|[from] item: Leftovers
|upkeep
|turn|4
|
|t:|1743862267
|move|p1a: Excadrill|Rapid Spin|p2a: Lurantis
|-damage|p2a: Lurantis|0 fnt
|-boost|p1a: Excadrill|spe|1
|faint|p2a: Lurantis
|-damage|p1a: Excadrill|71/100|[from] item: Life Orb
|
|-weather|Sandstorm|[upkeep]
|upkeep
|
|t:|1743862276
|switch|p2a: Zapdos|Zapdos|100/100
|-ability|p2a: Zapdos|Pressure
|turn|5
|
|t:|1743862284
|move|p1a: Excadrill|Swords Dance|p1a: Excadrill
|-boost|p1a: Excadrill|atk|2
|move|p2a: Zapdos|Hurricane|p1a: Excadrill
|-resisted|p1a: Excadrill
|-damage|p1a: Excadrill|28/100
|
|-weather|none
|upkeep
|turn|6
|
|t:|1743862292
|move|p1a: Excadrill|Iron Head|p2a: Zapdos
|-resisted|p2a: Zapdos
|-damage|p2a: Zapdos|34/100
|-damage|p1a: Excadrill|18/100|[from] item: Life Orb
|move|p2a: Zapdos|Hurricane|p1a: Excadrill
|-resisted|p1a: Excadrill
|-damage|p1a: Excadrill|0 fnt
|faint|p1a: Excadrill
|
|upkeep
|
|t:|1743862301
|switch|p1a: Hippowdon|Hippowdon, M|100/100
|-weather|Sandstorm|[from] ability: Sand Stream|[of] p1a: Hippowdon
|turn|7
|
|t:|1743862305
|move|p2a: Zapdos|Roost|p2a: Zapdos
|-heal|p2a: Zapdos|84/100
|-singleturn|p2a: Zapdos|move: Roost
|move|p1a: Hippowdon|Stealth Rock|p2a: Zapdos
|-sidestart|p2: dr.wahwiee|move: Stealth Rock
|
|-weather|Sandstorm|[upkeep]
|-damage|p2a: Zapdos|78/100|[from] Sandstorm
|upkeep
|turn|8
|
|t:|1743862314
|move|p2a: Zapdos|Hurricane|p1a: Hippowdon
|-damage|p1a: Hippowdon|32/100
|move|p1a: Hippowdon|Whirlwind|p2a: Zapdos
|drag|p2a: Rotom|Rotom-Heat|100/100
|-damage|p2a: Rotom|76/100|[from] Stealth Rock
|
|-weather|Sandstorm|[upkeep]
|-damage|p2a: Rotom|69/100|[from] Sandstorm
|upkeep
|turn|9
|
|t:|1743862324
|switch|p1a: Ting-Lu|Ting-Lu|100/100
|-ability|p1a: Ting-Lu|Vessel of Ruin
|move|p2a: Rotom|Dark Pulse|p1a: Ting-Lu
|-resisted|p1a: Ting-Lu
|-damage|p1a: Ting-Lu|89/100
|-enditem|p1a: Ting-Lu|Red Card|[of] p2a: Rotom
|drag|p2a: Zapdos|Zapdos|78/100
|-ability|p2a: Zapdos|Pressure
|
|-weather|Sandstorm|[upkeep]
|-damage|p2a: Zapdos|72/100|[from] Sandstorm
|upkeep
|turn|10
|
|t:|1743862337
|move|p2a: Zapdos|Hurricane|p1a: Ting-Lu|[miss]
|-miss|p2a: Zapdos|p1a: Ting-Lu
|move|p1a: Ting-Lu|Ruination|p2a: Zapdos
|-damage|p2a: Zapdos|36/100
|
|-weather|Sandstorm|[upkeep]
|-damage|p2a: Zapdos|30/100|[from] Sandstorm
|upkeep
|turn|11
|
|t:|1743862346
|move|p2a: Zapdos|Hurricane|p1a: Ting-Lu
|-damage|p1a: Ting-Lu|50/100
|move|p1a: Ting-Lu|Whirlwind|p2a: Zapdos
|drag|p2a: Rotom|Rotom-Heat|69/100
|-damage|p2a: Rotom|44/100|[from] Stealth Rock
|
|-weather|Sandstorm|[upkeep]
|-damage|p2a: Rotom|38/100|[from] Sandstorm
|upkeep
|turn|12
|
|t:|1743862356
|move|p2a: Rotom|Overheat|p1a: Ting-Lu
|-damage|p1a: Ting-Lu|0 fnt
|-unboost|p2a: Rotom|spa|2
|faint|p1a: Ting-Lu
|
|-weather|Sandstorm|[upkeep]
|-damage|p2a: Rotom|32/100|[from] Sandstorm
|upkeep
|
|t:|1743862366
|switch|p1a: Garganacl|Garganacl, M|100/100
|turn|13
|
|t:|1743862373
|switch|p2a: Zapdos|Zapdos|30/100
|-ability|p2a: Zapdos|Pressure
|move|p1a: Garganacl|Salt Cure|p2a: Zapdos
|-supereffective|p2a: Zapdos
|-damage|p2a: Zapdos|0 fnt
|faint|p2a: Zapdos
|
|-weather|Sandstorm|[upkeep]
|upkeep
|
|t:|1743862378
|switch|p2a: Rotom|Rotom-Heat|32/100
|-damage|p2a: Rotom|7/100|[from] Stealth Rock
|turn|14
|
|t:|1743862390
|move|p2a: Rotom|Will-O-Wisp|p1a: Garganacl
|-immune|p1a: Garganacl|[from] ability: Purifying Salt
|move|p1a: Garganacl|Recover||[still]
|-fail|p1a: Garganacl|heal
|
|-weather|none
|upkeep
|turn|15
|
|t:|1743862398
|move|p2a: Rotom|Will-O-Wisp|p1a: Garganacl
|-immune|p1a: Garganacl|[from] ability: Purifying Salt
|move|p1a: Garganacl|Curse|p1a: Garganacl
|-unboost|p1a: Garganacl|spe|1
|-boost|p1a: Garganacl|atk|1
|-boost|p1a: Garganacl|def|1
|
|upkeep
|turn|16
|
|t:|1743862407
|switch|p2a: Ice drago|Lapras, F|100/100
|-damage|p2a: Ice drago|75/100|[from] Stealth Rock
|move|p1a: Garganacl|Curse|p1a: Garganacl
|-unboost|p1a: Garganacl|spe|1
|-boost|p1a: Garganacl|atk|1
|-boost|p1a: Garganacl|def|1
|
|-heal|p2a: Ice drago|82/100|[from] item: Leftovers
|upkeep
|turn|17
|
|t:|1743862418
|-terastallize|p2a: Ice drago|Water
|move|p2a: Ice drago|Surf|p1a: Garganacl
|-supereffective|p1a: Garganacl
|-damage|p1a: Garganacl|16/100
|move|p1a: Garganacl|Salt Cure|p2a: Ice drago
|-damage|p2a: Ice drago|60/100
|-start|p2a: Ice drago|Salt Cure
|
|-heal|p2a: Ice drago|67/100|[from] item: Leftovers
|-damage|p2a: Ice drago|42/100|[from] Salt Cure
|upkeep
|turn|18
|
|t:|1743862429
|switch|p1a: Quagsire|Quagsire, M|100/100
|move|p2a: Ice drago|Psychic Noise|p1a: Quagsire
|-damage|p1a: Quagsire|76/100
|-start|p1a: Quagsire|move: Heal Block
|
|-heal|p2a: Ice drago|48/100|[from] item: Leftovers
|-damage|p2a: Ice drago|23/100|[from] Salt Cure
|upkeep
|turn|19
|
|t:|1743862441
|move|p1a: Quagsire|Protect|p1a: Quagsire
|-singleturn|p1a: Quagsire|Protect
|move|p2a: Ice drago|Freeze-Dry|p1a: Quagsire
|-activate|p1a: Quagsire|move: Protect
|
|-heal|p2a: Ice drago|29/100|[from] item: Leftovers
|-damage|p2a: Ice drago|4/100|[from] Salt Cure
|-end|p1a: Quagsire|move: Heal Block
|upkeep
|turn|20
|
|t:|1743862457
|switch|p1a: Hippowdon|Hippowdon, M|32/100
|-weather|Sandstorm|[from] ability: Sand Stream|[of] p1a: Hippowdon
|move|p2a: Ice drago|Freeze-Dry|p1a: Hippowdon
|-supereffective|p1a: Hippowdon
|-damage|p1a: Hippowdon|0 fnt
|faint|p1a: Hippowdon
|
|-weather|Sandstorm|[upkeep]
|-damage|p2a: Ice drago|0 fnt|[from] Sandstorm
|faint|p2a: Ice drago
|upkeep
|
|t:|1743862470
|switch|p2a: Rotom|Rotom-Heat|7/100
|switch|p1a: Quagsire|Quagsire, M|76/100
|-damage|p2a: Rotom|0 fnt|[from] Stealth Rock
|faint|p2a: Rotom
|
|t:|1743862473
|switch|p2a: Tyranitar|Tyranitar, M|100/100
|-damage|p2a: Tyranitar|88/100|[from] Stealth Rock
|turn|21
|
|t:|1743862482
|move|p2a: Tyranitar|Outrage|p1a: Quagsire
|-damage|p1a: Quagsire|30/100
|move|p1a: Quagsire|Toxic|p2a: Tyranitar
|-status|p2a: Tyranitar|tox
|
|-weather|Sandstorm|[upkeep]
|-heal|p1a: Quagsire|36/100|[from] item: Leftovers
|-damage|p2a: Tyranitar|82/100 tox|[from] psn
|upkeep
|turn|22
|
|t:|1743862492
|move|p1a: Quagsire|Protect|p1a: Quagsire
|-singleturn|p1a: Quagsire|Protect
|move|p2a: Tyranitar|Outrage|p1a: Quagsire|[from] lockedmove
|-activate|p1a: Quagsire|move: Protect
|
|-weather|Sandstorm|[upkeep]
|-heal|p1a: Quagsire|42/100|[from] item: Leftovers
|-damage|p2a: Tyranitar|70/100 tox|[from] psn
|upkeep
|turn|23
|
|t:|1743862503
|move|p2a: Tyranitar|Outrage|p1a: Quagsire
|-damage|p1a: Quagsire|0 fnt
|faint|p1a: Quagsire
|
|-weather|Sandstorm|[upkeep]
|-damage|p2a: Tyranitar|51/100 tox|[from] psn
|upkeep
|
|t:|1743862510
|switch|p1a: Garganacl|Garganacl, M|16/100
|turn|24
|
|t:|1743862515
|move|p2a: Tyranitar|Outrage|p1a: Garganacl|[from] lockedmove
|-damage|p1a: Garganacl|0 fnt
|-damage|p2a: Tyranitar|34/100 tox|[from] item: Rocky Helmet|[of] p1a: Garganacl
|faint|p1a: Garganacl
|-start|p2a: Tyranitar|confusion|[fatigue]
|
|win|dr.wahwiee
|raw|Ruler of the Sand's rating: 1214 &rarr; <strong>1186</strong><br />(-28 for losing)
|raw|dr.wahwiee's rating: 1174 &rarr; <strong>1202</strong><br />(+28 for winning)
|l|☆dr.wahwiee
|player|p2|
|c|☆Ruler of the Sand|Gg
|l|☆Ruler of the Sand
|player|p1|
