|j|☆xqunzz
|j|☆thesuituser
|t:|1743788795
|gametype|singles
|player|p1|xqunzz|n|1024
|player|p2|thesuituser|102|1001
|teamsize|p1|6
|teamsize|p2|6
|gen|9
|tier|[Gen 9] OU
|rated|
|rule|HP Percentage Mod: HP is shown in percentages
|rule|Endless Battle Clause: Forcing endless battles is banned
|rule|Species Clause: Limit one of each Pokémon
|rule|OHKO Clause: OHKO moves are banned
|rule|Evasion Items Clause: Evasion items are banned
|rule|Evasion Moves Clause: Evasion moves are banned
|rule|Sleep Moves Clause: Sleep-inducing moves are banned
|clearpoke
|poke|p1|Basculin-Blue-Striped, M|
|poke|p1|Clodsire, M|
|poke|p1|Clefable, M|
|poke|p1|Krookodile, M|
|poke|p1|Rotom-Frost|
|poke|p1|Kingambit, F|
|poke|p2|Rotom-Wash|
|poke|p2|Gallade, M|
|poke|p2|Gholdengo|
|poke|p2|Gliscor, M|
|poke|p2|Deoxys-Speed|
|poke|p2|Serperior, M|
|teampreview
|
|t:|1743788807
|start
|switch|p1a: Clefable|Clefable, M|100/100
|switch|p2a: Rotom|Rotom-Wash, shiny|100/100
|turn|1
|
|t:|1743788814
|move|p2a: Rotom|Will-O-Wisp|p1a: Clefable|[miss]
|-miss|p2a: Rotom|p1a: Clefable
|move|p1a: Clefable|Stealth Rock|p2a: Rotom
|-sidestart|p2: thesuituser|move: Stealth Rock
|
|upkeep
|turn|2
|
|t:|1743788826
|switch|p1a: Krookodile|Krookodile, M|100/100
|move|p2a: Rotom|Thunderbolt|p1a: Krookodile
|-immune|p1a: Krookodile
|
|upkeep
|turn|3
|
|t:|1743788837
|move|p1a: Krookodile|Knock Off|p2a: Rotom
|-damage|p2a: Rotom|2/100
|-enditem|p2a: Rotom|Leftovers|[from] move: Knock Off|[of] p1a: Krookodile
|move|p2a: Rotom|Will-O-Wisp|p1a: Krookodile
|-status|p1a: Krookodile|brn
|
|-damage|p1a: Krookodile|94/100 brn|[from] brn
|upkeep
|turn|4
|
|t:|1743788852
|move|p1a: Krookodile|Knock Off|p2a: Rotom
|-damage|p2a: Rotom|0 fnt
|faint|p2a: Rotom
|-ability|p1a: Krookodile|Moxie|boost
|-boost|p1a: Krookodile|atk|1
|
|-damage|p1a: Krookodile|88/100 brn|[from] brn
|upkeep
|
|t:|1743788864
|switch|p2a: Serperior|Serperior, M, shiny|100/100
|-damage|p2a: Serperior|88/100|[from] Stealth Rock
|turn|5
|
|t:|1743788869
|move|p2a: Serperior|Leaf Storm|p1a: Krookodile|[miss]
|-miss|p2a: Serperior|p1a: Krookodile
|move|p1a: Krookodile|Knock Off|p2a: Serperior
|-damage|p2a: Serperior|22/100
|-enditem|p2a: Serperior|Leftovers|[from] move: Knock Off|[of] p1a: Krookodile
|
|-damage|p1a: Krookodile|82/100 brn|[from] brn
|upkeep
|turn|6
|
|t:|1743788878
|switch|p1a: Clefable|Clefable, M|100/100
|move|p2a: Serperior|Leaf Storm|p1a: Clefable
|-damage|p1a: Clefable|68/100
|-boost|p2a: Serperior|spa|2
|
|-heal|p1a: Clefable|74/100|[from] item: Leftovers
|upkeep
|turn|7
|
|t:|1743788887
|move|p2a: Serperior|Leaf Storm|p1a: Clefable
|-damage|p1a: Clefable|16/100
|-boost|p2a: Serperior|spa|2
|move|p1a: Clefable|Moonblast|p2a: Serperior
|-damage|p2a: Serperior|0 fnt
|faint|p2a: Serperior
|
|-heal|p1a: Clefable|22/100|[from] item: Leftovers
|upkeep
|
|t:|1743788898
|switch|p2a: Gliscor|Gliscor, M, shiny|100/100
|-damage|p2a: Gliscor|88/100|[from] Stealth Rock
|turn|8
|
|t:|1743788905
|move|p2a: Gliscor|Swords Dance|p2a: Gliscor
|-boost|p2a: Gliscor|atk|2
|move|p1a: Clefable|Moonlight|p1a: Clefable
|-heal|p1a: Clefable|72/100
|
|-heal|p1a: Clefable|78/100|[from] item: Leftovers
|-status|p2a: Gliscor|tox|[from] item: Toxic Orb
|upkeep
|turn|9
|
|t:|1743788918
|switch|p1a: Basculin|Basculin-Blue-Striped, M|100/100
|move|p2a: Gliscor|Facade|p1a: Basculin
|-damage|p1a: Basculin|0 fnt
|faint|p1a: Basculin
|
|-heal|p2a: Gliscor|100/100 tox|[from] ability: Poison Heal
|upkeep
|
|t:|1743788931
|switch|p1a: Rotom|Rotom-Frost|100/100
|turn|10
|
|t:|1743788936
|move|p2a: Gliscor|Facade|p1a: Rotom
|-damage|p1a: Rotom|4/100
|move|p1a: Rotom|Nasty Plot|p1a: Rotom
|-boost|p1a: Rotom|spa|2
|
|upkeep
|turn|11
|
|t:|1743788945
|move|p2a: Gliscor|Facade|p1a: Rotom
|-damage|p1a: Rotom|0 fnt
|faint|p1a: Rotom
|
|upkeep
|
|t:|1743788960
|switch|p1a: Krookodile|Krookodile, M|82/100 brn
|turn|12
|
|t:|1743788973
|move|p2a: Gliscor|Facade|p1a: Krookodile
|-damage|p1a: Krookodile|0 fnt
|faint|p1a: Krookodile
|
|upkeep
|
|t:|1743788977
|switch|p1a: Clefable|Clefable, M|78/100
|turn|13
|
|t:|1743788981
|move|p2a: Gliscor|Facade|p1a: Clefable
|-damage|p1a: Clefable|0 fnt
|faint|p1a: Clefable
|
|upkeep
|
|t:|1743788986
|switch|p1a: Clodsire|Clodsire, M|100/100
|turn|14
|
|t:|1743788993
|move|p2a: Gliscor|Facade|p1a: Clodsire
|-damage|p1a: Clodsire|34/100
|move|p1a: Clodsire|Recover|p1a: Clodsire
|-heal|p1a: Clodsire|85/100
|
|upkeep
|turn|15
|
|t:|1743789001
|move|p2a: Gliscor|Earthquake|p1a: Clodsire
|-supereffective|p1a: Clodsire
|-damage|p1a: Clodsire|0 fnt
|faint|p1a: Clodsire
|
|upkeep
|
|t:|1743789006
|switch|p1a: Kingambit|Kingambit, F|100/100
|-activate|p1a: Kingambit|ability: Supreme Overlord
|-start|p1a: Kingambit|fallen5|[silent]
|turn|16
|
|t:|1743789014
|move|p1a: Kingambit|Sucker Punch|p2a: Gliscor
|-damage|p2a: Gliscor|34/100 tox
|move|p2a: Gliscor|Earthquake|p1a: Kingambit
|-supereffective|p1a: Kingambit
|-damage|p1a: Kingambit|0 fnt
|faint|p1a: Kingambit
|-end|p1a: Kingambit|fallen5|[silent]
|
|win|thesuituser
|raw|xqunzz's rating: 1024 &rarr; <strong>1010</strong><br />(-14 for losing)
|raw|thesuituser's rating: 1001 &rarr; <strong>1043</strong><br />(+42 for winning)
|l|☆xqunzz
|player|p1|
