|j|☆bobnir
|j|☆Lilligantlover3
|t:|1743811351
|gametype|singles
|player|p1|bobnir|dawn|1077
|player|p2|Lilligantlover3|hilbert|1058
|teamsize|p1|6
|teamsize|p2|6
|gen|9
|tier|[Gen 9] OU
|rated|
|rule|HP Percentage Mod: HP is shown in percentages
|rule|Endless Battle Clause: Forcing endless battles is banned
|rule|Species Clause: Limit one of each Pokémon
|rule|OHKO Clause: OHKO moves are banned
|rule|Evasion Items Clause: Evasion items are banned
|rule|Evasion Moves Clause: Evasion moves are banned
|rule|Sleep Moves Clause: Sleep-inducing moves are banned
|clearpoke
|poke|p1|Porygon-Z|
|poke|p1|Delibird, M|
|poke|p1|Breloom, F|
|poke|p1|Torterra, M|
|poke|p1|Tentacruel, M|
|poke|p1|Malamar, M|
|poke|p2|Weavile, F|
|poke|p2|Deoxys-Speed|
|poke|p2|Iron Valiant|
|poke|p2|Dragapult, M|
|poke|p2|Gholdengo|
|poke|p2|Slowking-Galar, M|
|teampreview
|inactive|Battle timer is ON: inactive players will automatically lose when time's up. (requested by Lilligantlover3)
|
|t:|1743811370
|start
|switch|p1a: Tentacruel|Tentacruel, M|100/100
|switch|p2a: Deoxys|Deoxys-Speed|100/100
|-ability|p2a: Deoxys|Pressure
|turn|1
|
|t:|1743811382
|move|p2a: Deoxys|Taunt|p1a: Tentacruel
|-start|p1a: Tentacruel|move: Taunt
|cant|p1a: Tentacruel|move: Taunt|Toxic Spikes
|
|upkeep
|turn|2
|
|t:|1743811386
|move|p2a: Deoxys|Spikes|p1a: Tentacruel
|-sidestart|p1: bobnir|Spikes
|move|p1a: Tentacruel|Hex|p2a: Deoxys
|-supereffective|p2a: Deoxys
|-damage|p2a: Deoxys|58/100
|
|upkeep
|turn|3
|
|t:|1743811395
|switch|p2a: Gholdengo|Gholdengo|100/100
|-item|p2a: Gholdengo|Air Balloon
|move|p1a: Tentacruel|Hex|p2a: Gholdengo
|-supereffective|p2a: Gholdengo
|-damage|p2a: Gholdengo|60/100
|-enditem|p2a: Gholdengo|Air Balloon
|
|-end|p1a: Tentacruel|move: Taunt
|upkeep
|turn|4
|
|t:|1743811404
|move|p1a: Tentacruel|Hex|p2a: Gholdengo
|-supereffective|p2a: Gholdengo
|-damage|p2a: Gholdengo|23/100
|move|p2a: Gholdengo|Psyshock|p1a: Tentacruel
|-supereffective|p1a: Tentacruel
|-damage|p1a: Tentacruel|11/100
|
|-heal|p1a: Tentacruel|17/100|[from] item: Leftovers
|upkeep
|turn|5
|
|t:|1743811412
|move|p1a: Tentacruel|Hex|p2a: Gholdengo
|-supereffective|p2a: Gholdengo
|-damage|p2a: Gholdengo|0 fnt
|faint|p2a: Gholdengo
|
|-heal|p1a: Tentacruel|23/100|[from] item: Leftovers
|upkeep
|
|t:|1743811414
|switch|p2a: Deoxys|Deoxys-Speed|58/100
|-ability|p2a: Deoxys|Pressure
|turn|6
|
|t:|1743811420
|move|p2a: Deoxys|Psychic Noise|p1a: Tentacruel
|-supereffective|p1a: Tentacruel
|-damage|p1a: Tentacruel|0 fnt
|faint|p1a: Tentacruel
|
|upkeep
|
|t:|1743811432
|switch|p1a: Ragebaiter|Delibird, M|100/100
|turn|7
|
|t:|1743811436
|move|p2a: Deoxys|Spikes|p1a: Ragebaiter
|-sidestart|p1: bobnir|Spikes
|move|p1a: Ragebaiter|Tailwind|p1a: Ragebaiter
|-sidestart|p1: bobnir|move: Tailwind
|
|upkeep
|turn|8
|
|t:|1743811442
|move|p1a: Ragebaiter|Haze|p1a: Ragebaiter
|-clearallboost
|move|p2a: Deoxys|Taunt|p1a: Ragebaiter
|-start|p1a: Ragebaiter|move: Taunt
|
|upkeep
|turn|9
|
|t:|1743811455
|switch|p1a: Malamar|Malamar, M|100/100
|-damage|p1a: Malamar|84/100|[from] Spikes
|move|p2a: Deoxys|Spikes|p1a: Malamar
|-sidestart|p1: bobnir|Spikes
|
|upkeep
|turn|10
|
|t:|1743811466
|move|p1a: Malamar|Knock Off|p2a: Deoxys
|-supereffective|p2a: Deoxys
|-enditem|p2a: Deoxys|Colbur Berry|[eat]
|-enditem|p2a: Deoxys|Colbur Berry|[weaken]
|-damage|p2a: Deoxys|16/100
|move|p2a: Deoxys|Knock Off|p1a: Malamar
|-damage|p1a: Malamar|62/100
|-enditem|p1a: Malamar|Choice Scarf|[from] move: Knock Off|[of] p2a: Deoxys
|
|-sideend|p1: bobnir|move: Tailwind
|upkeep
|turn|11
|
|t:|1743811477
|move|p2a: Deoxys|Spikes||[still]
|-fail|p2a: Deoxys
|move|p1a: Malamar|Knock Off|p2a: Deoxys
|-supereffective|p2a: Deoxys
|-damage|p2a: Deoxys|0 fnt
|faint|p2a: Deoxys
|
|upkeep
|
|t:|1743811481
|switch|p2a: Dragapult|Dragapult, M|100/100
|turn|12
|
|t:|1743811500
|move|p2a: Dragapult|U-turn|p1a: Malamar
|-supereffective|p1a: Malamar
|-damage|p1a: Malamar|0 fnt
|faint|p1a: Malamar
|
|t:|1743811502
|switch|p2a: Weavile|Weavile, F|100/100|[from] U-turn
|-ability|p2a: Weavile|Pressure
|
|upkeep
|
|t:|1743811511
|switch|p1a: Ragebaiter|Delibird, M|100/100
|turn|13
|
|t:|1743811517
|move|p2a: Weavile|Triple Axel|p1a: Ragebaiter
|-damage|p1a: Ragebaiter|77/100
|-hitcount|p1a: Ragebaiter|1
|move|p1a: Ragebaiter|Tailwind|p1a: Ragebaiter
|-sidestart|p1: bobnir|move: Tailwind
|
|upkeep
|turn|14
|
|t:|1743811523
|move|p1a: Ragebaiter|Destiny Bond|p1a: Ragebaiter
|-singlemove|p1a: Ragebaiter|Destiny Bond
|move|p2a: Weavile|Swords Dance|p2a: Weavile
|-boost|p2a: Weavile|atk|2
|
|upkeep
|turn|15
|
|t:|1743811528
|switch|p2a: Slowking|Slowking-Galar, M|100/100
|move|p1a: Ragebaiter|Protect||[still]
|-fail|p1a: Ragebaiter
|
|upkeep
|turn|16
|
|t:|1743811534
|move|p1a: Ragebaiter|Haze|p1a: Ragebaiter
|-clearallboost
|move|p2a: Slowking|Thunder Wave|p1a: Ragebaiter
|-status|p1a: Ragebaiter|par
|
|-sideend|p1: bobnir|move: Tailwind
|upkeep
|turn|17
|
|t:|1743811543
|move|p1a: Ragebaiter|Tailwind|p1a: Ragebaiter
|-sidestart|p1: bobnir|move: Tailwind
|move|p2a: Slowking|Future Sight|p1a: Ragebaiter
|-start|p2a: Slowking|move: Future Sight
|
|upkeep
|turn|18
|
|t:|1743811549
|switch|p1a: Goat|Torterra, M|100/100
|-damage|p1a: Goat|76/100|[from] Spikes
|move|p2a: Slowking|Sludge Bomb|p1a: Goat
|-damage|p1a: Goat|36/100
|
|upkeep
|turn|19
|
|t:|1743811566
|move|p1a: Goat|Shell Smash|p1a: Goat
|-unboost|p1a: Goat|def|1
|-unboost|p1a: Goat|spd|1
|-boost|p1a: Goat|atk|2
|-boost|p1a: Goat|spa|2
|-boost|p1a: Goat|spe|2
|-prepare|p2a: Slowking|Chilly Reception|[premajor]
|move|p2a: Slowking|Chilly Reception|p2a: Slowking
|-weather|Snowscape
|
|t:|1743811575
|switch|p2a: Dragapult|Dragapult, M|100/100|[from] Chilly Reception
|
|-weather|Snowscape|[upkeep]
|-end|p1a: Goat|move: Future Sight
|-damage|p1a: Goat|0 fnt
|faint|p1a: Goat
|upkeep
|-message|bobnir forfeited.
|
|win|Lilligantlover3
|raw|bobnir's rating: 1077 &rarr; <strong>1054</strong><br />(-23 for losing)
|raw|Lilligantlover3's rating: 1058 &rarr; <strong>1091</strong><br />(+33 for winning)
|l|☆bobnir
|player|p1|
|l|☆Lilligantlover3
|player|p2|
