|j|☆piikaachuuu
|j|☆Qwertymagic651
|t:|1743936826
|gametype|singles
|player|p1|piikaachuuu|hilbert|1235
|player|p2|Qwertymagic651|waiter-gen4dp|1246
|teamsize|p1|6
|teamsize|p2|6
|gen|9
|tier|[Gen 9] OU
|rated|
|rule|HP Percentage Mod: HP is shown in percentages
|rule|Endless Battle Clause: Forcing endless battles is banned
|rule|Species Clause: Limit one of each Pokémon
|rule|OHKO Clause: OHKO moves are banned
|rule|Evasion Items Clause: Evasion items are banned
|rule|Evasion Moves Clause: Evasion moves are banned
|rule|Sleep Moves Clause: Sleep-inducing moves are banned
|clearpoke
|poke|p1|Crabominable, F|
|poke|p1|Clawitzer, F|
|poke|p1|Crawdaunt, M|
|poke|p1|Klawf, M|
|poke|p1|Iron Moth|
|poke|p1|Forretress, F|
|poke|p2|Dragapult, F|
|poke|p2|Rotom-Wash|
|poke|p2|Landorus-Therian, M|
|poke|p2|Clefable, M|
|poke|p2|Zamazenta-*|
|poke|p2|Samurott-Hisui, M|
|teampreview
|inactive|Battle timer is ON: inactive players will automatically lose when time's up. (requested by Qwertymagic651)
|
|t:|1743936841
|start
|switch|p1a: Forretress|Forretress, F|100/100
|switch|p2a: Rotom|Rotom-Wash|100/100
|turn|1
|c|☆piikaachuuu|CRAB
|
|t:|1743936850
|move|p2a: Rotom|Hydro Pump|p1a: Forretress
|-damage|p1a: Forretress|62/100
|move|p1a: Forretress|Stealth Rock|p2a: Rotom
|-sidestart|p2: Qwertymagic651|move: Stealth Rock
|
|-heal|p1a: Forretress|68/100|[from] item: Leftovers
|upkeep
|turn|2
|
|t:|1743936860
|move|p2a: Rotom|Volt Switch|p1a: Forretress
|-damage|p1a: Forretress|42/100
|
|t:|1743936867
|switch|p2a: Dragapult|Dragapult, F|100/100|[from] Volt Switch
|move|p1a: Forretress|Body Press|p2a: Dragapult
|-immune|p2a: Dragapult
|
|-heal|p1a: Forretress|48/100|[from] item: Leftovers
|upkeep
|turn|3
|
|t:|1743936882
|switch|p1a: Crawdaunt|Crawdaunt, M|100/100
|move|p2a: Dragapult|Will-O-Wisp|p1a: Crawdaunt
|-status|p1a: Crawdaunt|brn
|
|-damage|p1a: Crawdaunt|95/100 brn|[from] brn
|upkeep
|turn|4
|
|t:|1743936893
|move|p2a: Dragapult|U-turn|p1a: Crawdaunt
|-supereffective|p1a: Crawdaunt
|-crit|p1a: Crawdaunt
|-damage|p1a: Crawdaunt|2/100 brn
|
|t:|1743936901
|switch|p2a: Clefable|Clefable, M|100/100|[from] U-turn
|move|p1a: Crawdaunt|Knock Off|p2a: Clefable
|-resisted|p2a: Clefable
|-damage|p2a: Clefable|86/100
|-enditem|p2a: Clefable|Sticky Barb|[from] move: Knock Off|[of] p1a: Crawdaunt
|
|-heal|p1a: Crawdaunt|8/100 brn|[from] item: Leftovers
|-damage|p1a: Crawdaunt|2/100 brn|[from] brn
|upkeep
|turn|5
|
|t:|1743936915
|move|p1a: Crawdaunt|Crabhammer|p2a: Clefable
|-damage|p2a: Clefable|60/100
|move|p2a: Clefable|Moonblast|p1a: Crawdaunt
|-supereffective|p1a: Crawdaunt
|-damage|p1a: Crawdaunt|0 fnt
|faint|p1a: Crawdaunt
|
|upkeep
|
|t:|1743936922
|switch|p1a: Forretress|Forretress, F|48/100
|turn|6
|
|t:|1743936925
|move|p2a: Clefable|Flamethrower|p1a: Forretress
|-supereffective|p1a: Forretress
|-damage|p1a: Forretress|0 fnt
|faint|p1a: Forretress
|
|upkeep
|
|t:|1743936933
|switch|p1a: Iron Moth|Iron Moth|100/100
|-enditem|p1a: Iron Moth|Booster Energy
|-activate|p1a: Iron Moth|ability: Quark Drive|[fromitem]
|-start|p1a: Iron Moth|quarkdrivespa
|turn|7
|
|t:|1743936939
|switch|p2a: Landorus|Landorus-Therian, M|100/100
|-damage|p2a: Landorus|88/100|[from] Stealth Rock
|-ability|p2a: Landorus|Intimidate|boost
|-unboost|p1a: Iron Moth|atk|1
|move|p1a: Iron Moth|Fiery Dance|p2a: Landorus
|-damage|p2a: Landorus|13/100
|-boost|p1a: Iron Moth|spa|1
|
|upkeep
|turn|8
|
|t:|1743936949
|move|p1a: Iron Moth|Fiery Dance|p2a: Landorus
|-damage|p2a: Landorus|0 fnt
|faint|p2a: Landorus
|
|upkeep
|
|t:|1743936958
|switch|p2a: Dragapult|Dragapult, F|100/100
|turn|9
|
|t:|1743936962
|move|p2a: Dragapult|Dragon Darts|p1a: Iron Moth
|-damage|p1a: Iron Moth|66/100
|-anim|p2a: Dragapult|Dragon Darts|p1a: Iron Moth
|-damage|p1a: Iron Moth|29/100
|move|p1a: Iron Moth|Sludge Wave|p2a: Dragapult
|-resisted|p2a: Dragapult
|-damage|p2a: Dragapult|13/100
|
|upkeep
|turn|10
|
|t:|1743936973
|move|p2a: Dragapult|Dragon Darts|p1a: Iron Moth
|-damage|p1a: Iron Moth|0 fnt
|faint|p1a: Iron Moth
|-end|p1a: Iron Moth|Quark Drive|[silent]
|
|upkeep
|
|t:|1743936982
|switch|p1a: Clawitzer|Clawitzer, F, shiny|100/100
|turn|11
|
|t:|1743936997
|move|p2a: Dragapult|U-turn|p1a: Clawitzer
|-damage|p1a: Clawitzer|78/100
|
|t:|1743937000
|switch|p2a: Rotom|Rotom-Wash|100/100|[from] U-turn
|-damage|p2a: Rotom|88/100|[from] Stealth Rock
|move|p1a: Clawitzer|Water Pulse|p2a: Rotom
|-resisted|p2a: Rotom
|-damage|p2a: Rotom|52/100
|
|-heal|p2a: Rotom|58/100|[from] item: Leftovers
|upkeep
|turn|12
|
|t:|1743937008
|switch|p1a: Crabominable|Crabominable, F|100/100
|move|p2a: Rotom|Volt Switch|p1a: Crabominable
|-damage|p1a: Crabominable|71/100
|
|t:|1743937013
|switch|p2a: Dragapult|Dragapult, F|13/100|[from] Volt Switch
|
|upkeep
|turn|13
|
|t:|1743937020
|switch|p1a: Clawitzer|Clawitzer, F, shiny|78/100
|move|p2a: Dragapult|Will-O-Wisp|p1a: Clawitzer
|-status|p1a: Clawitzer|brn
|
|-damage|p1a: Clawitzer|72/100 brn|[from] brn
|upkeep
|turn|14
|
|t:|1743937033
|move|p2a: Dragapult|Hex|p1a: Clawitzer
|-damage|p1a: Clawitzer|17/100 brn
|move|p1a: Clawitzer|Dragon Pulse|p2a: Dragapult
|-supereffective|p2a: Dragapult
|-damage|p2a: Dragapult|0 fnt
|faint|p2a: Dragapult
|
|-damage|p1a: Clawitzer|11/100 brn|[from] brn
|upkeep
|inactive|Qwertymagic651 has 120 seconds left.
|
|t:|1743937059
|switch|p2a: Samurott|Samurott-Hisui, M|100/100
|turn|15
|
|t:|1743937063
|move|p2a: Samurott|Ceaseless Edge|p1a: Clawitzer
|-damage|p1a: Clawitzer|0 fnt
|-sidestart|p1: piikaachuuu|Spikes
|faint|p1a: Clawitzer
|
|upkeep
|
|t:|1743937071
|switch|p1a: Crabominable|Crabominable, F|71/100
|-damage|p1a: Crabominable|59/100|[from] Spikes
|turn|16
|
|t:|1743937080
|switch|p2a: Zamazenta|Zamazenta|100/100
|-damage|p2a: Zamazenta|94/100|[from] Stealth Rock
|-ability|p2a: Zamazenta|Dauntless Shield|boost
|-boost|p2a: Zamazenta|def|1
|move|p1a: Crabominable|Bulk Up|p1a: Crabominable
|-boost|p1a: Crabominable|atk|1
|-boost|p1a: Crabominable|def|1
|
|upkeep
|turn|17
|
|t:|1743937088
|move|p2a: Zamazenta|Close Combat|p1a: Crabominable
|-supereffective|p1a: Crabominable
|-damage|p1a: Crabominable|0 fnt
|-unboost|p2a: Zamazenta|def|1
|-unboost|p2a: Zamazenta|spd|1
|faint|p1a: Crabominable
|-damage|p2a: Zamazenta|84/100|[from] item: Life Orb
|
|upkeep
|
|t:|1743937091
|switch|p1a: Klawf|Klawf, M|100/100
|-damage|p1a: Klawf|88/100|[from] Spikes
|turn|18
|
|t:|1743937098
|-terastallize|p1a: Klawf|Ground
|move|p2a: Zamazenta|Close Combat|p1a: Klawf
|-damage|p1a: Klawf|24/100
|-unboost|p2a: Zamazenta|def|1
|-unboost|p2a: Zamazenta|spd|1
|-ability|p1a: Klawf|Anger Shell|boost
|-boost|p1a: Klawf|atk|1
|-boost|p1a: Klawf|spa|1
|-boost|p1a: Klawf|spe|1
|-unboost|p1a: Klawf|def|1
|-unboost|p1a: Klawf|spd|1
|-damage|p2a: Zamazenta|75/100|[from] item: Life Orb
|-enditem|p1a: Klawf|White Herb
|-clearnegativeboost|p1a: Klawf|[silent]
|move|p1a: Klawf|Swords Dance|p1a: Klawf
|-boost|p1a: Klawf|atk|2
|
|upkeep
|turn|19
|
|t:|1743937119
|move|p2a: Zamazenta|Close Combat|p1a: Klawf
|-damage|p1a: Klawf|0 fnt
|-unboost|p2a: Zamazenta|def|1
|-unboost|p2a: Zamazenta|spd|1
|faint|p1a: Klawf
|-damage|p2a: Zamazenta|65/100|[from] item: Life Orb
|
|win|Qwertymagic651
|raw|piikaachuuu's rating: 1235 &rarr; <strong>1211</strong><br />(-24 for losing)
|raw|Qwertymagic651's rating: 1246 &rarr; <strong>1270</strong><br />(+24 for winning)
|l|☆Qwertymagic651
|player|p2|
|l|☆piikaachuuu
|player|p1|
