|j|☆Sans_The_Skelebone
|j|☆phoenix_76734
|t:|1743875316
|gametype|singles
|player|p1|Sans_The_Skelebone|dawn|1231
|player|p2|phoenix_76734|101|1206
|teamsize|p1|6
|teamsize|p2|6
|gen|9
|tier|[Gen 9] OU
|rated|
|rule|HP Percentage Mod: HP is shown in percentages
|rule|Endless Battle Clause: Forcing endless battles is banned
|rule|Species Clause: Limit one of each Pokémon
|rule|OHKO Clause: OHKO moves are banned
|rule|Evasion Items Clause: Evasion items are banned
|rule|Evasion Moves Clause: Evasion moves are banned
|rule|Sleep Moves Clause: Sleep-inducing moves are banned
|clearpoke
|poke|p1|Lycanroc, M|
|poke|p1|Kommo-o, M|
|poke|p1|Greninja-*, M|
|poke|p1|Dusknoir, F|
|poke|p1|Pawmot, M|
|poke|p1|Skeledirge, M|
|poke|p2|Meowscarada, M|
|poke|p2|Skeledirge, M|
|poke|p2|Slowking-Galar, M|
|poke|p2|Corviknight, M|
|poke|p2|Dondozo, M|
|poke|p2|Alomomola, F|
|teampreview
|
|t:|1743875328
|start
|switch|p1a: Lycanroc|Lycanroc, M|100/100
|switch|p2a: Alomomola|Alomomola, F|100/100
|turn|1
|
|t:|1743875334
|move|p1a: Lycanroc|Stealth Rock|p2a: Alomomola
|-sidestart|p2: phoenix_76734|move: Stealth Rock
|move|p2a: Alomomola|Flip Turn|p1a: Lycanroc
|-supereffective|p1a: Lycanroc
|-enditem|p1a: Lycanroc|Focus Sash
|-damage|p1a: Lycanroc|1/100
|
|t:|1743875350
|switch|p2a: Corviknight|Corviknight, M|100/100|[from] Flip Turn
|-damage|p2a: Corviknight|88/100|[from] Stealth Rock
|-ability|p2a: Corviknight|Pressure
|
|upkeep
|turn|2
|
|t:|1743875358
|move|p1a: Lycanroc|Endeavor|p2a: Corviknight
|-damage|p2a: Corviknight|1/100
|move|p2a: Corviknight|Body Press|p1a: Lycanroc
|-supereffective|p1a: Lycanroc
|-damage|p1a: Lycanroc|0 fnt
|faint|p1a: Lycanroc
|-heal|p2a: Corviknight|1/100|[from] item: Shell Bell|[of] p1: Lycanroc
|
|upkeep
|
|t:|1743875377
|switch|p1a: Pawmot|Pawmot, M|100/100
|turn|3
|
|t:|1743875396
|move|p1a: Pawmot|Mach Punch|p2a: Corviknight
|-damage|p2a: Corviknight|0 fnt
|faint|p2a: Corviknight
|
|upkeep
|
|t:|1743875401
|switch|p2a: Meowscarada|Meowscarada, M|100/100
|-damage|p2a: Meowscarada|88/100|[from] Stealth Rock
|turn|4
|
|t:|1743875410
|move|p1a: Pawmot|Close Combat|p2a: Meowscarada
|-supereffective|p2a: Meowscarada
|-damage|p2a: Meowscarada|0 fnt
|-unboost|p1a: Pawmot|def|1
|-unboost|p1a: Pawmot|spd|1
|faint|p2a: Meowscarada
|
|upkeep
|
|t:|1743875414
|switch|p2a: Slowking|Slowking-Galar, M|100/100
|-damage|p2a: Slowking|88/100|[from] Stealth Rock
|turn|5
|
|t:|1743875421
|move|p1a: Pawmot|Knock Off|p2a: Slowking
|-supereffective|p2a: Slowking
|-damage|p2a: Slowking|18/100
|-enditem|p2a: Slowking|Leftovers|[from] move: Knock Off|[of] p1a: Pawmot
|move|p2a: Slowking|Trick Room|p2a: Slowking
|-fieldstart|move: Trick Room|[of] p2a: Slowking
|
|upkeep
|turn|6
|
|t:|1743875446
|switch|p2a: Skeledirge|Skeledirge, M|100/100
|-damage|p2a: Skeledirge|75/100|[from] Stealth Rock
|move|p1a: Pawmot|Mach Punch|p2a: Skeledirge
|-immune|p2a: Skeledirge
|
|upkeep
|turn|7
|
|t:|1743875455
|-terastallize|p2a: Skeledirge|Fire
|move|p2a: Skeledirge|Torch Song|p1a: Pawmot
|-damage|p1a: Pawmot|0 fnt
|-boost|p2a: Skeledirge|spa|1
|faint|p1a: Pawmot
|-enditem|p2a: Skeledirge|Throat Spray
|-boost|p2a: Skeledirge|spa|1|[from] item: Throat Spray
|
|upkeep
|
|t:|1743875465
|switch|p1a: Greninja|Greninja, M|100/100
|turn|8
|
|t:|1743875475
|move|p1a: Greninja|Water Shuriken|p2a: Skeledirge
|-supereffective|p2a: Skeledirge
|-damage|p2a: Skeledirge|58/100
|-supereffective|p2a: Skeledirge
|-damage|p2a: Skeledirge|38/100
|-supereffective|p2a: Skeledirge
|-damage|p2a: Skeledirge|18/100
|-supereffective|p2a: Skeledirge
|-damage|p2a: Skeledirge|0 fnt
|faint|p2a: Skeledirge
|-ability|p1a: Greninja|Battle Bond|boost
|-boost|p1a: Greninja|atk|1
|-boost|p1a: Greninja|spa|1
|-boost|p1a: Greninja|spe|1
|-activate|p1a: Greninja|ability: Battle Bond
|-hitcount|p2: Skeledirge|4
|-damage|p1a: Greninja|91/100|[from] item: Life Orb
|
|upkeep
|c|☆phoenix_76734|what
|c|☆Sans_The_Skelebone|What's wrong?
|c|☆phoenix_76734|wait does water shuriken have priority
|c|☆Sans_The_Skelebone|Yeah
|c|☆phoenix_76734|how am i just finding this out
|
|t:|1743875562
|switch|p2a: Dondozo|Dondozo, M|100/100
|-damage|p2a: Dondozo|88/100|[from] Stealth Rock
|turn|9
|c|☆Sans_The_Skelebone|Tbf I didn't know it until I made this team
|
|t:|1743875575
|move|p2a: Dondozo|Curse|p2a: Dondozo
|-unboost|p2a: Dondozo|spe|1
|-boost|p2a: Dondozo|atk|1
|-boost|p2a: Dondozo|def|1
|move|p1a: Greninja|Dark Pulse|p2a: Dondozo
|-damage|p2a: Dondozo|40/100
|-damage|p1a: Greninja|81/100|[from] item: Life Orb
|
|-fieldend|move: Trick Room
|upkeep
|turn|10
|
|t:|1743875586
|move|p1a: Greninja|Dark Pulse|p2a: Dondozo
|-damage|p2a: Dondozo|0 fnt
|faint|p2a: Dondozo
|-damage|p1a: Greninja|71/100|[from] item: Life Orb
|
|upkeep
|
|t:|1743875591
|switch|p2a: Alomomola|Alomomola, F|100/100
|-damage|p2a: Alomomola|88/100|[from] Stealth Rock
|turn|11
|
|t:|1743875596
|move|p1a: Greninja|Dark Pulse|p2a: Alomomola
|-damage|p2a: Alomomola|9/100
|-damage|p1a: Greninja|61/100|[from] item: Life Orb
|move|p2a: Alomomola|Mirror Coat|p1a: Greninja
|-immune|p1a: Greninja
|
|-heal|p2a: Alomomola|15/100|[from] item: Leftovers
|upkeep
|turn|12
|c|☆phoenix_76734|gg
|c|☆Sans_The_Skelebone|ggs
|-message|phoenix_76734 forfeited.
|
|win|Sans_The_Skelebone
|raw|Sans_The_Skelebone's rating: 1231 &rarr; <strong>1254</strong><br />(+23 for winning)
|raw|phoenix_76734's rating: 1206 &rarr; <strong>1183</strong><br />(-23 for losing)
|l|☆phoenix_76734
|player|p2|
|c|☆Sans_The_Skelebone|Nemona team win!
|l|☆Sans_The_Skelebone
|player|p1|
