|j|☆lolcano46
|j|☆denomphenoms
|t:|1743805721
|gametype|singles
|player|p1|lolcano46|fisherman-gen4|1523
|player|p2|denomphenoms|102|1546
|teamsize|p1|6
|teamsize|p2|6
|gen|9
|tier|[Gen 9] OU
|rated|
|rule|HP Percentage Mod: HP is shown in percentages
|rule|Endless Battle Clause: Forcing endless battles is banned
|rule|Species Clause: Limit one of each Pokémon
|rule|OHKO Clause: OHKO moves are banned
|rule|Evasion Items Clause: Evasion items are banned
|rule|Evasion Moves Clause: Evasion moves are banned
|rule|Sleep Moves Clause: Sleep-inducing moves are banned
|clearpoke
|poke|p1|Azelf|
|poke|p1|Ogerpon-Wellspring, F|
|poke|p1|Scizor, F|
|poke|p1|Gengar, M|
|poke|p1|Raging Bolt|
|poke|p1|Cinderace, F|
|poke|p2|Dragonite, M|
|poke|p2|Slowking-Galar, F|
|poke|p2|Landorus-Therian, M|
|poke|p2|Iron Valiant|
|poke|p2|Cinderace, F|
|poke|p2|Kingambit, F|
|teampreview
|inactive|Battle timer is ON: inactive players will automatically lose when time's up. (requested by lolcano46)
|
|t:|1743805732
|start
|switch|p1a: Gengar|Gengar, M|100/100
|switch|p2a: Cinderace|Cinderace, F|100/100
|turn|1
|
|t:|1743805736
|switch|p2a: Kingambit|Kingambit, F|100/100
|move|p1a: Gengar|Thunder Wave|p2a: Kingambit
|-status|p2a: Kingambit|par
|
|upkeep
|turn|2
|
|t:|1743805744
|switch|p1a: Cinderace|Cinderace, F|100/100
|move|p2a: Kingambit|Kowtow Cleave|p1a: Cinderace
|-damage|p1a: Cinderace|28/100
|
|upkeep
|turn|3
|
|t:|1743805750
|-end|p2a: Kingambit|fallenundefined|[silent]
|switch|p2a: Landorus|Landorus-Therian, M|100/100
|-ability|p2a: Landorus|Intimidate|boost
|-unboost|p1a: Cinderace|atk|1
|move|p1a: Cinderace|Pyro Ball|p2a: Landorus
|-damage|p2a: Landorus|71/100
|
|upkeep
|turn|4
|
|t:|1743805757
|move|p1a: Cinderace|U-turn|p2a: Landorus
|-start|p1a: Cinderace|typechange|Bug|[from] ability: Libero
|-resisted|p2a: Landorus
|-damage|p2a: Landorus|62/100
|-damage|p1a: Cinderace|12/100|[from] item: Rocky Helmet|[of] p2a: Landorus
|
|t:|1743805762
|switch|p1a: Azelf|Azelf|100/100|[from] U-turn
|move|p2a: Landorus|Stealth Rock|p1a: Azelf
|-sidestart|p1: lolcano46|move: Stealth Rock
|
|upkeep
|turn|5
|
|t:|1743805771
|move|p1a: Azelf|Psychic|p2a: Landorus
|-damage|p2a: Landorus|11/100
|move|p2a: Landorus|U-turn|p1a: Azelf
|-supereffective|p1a: Azelf
|-damage|p1a: Azelf|35/100
|
|t:|1743805773
|switch|p2a: Kingambit|Kingambit, F|100/100 par|[from] U-turn
|
|upkeep
|turn|6
|
|t:|1743805781
|move|p2a: Kingambit|Sucker Punch|p1a: Azelf
|-supereffective|p1a: Azelf
|-damage|p1a: Azelf|0 fnt
|faint|p1a: Azelf
|
|upkeep
|
|t:|1743805783
|switch|p1a: Cinderace|Cinderace, F|12/100
|turn|7
|
|t:|1743805788
|cant|p2a: Kingambit|par
|move|p1a: Cinderace|Court Change|p1a: Cinderace
|-start|p1a: Cinderace|typechange|Normal|[from] ability: Libero
|-swapsideconditions
|-activate|p1a: Cinderace|move: Court Change
|
|upkeep
|turn|8
|
|t:|1743805796
|switch|p1a: Gengar|Gengar, M|100/100
|-end|p2a: Kingambit|fallenundefined|[silent]
|switch|p2a: Landorus|Landorus-Therian, M|11/100
|-damage|p2a: Landorus|0 fnt|[from] Stealth Rock
|faint|p2a: Landorus
|
|upkeep
|
|t:|1743805800
|switch|p2a: Kingambit|Kingambit, F|100/100 par
|-damage|p2a: Kingambit|94/100 par|[from] Stealth Rock
|-activate|p2a: Kingambit|ability: Supreme Overlord
|-start|p2a: Kingambit|fallen1|[silent]
|turn|9
|
|t:|1743805807
|move|p1a: Gengar|Trick|p2a: Kingambit
|-activate|p1a: Gengar|move: Trick|[of] p2a: Kingambit
|-item|p2a: Kingambit|Choice Scarf|[from] move: Trick
|-item|p1a: Gengar|Leftovers|[from] move: Trick
|move|p2a: Kingambit|Kowtow Cleave|p1a: Gengar
|-supereffective|p1a: Gengar
|-damage|p1a: Gengar|0 fnt
|faint|p1a: Gengar
|
|upkeep
|
|t:|1743805814
|switch|p1a: Raging Bolt|Raging Bolt|100/100
|-enditem|p1a: Raging Bolt|Booster Energy
|-activate|p1a: Raging Bolt|ability: Protosynthesis|[fromitem]
|-start|p1a: Raging Bolt|protosynthesisspa
|turn|10
|
|t:|1743805820
|move|p1a: Raging Bolt|Thunderbolt|p2a: Kingambit
|-damage|p2a: Kingambit|21/100 par
|move|p2a: Kingambit|Kowtow Cleave|p1a: Raging Bolt
|-crit|p1a: Raging Bolt
|-damage|p1a: Raging Bolt|16/100
|
|upkeep
|turn|11
|
|t:|1743805831
|move|p1a: Raging Bolt|Thunderbolt|p2a: Kingambit
|-damage|p2a: Kingambit|0 fnt
|faint|p2a: Kingambit
|-end|p2a: Kingambit|fallen1|[silent]
|
|upkeep
|
|t:|1743805842
|switch|p2a: Cinderace|Cinderace, F|100/100
|turn|12
|
|t:|1743805846
|move|p1a: Raging Bolt|Thunderclap||[still]
|-fail|p1a: Raging Bolt
|move|p2a: Cinderace|Court Change|p2a: Cinderace
|-start|p2a: Cinderace|typechange|Normal|[from] ability: Libero
|-swapsideconditions
|-activate|p2a: Cinderace|move: Court Change
|
|upkeep
|turn|13
|
|t:|1743805851
|move|p1a: Raging Bolt|Thunderclap|p2a: Cinderace
|-damage|p2a: Cinderace|22/100
|move|p2a: Cinderace|U-turn|p1a: Raging Bolt
|-crit|p1a: Raging Bolt
|-damage|p1a: Raging Bolt|0 fnt
|faint|p1a: Raging Bolt
|-end|p1a: Raging Bolt|Protosynthesis|[silent]
|
|t:|1743805881
|switch|p2a: Iron Valiant|Iron Valiant|100/100|[from] U-turn
|-enditem|p2a: Iron Valiant|Booster Energy
|-activate|p2a: Iron Valiant|ability: Quark Drive|[fromitem]
|-start|p2a: Iron Valiant|quarkdrivespe
|
|upkeep
|
|t:|1743805894
|switch|p1a: Scizor|Scizor, F|100/100
|-damage|p1a: Scizor|88/100|[from] Stealth Rock
|turn|14
|
|t:|1743805900
|-end|p2a: Iron Valiant|Quark Drive|[silent]
|switch|p2a: Slowking|Slowking-Galar, F|100/100
|move|p1a: Scizor|Bullet Punch|p2a: Slowking
|-crit|p2a: Slowking
|-damage|p2a: Slowking|37/100
|
|upkeep
|turn|15
|
|t:|1743805911
|-terastallize|p2a: Slowking|Water
|move|p1a: Scizor|Knock Off|p2a: Slowking
|-damage|p2a: Slowking|0 fnt
|-enditem|p2a: Slowking|Heavy-Duty Boots|[from] move: Knock Off|[of] p1a: Scizor
|faint|p2a: Slowking
|
|upkeep
|
|t:|1743805916
|switch|p2a: Cinderace|Cinderace, F|22/100
|turn|16
|
|t:|1743805921
|move|p1a: Scizor|Bullet Punch|p2a: Cinderace
|-resisted|p2a: Cinderace
|-crit|p2a: Cinderace
|-damage|p2a: Cinderace|0 fnt
|faint|p2a: Cinderace
|
|upkeep
|
|t:|1743805925
|switch|p2a: Dragonite|Dragonite, M|100/100
|turn|17
|
|t:|1743805929
|move|p1a: Scizor|Bullet Punch|p2a: Dragonite
|-damage|p2a: Dragonite|79/100
|move|p2a: Dragonite|Earthquake|p1a: Scizor
|-damage|p1a: Scizor|49/100
|
|upkeep
|turn|18
|
|t:|1743805935
|move|p1a: Scizor|Bullet Punch|p2a: Dragonite
|-damage|p2a: Dragonite|39/100
|move|p2a: Dragonite|Earthquake|p1a: Scizor
|-damage|p1a: Scizor|4/100
|
|upkeep
|turn|19
|
|t:|1743805941
|move|p2a: Dragonite|Extreme Speed|p1a: Scizor
|-resisted|p1a: Scizor
|-damage|p1a: Scizor|0 fnt
|faint|p1a: Scizor
|
|upkeep
|
|t:|1743805943
|switch|p1a: Ogerpon|Ogerpon-Wellspring, F|100/100
|-damage|p1a: Ogerpon|88/100|[from] Stealth Rock
|turn|20
|
|t:|1743805956
|move|p2a: Dragonite|Extreme Speed|p1a: Ogerpon
|-damage|p1a: Ogerpon|45/100
|move|p1a: Ogerpon|Play Rough|p2a: Dragonite
|-supereffective|p2a: Dragonite
|-damage|p2a: Dragonite|0 fnt
|faint|p2a: Dragonite
|
|upkeep
|
|t:|1743805960
|switch|p2a: Iron Valiant|Iron Valiant|100/100
|turn|21
|
|t:|1743805964
|move|p2a: Iron Valiant|Moonblast|p1a: Ogerpon
|-damage|p1a: Ogerpon|0 fnt
|faint|p1a: Ogerpon
|
|upkeep
|
|t:|1743805969
|switch|p1a: Cinderace|Cinderace, F|12/100
|turn|22
|
|t:|1743805973
|-terastallize|p1a: Cinderace|Fire
|move|p1a: Cinderace|Pyro Ball|p2a: Iron Valiant|[miss]
|-miss|p1a: Cinderace|p2a: Iron Valiant
|move|p2a: Iron Valiant|Moonblast|p1a: Cinderace
|-resisted|p1a: Cinderace
|-crit|p1a: Cinderace
|-damage|p1a: Cinderace|0 fnt
|faint|p1a: Cinderace
|
|win|denomphenoms
|raw|lolcano46's rating: 1523 &rarr; <strong>1504</strong><br />(-19 for losing)
|raw|denomphenoms's rating: 1546 &rarr; <strong>1565</strong><br />(+19 for winning)
|c|☆lolcano46|ugh
|l|☆lolcano46
|player|p1|
|l|☆denomphenoms
|player|p2|
