|j|☆Tingus Lewis
|j|☆ss_shedinja
|t:|1743807994
|gametype|singles
|player|p1|Tingus Lewis|ingo|1148
|player|p2|ss_shedinja|iris-gen5bw2|1180
|teamsize|p1|6
|teamsize|p2|6
|gen|9
|tier|[Gen 9] OU
|rated|
|rule|HP Percentage Mod: HP is shown in percentages
|rule|Endless Battle Clause: Forcing endless battles is banned
|rule|Species Clause: Limit one of each Pokémon
|rule|OHKO Clause: OHKO moves are banned
|rule|Evasion Items Clause: Evasion items are banned
|rule|Evasion Moves Clause: Evasion moves are banned
|rule|Sleep Moves Clause: Sleep-inducing moves are banned
|clearpoke
|poke|p1|Ariados, M|
|poke|p1|Gholdengo|
|poke|p1|Ogerpon-Wellspring, F|
|poke|p1|Great Tusk|
|poke|p1|Pecharunt|
|poke|p1|Zamazenta-*|
|poke|p2|Forretress, M|
|poke|p2|Skeledirge, M|
|poke|p2|Clodsire, F|
|poke|p2|Quagsire, F|
|poke|p2|Iron Thorns|
|poke|p2|Hydrapple, M|
|teampreview
|inactive|Battle timer is ON: inactive players will automatically lose when time's up. (requested by ss_shedinja)
|
|t:|1743808015
|start
|switch|p1a: Ogerpon|Ogerpon-Wellspring, F|100/100
|switch|p2a: Forretress|Forretress, M|100/100
|turn|1
|
|t:|1743808023
|switch|p2a: Hydrapple|Hydrapple, M|100/100
|move|p1a: Ogerpon|Knock Off|p2a: Hydrapple
|-damage|p2a: Hydrapple|72/100
|-enditem|p2a: Hydrapple|Assault Vest|[from] move: Knock Off|[of] p1a: Ogerpon
|
|upkeep
|turn|2
|
|t:|1743808030
|move|p1a: Ogerpon|U-turn|p2a: Hydrapple
|-supereffective|p2a: Hydrapple
|-damage|p2a: Hydrapple|32/100
|
|t:|1743808048
|switch|p1a: Pecharunt|Pecharunt|100/100|[from] U-turn
|move|p2a: Hydrapple|Fickle Beam|p1a: Pecharunt|[anim] Fickle Beam All Out
|-activate|p2a: Hydrapple|move: Fickle Beam
|-damage|p1a: Pecharunt|10/100
|
|upkeep
|turn|3
|
|t:|1743808060
|switch|p2a: Iron Thorns|Iron Thorns|100/100
|move|p1a: Pecharunt|Malignant Chain|p2a: Iron Thorns
|-resisted|p2a: Iron Thorns
|-damage|p2a: Iron Thorns|81/100
|
|upkeep
|turn|4
|
|t:|1743808068
|move|p1a: Pecharunt|Parting Shot|p2a: Iron Thorns
|-unboost|p2a: Iron Thorns|atk|1
|-unboost|p2a: Iron Thorns|spa|1
|
|t:|1743808076
|switch|p1a: Zamazenta|Zamazenta|100/100|[from] Parting Shot
|-ability|p1a: Zamazenta|Dauntless Shield|boost
|-boost|p1a: Zamazenta|def|1
|move|p2a: Iron Thorns|Dragon Dance|p2a: Iron Thorns
|-boost|p2a: Iron Thorns|atk|1
|-boost|p2a: Iron Thorns|spe|1
|
|upkeep
|turn|5
|
|t:|1743808086
|-end|p2a: Iron Thorns|Quark Drive|[silent]
|switch|p2a: Quagsire|Quagsire, F|100/100
|move|p1a: Zamazenta|Iron Defense|p1a: Zamazenta
|-boost|p1a: Zamazenta|def|2
|
|upkeep
|turn|6
|
|t:|1743808091
|move|p1a: Zamazenta|Crunch|p2a: Quagsire
|-damage|p2a: Quagsire|86/100
|-unboost|p2a: Quagsire|def|1
|move|p2a: Quagsire|Toxic|p1a: Zamazenta
|-status|p1a: Zamazenta|tox
|
|-damage|p1a: Zamazenta|94/100 tox|[from] psn
|upkeep
|turn|7
|
|t:|1743808101
|switch|p2a: Clodsire|Clodsire, F|100/100
|move|p1a: Zamazenta|Body Press|p2a: Clodsire
|-resisted|p2a: Clodsire
|-damage|p2a: Clodsire|82/100
|
|-heal|p1a: Zamazenta|100/100 tox|[from] item: Leftovers
|-heal|p2a: Clodsire|89/100|[from] item: Black Sludge
|-damage|p1a: Zamazenta|88/100 tox|[from] psn
|upkeep
|turn|8
|
|t:|1743808116
|switch|p1a: Ogerpon|Ogerpon-Wellspring, F|100/100
|move|p2a: Clodsire|Earthquake|p1a: Ogerpon
|-resisted|p1a: Ogerpon
|-damage|p1a: Ogerpon|83/100
|
|-heal|p2a: Clodsire|95/100|[from] item: Black Sludge
|upkeep
|turn|9
|
|t:|1743808128
|move|p1a: Ogerpon|Horn Leech|p2a: Clodsire
|-crit|p2a: Clodsire
|-damage|p2a: Clodsire|24/100
|-heal|p1a: Ogerpon|100/100|[from] drain|[of] p2a: Clodsire
|move|p2a: Clodsire|Toxic|p1a: Ogerpon
|-status|p1a: Ogerpon|tox
|
|-heal|p2a: Clodsire|30/100|[from] item: Black Sludge
|-damage|p1a: Ogerpon|95/100 tox|[from] psn
|upkeep
|turn|10
|
|t:|1743808143
|move|p1a: Ogerpon|Horn Leech|p2a: Clodsire
|-damage|p2a: Clodsire|0 fnt
|-heal|p1a: Ogerpon|100/100 tox|[from] drain|[of] p2a: Clodsire
|faint|p2a: Clodsire
|
|-damage|p1a: Ogerpon|89/100 tox|[from] psn
|upkeep
|
|t:|1743808145
|switch|p2a: Hydrapple|Hydrapple, M|66/100
|turn|11
|
|t:|1743808148
|switch|p2a: Forretress|Forretress, M|100/100
|move|p1a: Ogerpon|U-turn|p2a: Forretress
|-resisted|p2a: Forretress
|-damage|p2a: Forretress|92/100
|
|t:|1743808157
|switch|p1a: Great Tusk|Great Tusk|100/100|[from] U-turn
|
|upkeep
|turn|12
|
|t:|1743808164
|move|p1a: Great Tusk|Rapid Spin|p2a: Forretress
|-resisted|p2a: Forretress
|-damage|p2a: Forretress|87/100
|-boost|p1a: Great Tusk|spe|1
|move|p2a: Forretress|Stealth Rock|p1a: Great Tusk
|-sidestart|p1: Tingus Lewis|move: Stealth Rock
|
|upkeep
|turn|13
|
|t:|1743808172
|move|p1a: Great Tusk|Headlong Rush|p2a: Forretress
|-damage|p2a: Forretress|47/100
|-unboost|p1a: Great Tusk|def|1
|-unboost|p1a: Great Tusk|spd|1
|move|p2a: Forretress|Stealth Rock||[still]
|-fail|p2a: Forretress
|
|upkeep
|turn|14
|
|t:|1743808180
|move|p1a: Great Tusk|Headlong Rush|p2a: Forretress
|-damage|p2a: Forretress|6/100
|-unboost|p1a: Great Tusk|def|1
|-unboost|p1a: Great Tusk|spd|1
|move|p2a: Forretress|Gyro Ball|p1a: Great Tusk
|-damage|p1a: Great Tusk|22/100
|-damage|p2a: Forretress|0 fnt|[from] item: Rocky Helmet|[of] p1a: Great Tusk
|faint|p2a: Forretress
|
|upkeep
|
|t:|1743808203
|switch|p2a: Quagsire|Quagsire, F|86/100
|turn|15
|
|t:|1743808209
|-terastallize|p2a: Quagsire|Fairy
|move|p1a: Great Tusk|Rapid Spin|p2a: Quagsire
|-damage|p2a: Quagsire|74/100
|-boost|p1a: Great Tusk|spe|1
|-sideend|p1: Tingus Lewis|Stealth Rock|[from] move: Rapid Spin|[of] p1a: Great Tusk
|move|p2a: Quagsire|Liquidation|p1a: Great Tusk
|-supereffective|p1a: Great Tusk
|-damage|p1a: Great Tusk|0 fnt
|-damage|p2a: Quagsire|57/100|[from] item: Rocky Helmet|[of] p1a: Great Tusk
|faint|p1a: Great Tusk
|-end|p1a: Great Tusk|Protosynthesis|[silent]
|
|upkeep
|
|t:|1743808219
|switch|p1a: Pecharunt|Pecharunt|10/100
|turn|16
|
|t:|1743808224
|switch|p2a: Iron Thorns|Iron Thorns|81/100
|move|p1a: Pecharunt|Malignant Chain|p2a: Iron Thorns
|-resisted|p2a: Iron Thorns
|-damage|p2a: Iron Thorns|64/100
|-status|p2a: Iron Thorns|tox
|-start|p2a: Iron Thorns|confusion|[from] ability: Poison Puppeteer|[of] p1a: Pecharunt
|
|-damage|p2a: Iron Thorns|58/100 tox|[from] psn
|upkeep
|turn|17
|
|t:|1743808234
|move|p1a: Pecharunt|Parting Shot|p2a: Iron Thorns
|-unboost|p2a: Iron Thorns|atk|1
|-unboost|p2a: Iron Thorns|spa|1
|
|t:|1743808239
|switch|p1a: Gholdengo|Gholdengo|100/100|[from] Parting Shot
|-item|p1a: Gholdengo|Air Balloon
|-activate|p2a: Iron Thorns|confusion
|move|p2a: Iron Thorns|Volt Switch|p1a: Gholdengo
|-damage|p1a: Gholdengo|87/100
|-enditem|p1a: Gholdengo|Air Balloon
|
|t:|1743808253
|-end|p2a: Iron Thorns|Quark Drive|[silent]
|switch|p2a: Hydrapple|Hydrapple, M|99/100|[from] Volt Switch
|
|upkeep
|turn|18
|
|t:|1743808266
|-terastallize|p1a: Gholdengo|Fairy
|move|p1a: Gholdengo|Nasty Plot|p1a: Gholdengo
|-boost|p1a: Gholdengo|spa|2
|move|p2a: Hydrapple|Earth Power|p1a: Gholdengo
|-damage|p1a: Gholdengo|51/100
|
|upkeep
|turn|19
|
|t:|1743808286
|switch|p2a: Skeledirge|Skeledirge, M|100/100
|move|p1a: Gholdengo|Make It Rain|p2a: Skeledirge
|-resisted|p2a: Skeledirge
|-damage|p2a: Skeledirge|69/100
|-unboost|p1a: Gholdengo|spa|1
|
|upkeep
|turn|20
|
|t:|1743808296
|move|p1a: Gholdengo|Shadow Ball|p2a: Skeledirge
|-supereffective|p2a: Skeledirge
|-damage|p2a: Skeledirge|0 fnt
|faint|p2a: Skeledirge
|
|upkeep
|
|t:|1743808299
|switch|p2a: Quagsire|Quagsire, F, tera:Fairy|57/100
|turn|21
|
|t:|1743808301
|move|p1a: Gholdengo|Make It Rain|p2a: Quagsire
|-supereffective|p2a: Quagsire
|-damage|p2a: Quagsire|0 fnt
|-unboost|p1a: Gholdengo|spa|1
|faint|p2a: Quagsire
|
|upkeep
|
|t:|1743808307
|switch|p2a: Hydrapple|Hydrapple, M|100/100
|turn|22
|
|t:|1743808315
|switch|p1a: Pecharunt|Pecharunt|10/100
|move|p2a: Hydrapple|Leaf Storm|p1a: Pecharunt
|-resisted|p1a: Pecharunt
|-damage|p1a: Pecharunt|0 fnt
|-unboost|p2a: Hydrapple|spa|2
|faint|p1a: Pecharunt
|
|upkeep
|
|t:|1743808316
|switch|p1a: Ariados|Ariados, M|100/100
|turn|23
|
|t:|1743808320
|switch|p2a: Iron Thorns|Iron Thorns|58/100 tox
|move|p1a: Ariados|Lunge|p2a: Iron Thorns
|-damage|p2a: Iron Thorns|23/100 tox
|-unboost|p2a: Iron Thorns|atk|1
|
|-damage|p2a: Iron Thorns|17/100 tox|[from] psn
|upkeep
|turn|24
|
|t:|1743808328
|move|p1a: Ariados|Sucker Punch|p2a: Iron Thorns
|-damage|p2a: Iron Thorns|0 fnt
|faint|p2a: Iron Thorns
|-end|p2a: Iron Thorns|Quark Drive|[silent]
|
|upkeep
|
|t:|1743808333
|switch|p2a: Hydrapple|Hydrapple, M|100/100
|turn|25
|
|t:|1743808336
|move|p2a: Hydrapple|Fickle Beam|p1a: Ariados
|-damage|p1a: Ariados|45/100
|move|p1a: Ariados|Lunge|p2a: Hydrapple
|-supereffective|p2a: Hydrapple
|-damage|p2a: Hydrapple|44/100
|-unboost|p2a: Hydrapple|atk|1
|
|upkeep
|turn|26
|
|t:|1743808343
|move|p2a: Hydrapple|Fickle Beam|p1a: Ariados
|-damage|p1a: Ariados|0 fnt
|faint|p1a: Ariados
|
|upkeep
|-message|ss_shedinja forfeited.
|
|win|Tingus Lewis
|raw|Tingus Lewis's rating: 1148 &rarr; <strong>1175</strong><br />(+27 for winning)
|raw|ss_shedinja's rating: 1180 &rarr; <strong>1153</strong><br />(-27 for losing)
|l|☆ss_shedinja
|player|p2|
|l|☆Tingus Lewis
|player|p1|
