|j|☆player jack
|j|☆johnnyranking
|t:|1743836243
|gametype|singles
|player|p1|player jack|cynthia|1105
|player|p2|johnnyranking|266|1167
|teamsize|p1|6
|teamsize|p2|6
|gen|9
|tier|[Gen 9] OU
|rated|
|rule|HP Percentage Mod: HP is shown in percentages
|rule|Endless Battle Clause: Forcing endless battles is banned
|rule|Species Clause: Limit one of each Pokémon
|rule|OHKO Clause: OHKO moves are banned
|rule|Evasion Items Clause: Evasion items are banned
|rule|Evasion Moves Clause: Evasion moves are banned
|rule|Sleep Moves Clause: Sleep-inducing moves are banned
|clearpoke
|poke|p1|Garchomp, F|
|poke|p1|Pupitar, F|
|poke|p1|Arcanine-Hisui, F|
|poke|p1|Hoopa-Unbound|
|poke|p1|Grimmsnarl, M|
|poke|p1|Gholdengo|
|poke|p2|Blissey, F|
|poke|p2|Electrode-Hisui|
|poke|p2|Gliscor, F|
|poke|p2|Kyurem|
|poke|p2|Revavroom, M|
|poke|p2|Zamazenta-*|
|teampreview
|inactive|Battle timer is ON: inactive players will automatically lose when time's up. (requested by player jack)
|
|t:|1743836262
|start
|switch|p1a: Garchomp|Garchomp, F, shiny|100/100
|switch|p2a: Frozen Chicken|Kyurem, shiny|100/100
|-ability|p2a: Frozen Chicken|Pressure
|turn|1
|
|t:|1743836272
|move|p1a: Garchomp|Stealth Rock|p2a: Frozen Chicken
|-sidestart|p2: johnnyranking|move: Stealth Rock
|move|p2a: Frozen Chicken|Ice Beam|p1a: Garchomp
|-supereffective|p1a: Garchomp
|-damage|p1a: Garchomp|0 fnt
|faint|p1a: Garchomp
|
|upkeep
|
|t:|1743836278
|switch|p1a: Arcanine|Arcanine-Hisui, F, shiny|100/100
|turn|2
|
|t:|1743836290
|switch|p2a: Blue Steamed Crab|Gliscor, F, shiny|100/100
|-damage|p2a: Blue Steamed Crab|88/100|[from] Stealth Rock
|move|p1a: Arcanine|Head Smash|p2a: Blue Steamed Crab
|-crit|p2a: Blue Steamed Crab
|-damage|p2a: Blue Steamed Crab|22/100
|
|-status|p2a: Blue Steamed Crab|tox|[from] item: Toxic Orb
|upkeep
|turn|3
|
|t:|1743836303
|move|p2a: Blue Steamed Crab|Protect|p2a: Blue Steamed Crab
|-singleturn|p2a: Blue Steamed Crab|Protect
|move|p1a: Arcanine|Head Smash|p2a: Blue Steamed Crab
|-activate|p2a: Blue Steamed Crab|move: Protect
|
|-heal|p2a: Blue Steamed Crab|34/100 tox|[from] ability: Poison Heal
|upkeep
|turn|4
|
|t:|1743836331
|move|p2a: Blue Steamed Crab|Protect|p2a: Blue Steamed Crab
|-singleturn|p2a: Blue Steamed Crab|Protect
|move|p1a: Arcanine|Head Smash|p2a: Blue Steamed Crab
|-activate|p2a: Blue Steamed Crab|move: Protect
|
|-heal|p2a: Blue Steamed Crab|47/100 tox|[from] ability: Poison Heal
|upkeep
|turn|5
|
|t:|1743836340
|move|p1a: Arcanine|Head Smash|p2a: Blue Steamed Crab
|-damage|p2a: Blue Steamed Crab|2/100 tox
|move|p2a: Blue Steamed Crab|Earthquake|p1a: Arcanine
|-supereffective|p1a: Arcanine
|-damage|p1a: Arcanine|0 fnt
|faint|p1a: Arcanine
|
|-heal|p2a: Blue Steamed Crab|15/100 tox|[from] ability: Poison Heal
|upkeep
|l|☆player jack
|inactive|player jack disconnected and has a minute to reconnect!
|player|p1|
|inactive|player jack has 30 seconds to reconnect!
|inactive|player jack has 20 seconds to reconnect!
|j|☆player jack
|inactive|player jack reconnected and has 90 seconds left.
|player|p1|player jack|cynthia|
|
|t:|1743836411
|switch|p1a: Pupitar|Pupitar, F, shiny|100/100
|turn|6
|inactive|johnnyranking has 120 seconds left.
|
|t:|1743836438
|move|p2a: Blue Steamed Crab|Earthquake|p1a: Pupitar
|-supereffective|p1a: Pupitar
|-damage|p1a: Pupitar|23/100
|move|p1a: Pupitar|Dragon Dance|p1a: Pupitar
|-boost|p1a: Pupitar|atk|1
|-boost|p1a: Pupitar|spe|1
|
|-heal|p2a: Blue Steamed Crab|27/100 tox|[from] ability: Poison Heal
|upkeep
|turn|7
|inactive|johnnyranking has 120 seconds left.
|
|t:|1743836451
|move|p2a: Blue Steamed Crab|Protect|p2a: Blue Steamed Crab
|-singleturn|p2a: Blue Steamed Crab|Protect
|move|p1a: Pupitar|Stone Edge|p2a: Blue Steamed Crab
|-activate|p2a: Blue Steamed Crab|move: Protect
|
|-heal|p2a: Blue Steamed Crab|40/100 tox|[from] ability: Poison Heal
|upkeep
|turn|8
|inactive|johnnyranking has 120 seconds left.
|
|t:|1743836461
|-terastallize|p2a: Blue Steamed Crab|Water
|move|p1a: Pupitar|Stone Edge|p2a: Blue Steamed Crab|[miss]
|-miss|p1a: Pupitar|p2a: Blue Steamed Crab
|move|p2a: Blue Steamed Crab|Knock Off|p1a: Pupitar
|-damage|p1a: Pupitar|1/100
|-enditem|p1a: Pupitar|Eviolite|[from] move: Knock Off|[of] p2a: Blue Steamed Crab
|
|-heal|p2a: Blue Steamed Crab|52/100 tox|[from] ability: Poison Heal
|upkeep
|turn|9
|inactive|johnnyranking has 120 seconds left.
|
|t:|1743836477
|move|p1a: Pupitar|Dragon Dance|p1a: Pupitar
|-boost|p1a: Pupitar|atk|1
|-boost|p1a: Pupitar|spe|1
|move|p2a: Blue Steamed Crab|Earthquake|p1a: Pupitar
|-supereffective|p1a: Pupitar
|-damage|p1a: Pupitar|0 fnt
|faint|p1a: Pupitar
|
|-heal|p2a: Blue Steamed Crab|65/100 tox|[from] ability: Poison Heal
|upkeep
|
|t:|1743836484
|switch|p1a: Grimmsnarl|Grimmsnarl, M, shiny|100/100
|turn|10
|inactive|johnnyranking has 120 seconds left.
|
|t:|1743836496
|move|p1a: Grimmsnarl|Taunt|p2a: Blue Steamed Crab
|-start|p2a: Blue Steamed Crab|move: Taunt
|cant|p2a: Blue Steamed Crab|move: Taunt|Toxic
|
|-heal|p2a: Blue Steamed Crab|77/100 tox|[from] ability: Poison Heal
|upkeep
|turn|11
|
|t:|1743836504
|move|p1a: Grimmsnarl|Reflect|p1a: Grimmsnarl
|-sidestart|p1: player jack|Reflect
|move|p2a: Blue Steamed Crab|Knock Off|p1a: Grimmsnarl
|-resisted|p1a: Grimmsnarl
|-damage|p1a: Grimmsnarl|98/100
|-enditem|p1a: Grimmsnarl|Light Clay|[from] move: Knock Off|[of] p2a: Blue Steamed Crab
|
|-heal|p2a: Blue Steamed Crab|90/100 tox|[from] ability: Poison Heal
|upkeep
|turn|12
|
|t:|1743836513
|move|p1a: Grimmsnarl|Parting Shot|p2a: Blue Steamed Crab
|-unboost|p2a: Blue Steamed Crab|atk|1
|-unboost|p2a: Blue Steamed Crab|spa|1
|
|t:|1743836516
|switch|p1a: Hoopa|Hoopa-Unbound|100/100|[from] Parting Shot
|move|p2a: Blue Steamed Crab|Earthquake|p1a: Hoopa
|-crit|p1a: Hoopa
|-damage|p1a: Hoopa|37/100
|
|-heal|p2a: Blue Steamed Crab|100/100 tox|[from] ability: Poison Heal
|-end|p2a: Blue Steamed Crab|move: Taunt
|upkeep
|turn|13
|
|t:|1743836528
|move|p2a: Blue Steamed Crab|Knock Off|p1a: Hoopa
|-damage|p1a: Hoopa|28/100
|-enditem|p1a: Hoopa|Room Service|[from] move: Knock Off|[of] p2a: Blue Steamed Crab
|move|p1a: Hoopa|Trick Room|p1a: Hoopa
|-fieldstart|move: Trick Room|[of] p1a: Hoopa
|
|upkeep
|turn|14
|
|t:|1743836536
|move|p1a: Hoopa|Psychic|p2a: Blue Steamed Crab
|-damage|p2a: Blue Steamed Crab|22/100 tox
|-unboost|p2a: Blue Steamed Crab|spd|1
|-item|p1a: Hoopa|Toxic Orb|[from] ability: Magician|[of] p2a: Blue Steamed Crab
|move|p2a: Blue Steamed Crab|Toxic|p1a: Hoopa
|-status|p1a: Hoopa|tox
|
|-damage|p1a: Hoopa|22/100 tox|[from] psn
|-heal|p2a: Blue Steamed Crab|35/100 tox|[from] ability: Poison Heal
|upkeep
|turn|15
|
|t:|1743836548
|move|p2a: Blue Steamed Crab|Protect|p2a: Blue Steamed Crab
|-singleturn|p2a: Blue Steamed Crab|Protect
|move|p1a: Hoopa|Psychic|p2a: Blue Steamed Crab
|-activate|p2a: Blue Steamed Crab|move: Protect
|
|-damage|p1a: Hoopa|10/100 tox|[from] psn
|-heal|p2a: Blue Steamed Crab|47/100 tox|[from] ability: Poison Heal
|upkeep
|turn|16
|-message|player jack forfeited.
|
|win|johnnyranking
|raw|player jack's rating: 1105 &rarr; <strong>1084</strong><br />(-21 for losing)
|raw|johnnyranking's rating: 1167 &rarr; <strong>1188</strong><br />(+21 for winning)
|l|☆player jack
|player|p1|
|l|☆johnnyranking
|player|p2|
