|j|☆Snowingmittens
|j|☆THE DEVIL MAY CRY
|t:|1743854254
|gametype|singles
|player|p1|Snowingmittens|dawn-gen4pt|1155
|player|p2|THE DEVIL MAY CRY|mars|1108
|teamsize|p1|6
|teamsize|p2|6
|gen|9
|tier|[Gen 9] OU
|rated|
|rule|HP Percentage Mod: HP is shown in percentages
|rule|Endless Battle Clause: Forcing endless battles is banned
|rule|Species Clause: Limit one of each Pokémon
|rule|OHKO Clause: OHKO moves are banned
|rule|Evasion Items Clause: Evasion items are banned
|rule|Evasion Moves Clause: Evasion moves are banned
|rule|Sleep Moves Clause: Sleep-inducing moves are banned
|clearpoke
|poke|p1|Tyranitar, F|
|poke|p1|Excadrill, F|
|poke|p1|Lycanroc, F|
|poke|p1|Cinderace, F|
|poke|p1|Greninja-*, F|
|poke|p1|Meowscarada, M|
|poke|p2|Dragonite, F|
|poke|p2|Ting-Lu|
|poke|p2|Gholdengo|
|poke|p2|Iron Valiant|
|poke|p2|Zamazenta-*|
|poke|p2|Kingambit, M|
|teampreview
|
|t:|1743854279
|start
|switch|p1a: Meowscarada|Meowscarada, M|100/100
|switch|p2a: Ting-Lu|Ting-Lu|100/100
|-ability|p2a: Ting-Lu|Vessel of Ruin
|turn|1
|inactive|Battle timer is ON: inactive players will automatically lose when time's up. (requested by Snowingmittens)
|l|☆Snowingmittens
|inactive|Snowingmittens disconnected and has a minute to reconnect!
|player|p1|
|j|☆Snowingmittens
|inactive|Snowingmittens reconnected and has 115 seconds left.
|player|p1|Snowingmittens|dawn-gen4pt|
|inactive|Snowingmittens has 90 seconds left.
|
|t:|1743854349
|switch|p2a: Kingambit|Kingambit, M|100/100
|-terastallize|p1a: Meowscarada|Grass
|move|p1a: Meowscarada|Flower Trick|p2a: Kingambit
|-resisted|p2a: Kingambit
|-crit|p2a: Kingambit
|-damage|p2a: Kingambit|75/100
|
|upkeep
|turn|2
|
|t:|1743854360
|switch|p1a: Tyranitar|Tyranitar, F|100/100
|-weather|Sandstorm|[from] ability: Sand Stream|[of] p1a: Tyranitar
|move|p2a: Kingambit|Iron Head|p1a: Tyranitar
|-supereffective|p1a: Tyranitar
|-damage|p1a: Tyranitar|29/100
|-enditem|p1a: Tyranitar|Weakness Policy
|-boost|p1a: Tyranitar|atk|2|[from] item: Weakness Policy
|-boost|p1a: Tyranitar|spa|2|[from] item: Weakness Policy
|
|-weather|Sandstorm|[upkeep]
|upkeep
|turn|3
|
|t:|1743854387
|-end|p2a: Kingambit|fallenundefined|[silent]
|switch|p2a: Gholdengo|Gholdengo|100/100
|-item|p2a: Gholdengo|Air Balloon
|move|p1a: Tyranitar|Earthquake|p2a: Gholdengo
|-immune|p2a: Gholdengo
|
|-weather|Sandstorm|[upkeep]
|upkeep
|turn|4
|
|t:|1743854397
|move|p2a: Gholdengo|Make It Rain|p1a: Tyranitar
|-supereffective|p1a: Tyranitar
|-damage|p1a: Tyranitar|0 fnt
|-unboost|p2a: Gholdengo|spa|1
|faint|p1a: Tyranitar
|
|-weather|Sandstorm|[upkeep]
|upkeep
|
|t:|1743854404
|switch|p1a: Lycanroc|Lycanroc, F|100/100
|turn|5
|
|t:|1743854411
|move|p1a: Lycanroc|Swords Dance|p1a: Lycanroc
|-boost|p1a: Lycanroc|atk|2
|move|p2a: Gholdengo|Make It Rain|p1a: Lycanroc
|-supereffective|p1a: Lycanroc
|-damage|p1a: Lycanroc|3/100
|-unboost|p2a: Gholdengo|spa|1
|
|-weather|Sandstorm|[upkeep]
|upkeep
|turn|6
|
|t:|1743854429
|move|p1a: Lycanroc|Accelerock|p2a: Gholdengo
|-resisted|p2a: Gholdengo
|-damage|p2a: Gholdengo|79/100
|-enditem|p2a: Gholdengo|Air Balloon
|move|p2a: Gholdengo|Shadow Ball|p1a: Lycanroc
|-damage|p1a: Lycanroc|0 fnt
|faint|p1a: Lycanroc
|
|-weather|none
|upkeep
|
|t:|1743854439
|switch|p1a: Cinderace|Cinderace, F|100/100
|turn|7
|
|t:|1743854452
|switch|p2a: Zamazenta|Zamazenta|100/100
|-ability|p2a: Zamazenta|Dauntless Shield|boost
|-boost|p2a: Zamazenta|def|1
|move|p1a: Cinderace|Pyro Ball|p2a: Zamazenta
|-damage|p2a: Zamazenta|53/100
|-damage|p1a: Cinderace|91/100|[from] item: Life Orb
|
|upkeep
|turn|8
|
|t:|1743854467
|move|p2a: Zamazenta|Howl|p2a: Zamazenta
|-boost|p2a: Zamazenta|atk|1
|move|p1a: Cinderace|Pyro Ball|p2a: Zamazenta
|-damage|p2a: Zamazenta|8/100
|-damage|p1a: Cinderace|81/100|[from] item: Life Orb
|
|upkeep
|turn|9
|
|t:|1743854478
|switch|p1a: Excadrill|Excadrill, F|100/100
|-item|p1a: Excadrill|Air Balloon
|move|p2a: Zamazenta|Close Combat|p1a: Excadrill
|-supereffective|p1a: Excadrill
|-damage|p1a: Excadrill|0 fnt
|-unboost|p2a: Zamazenta|def|1
|-unboost|p2a: Zamazenta|spd|1
|-enditem|p1a: Excadrill|Air Balloon
|faint|p1a: Excadrill
|
|upkeep
|
|t:|1743854484
|switch|p1a: Meowscarada|Meowscarada, M, tera:Grass|100/100
|turn|10
|
|t:|1743854498
|switch|p2a: Iron Valiant|Iron Valiant|100/100
|-enditem|p2a: Iron Valiant|Booster Energy
|-activate|p2a: Iron Valiant|ability: Quark Drive|[fromitem]
|-start|p2a: Iron Valiant|quarkdrivespe
|move|p1a: Meowscarada|U-turn|p2a: Iron Valiant
|-resisted|p2a: Iron Valiant
|-damage|p2a: Iron Valiant|94/100
|
|t:|1743854507
|switch|p1a: Greninja|Greninja, F|100/100|[from] U-turn
|
|upkeep
|turn|11
|
|t:|1743854517
|move|p2a: Iron Valiant|Thunderbolt|p1a: Greninja
|-supereffective|p1a: Greninja
|-crit|p1a: Greninja
|-damage|p1a: Greninja|0 fnt
|faint|p1a: Greninja
|
|upkeep
|
|t:|1743854522
|switch|p1a: Meowscarada|Meowscarada, M, tera:Grass|100/100
|turn|12
|
|t:|1743854532
|move|p1a: Meowscarada|Flower Trick|p2a: Iron Valiant
|-crit|p2a: Iron Valiant
|-damage|p2a: Iron Valiant|10/100
|move|p2a: Iron Valiant|Moonblast|p1a: Meowscarada
|-damage|p1a: Meowscarada|25/100
|
|upkeep
|turn|13
|
|t:|1743854545
|switch|p1a: Cinderace|Cinderace, F|81/100
|-end|p2a: Iron Valiant|Quark Drive|[silent]
|switch|p2a: Kingambit|Kingambit, M|75/100
|
|upkeep
|turn|14
|
|t:|1743854562
|-terastallize|p2a: Kingambit|Flying
|move|p1a: Cinderace|Pyro Ball|p2a: Kingambit
|-damage|p2a: Kingambit|6/100
|-damage|p1a: Cinderace|71/100|[from] item: Life Orb
|move|p2a: Kingambit|Kowtow Cleave|p1a: Cinderace
|-damage|p1a: Cinderace|3/100
|
|upkeep
|turn|15
|
|t:|1743854576
|move|p2a: Kingambit|Sucker Punch|p1a: Cinderace
|-damage|p1a: Cinderace|0 fnt
|faint|p1a: Cinderace
|
|upkeep
|
|t:|1743854580
|switch|p1a: Meowscarada|Meowscarada, M, tera:Grass|25/100
|turn|16
|
|t:|1743854589
|move|p2a: Kingambit|Sucker Punch|p1a: Meowscarada
|-damage|p1a: Meowscarada|0 fnt
|faint|p1a: Meowscarada
|
|win|THE DEVIL MAY CRY
|raw|Snowingmittens's rating: 1155 &rarr; <strong>1127</strong><br />(-28 for losing)
|raw|THE DEVIL MAY CRY's rating: 1108 &rarr; <strong>1136</strong><br />(+28 for winning)
|c|☆THE DEVIL MAY CRY|gg
|l|☆Snowingmittens
|player|p1|
|l|☆THE DEVIL MAY CRY
|player|p2|
