|j|☆Nnamzilla
|j|☆kalen80
|t:|1743830718
|gametype|singles
|player|p1|Nnamzilla|hilbert|1277
|player|p2|kalen80|burglar|1212
|teamsize|p1|6
|teamsize|p2|6
|gen|9
|tier|[Gen 9] OU
|rated|
|rule|HP Percentage Mod: HP is shown in percentages
|rule|Endless Battle Clause: Forcing endless battles is banned
|rule|Species Clause: Limit one of each Pokémon
|rule|OHKO Clause: OHKO moves are banned
|rule|Evasion Items Clause: Evasion items are banned
|rule|Evasion Moves Clause: Evasion moves are banned
|rule|Sleep Moves Clause: Sleep-inducing moves are banned
|clearpoke
|poke|p1|Iron Crown|
|poke|p1|Iron Hands|
|poke|p1|Grimmsnarl, M|
|poke|p1|Great Tusk|
|poke|p1|Dragonite, F|
|poke|p1|Glimmora, M|
|poke|p2|Toxtricity, M|
|poke|p2|Armarouge, F|
|poke|p2|Bisharp, M|
|poke|p2|Dudunsparce-*, M|
|poke|p2|Tropius, M|
|poke|p2|Mandibuzz, F|
|teampreview
|inactive|Battle timer is ON: inactive players will automatically lose when time's up. (requested by kalen80)
|
|t:|1743830755
|start
|switch|p1a: ZachuVGC|Iron Hands|100/100
|switch|p2a: Armarouge|Armarouge, F|100/100
|turn|1
|
|t:|1743830773
|-end|p1a: ZachuVGC|Quark Drive|[silent]
|switch|p1a: Grimmsnarl|Grimmsnarl, M, shiny|100/100
|move|p2a: Armarouge|Psyshock|p1a: Grimmsnarl
|-immune|p1a: Grimmsnarl
|
|upkeep
|turn|2
|
|t:|1743830780
|switch|p2a: Bisharp|Bisharp, M|100/100
|move|p1a: Grimmsnarl|Parting Shot|p2a: Bisharp
|-hint|Since gen 7, Dark is immune to Prankster moves.
|-immune|p2a: Bisharp
|
|upkeep
|turn|3
|
|t:|1743830792
|switch|p2a: Armarouge|Armarouge, F|100/100
|move|p1a: Grimmsnarl|Reflect|p1a: Grimmsnarl
|-sidestart|p1: Nnamzilla|Reflect
|
|upkeep
|turn|4
|
|t:|1743830799
|move|p1a: Grimmsnarl|Parting Shot|p2a: Armarouge
|-unboost|p2a: Armarouge|atk|1
|-unboost|p2a: Armarouge|spa|1
|
|t:|1743830803
|switch|p1a: Dragonite|Dragonite, F|100/100|[from] Parting Shot
|move|p2a: Armarouge|Armor Cannon|p1a: Dragonite
|-resisted|p1a: Dragonite
|-damage|p1a: Dragonite|89/100
|-unboost|p2a: Armarouge|def|1
|-unboost|p2a: Armarouge|spd|1
|
|upkeep
|turn|5
|
|t:|1743830811
|move|p1a: Dragonite|Dragon Dance|p1a: Dragonite
|-boost|p1a: Dragonite|atk|1
|-boost|p1a: Dragonite|spe|1
|move|p2a: Armarouge|Psyshock|p1a: Dragonite
|-damage|p1a: Dragonite|56/100
|
|upkeep
|turn|6
|inactive|Nnamzilla has 120 seconds left.
|
|t:|1743830852
|switch|p2a: Mandibuzz|Mandibuzz, F|100/100
|move|p1a: Dragonite|Earthquake|p2a: Mandibuzz
|-immune|p2a: Mandibuzz
|
|upkeep
|turn|7
|
|t:|1743830865
|move|p1a: Dragonite|Outrage|p2a: Mandibuzz
|-damage|p2a: Mandibuzz|30/100
|move|p2a: Mandibuzz|Toxic|p1a: Dragonite
|-status|p1a: Dragonite|tox
|
|-damage|p1a: Dragonite|50/100 tox|[from] psn
|upkeep
|turn|8
|
|t:|1743830870
|switch|p2a: Bisharp|Bisharp, M|100/100
|move|p1a: Dragonite|Outrage|p2a: Bisharp|[from] lockedmove
|-resisted|p2a: Bisharp
|-damage|p2a: Bisharp|67/100
|
|-damage|p1a: Dragonite|37/100 tox|[from] psn
|upkeep
|turn|9
|
|t:|1743830874
|move|p2a: Bisharp|Sucker Punch|p1a: Dragonite
|-damage|p1a: Dragonite|21/100 tox
|move|p1a: Dragonite|Outrage|p2a: Bisharp|[from] lockedmove
|-resisted|p2a: Bisharp
|-damage|p2a: Bisharp|34/100
|-start|p1a: Dragonite|confusion|[fatigue]
|
|-damage|p1a: Dragonite|2/100 tox|[from] psn
|upkeep
|turn|10
|inactive|Nnamzilla has 120 seconds left.
|inactive|Nnamzilla has 90 seconds left.
|inactive|Nnamzilla has 60 seconds left.
|
|t:|1743830961
|switch|p1a: ZachuVGC|Iron Hands|100/100
|switch|p2a: Mandibuzz|Mandibuzz, F|30/100
|
|-sideend|p1: Nnamzilla|Reflect
|upkeep
|turn|11
|
|t:|1743830988
|switch|p2a: Armarouge|Armarouge, F|100/100
|move|p1a: ZachuVGC|Drain Punch|p2a: Armarouge
|-resisted|p2a: Armarouge
|-damage|p2a: Armarouge|80/100
|-ability|p2a: Armarouge|Weak Armor|boost
|-unboost|p2a: Armarouge|def|1
|-boost|p2a: Armarouge|spe|2
|
|upkeep
|turn|12
|inactive|Nnamzilla has 30 seconds left.
|
|t:|1743831005
|-end|p1a: ZachuVGC|Quark Drive|[silent]
|switch|p1a: Dragonite|Dragonite, F|2/100 tox
|move|p2a: Armarouge|Armor Cannon|p1a: Dragonite
|-resisted|p1a: Dragonite
|-damage|p1a: Dragonite|0 fnt
|-unboost|p2a: Armarouge|def|1
|-unboost|p2a: Armarouge|spd|1
|faint|p1a: Dragonite
|
|upkeep
|inactive|Nnamzilla has 30 seconds left.
|inactive|Nnamzilla has 20 seconds left.
|
|t:|1743831024
|switch|p1a: Grimmsnarl|Grimmsnarl, M, shiny|100/100
|turn|13
|inactive|Nnamzilla has 30 seconds left this turn.
|
|t:|1743831027
|move|p1a: Grimmsnarl|Light Screen|p1a: Grimmsnarl
|-sidestart|p1: Nnamzilla|move: Light Screen
|move|p2a: Armarouge|Armor Cannon|p1a: Grimmsnarl
|-damage|p1a: Grimmsnarl|73/100
|-unboost|p2a: Armarouge|def|1
|-unboost|p2a: Armarouge|spd|1
|
|upkeep
|turn|14
|
|t:|1743831037
|switch|p2a: Mandibuzz|Mandibuzz, F|30/100
|move|p1a: Grimmsnarl|Spirit Break|p2a: Mandibuzz
|-supereffective|p2a: Mandibuzz
|-damage|p2a: Mandibuzz|0 fnt
|faint|p2a: Mandibuzz
|
|upkeep
|
|t:|1743831042
|switch|p2a: Tropius|Tropius, M|100/100
|turn|15
|
|t:|1743831046
|move|p1a: Grimmsnarl|Parting Shot|p2a: Tropius
|-unboost|p2a: Tropius|atk|1
|-unboost|p2a: Tropius|spa|1
|
|t:|1743831051
|switch|p1a: ZachuVGC|Iron Hands|100/100|[from] Parting Shot
|move|p2a: Tropius|Substitute|p2a: Tropius
|-start|p2a: Tropius|Substitute
|-damage|p2a: Tropius|76/100
|
|upkeep
|turn|16
|
|t:|1743831058
|move|p1a: ZachuVGC|Ice Punch|p2a: Tropius
|-supereffective|p2a: Tropius
|-end|p2a: Tropius|Substitute
|move|p2a: Tropius|Leech Seed|p1a: ZachuVGC
|-start|p1a: ZachuVGC|move: Leech Seed
|
|-damage|p1a: ZachuVGC|88/100|[from] Leech Seed|[of] p2a: Tropius
|-heal|p2a: Tropius|93/100|[silent]
|upkeep
|turn|17
|inactive|Nnamzilla has 60 seconds left.
|
|t:|1743831065
|-end|p1a: ZachuVGC|Quark Drive|[silent]
|switch|p1a: Iron Crown|Iron Crown|100/100
|-enditem|p1a: Iron Crown|Booster Energy
|-activate|p1a: Iron Crown|ability: Quark Drive|[fromitem]
|-start|p1a: Iron Crown|quarkdrivespe
|switch|p2a: Armarouge|Armarouge, F|80/100
|
|upkeep
|turn|18
|
|t:|1743831073
|move|p1a: Iron Crown|Calm Mind|p1a: Iron Crown
|-boost|p1a: Iron Crown|spa|1
|-boost|p1a: Iron Crown|spd|1
|move|p2a: Armarouge|Armor Cannon|p1a: Iron Crown
|-supereffective|p1a: Iron Crown
|-damage|p1a: Iron Crown|62/100
|-unboost|p2a: Armarouge|def|1
|-unboost|p2a: Armarouge|spd|1
|
|upkeep
|turn|19
|inactive|Nnamzilla has 60 seconds left.
|
|t:|1743831094
|switch|p2a: Bisharp|Bisharp, M|34/100
|move|p1a: Iron Crown|Calm Mind|p1a: Iron Crown
|-boost|p1a: Iron Crown|spa|1
|-boost|p1a: Iron Crown|spd|1
|
|upkeep
|turn|20
|inactive|Nnamzilla has 60 seconds left.
|
|t:|1743831102
|move|p1a: Iron Crown|Iron Defense|p1a: Iron Crown
|-boost|p1a: Iron Crown|def|2
|move|p2a: Bisharp|Night Slash|p1a: Iron Crown
|-supereffective|p1a: Iron Crown
|-damage|p1a: Iron Crown|32/100
|
|-sideend|p1: Nnamzilla|move: Light Screen
|upkeep
|turn|21
|inactive|Nnamzilla has 60 seconds left.
|
|t:|1743831113
|move|p2a: Bisharp|Sucker Punch|p1a: Iron Crown
|-supereffective|p1a: Iron Crown
|-damage|p1a: Iron Crown|5/100
|move|p1a: Iron Crown|Focus Blast|p2a: Bisharp
|-supereffective|p2a: Bisharp
|-damage|p2a: Bisharp|0 fnt
|faint|p2a: Bisharp
|
|upkeep
|
|t:|1743831120
|switch|p2a: Armarouge|Armarouge, F|80/100
|turn|22
|
|t:|1743831127
|move|p1a: Iron Crown|Stored Power|p2a: Armarouge
|-resisted|p2a: Armarouge
|-damage|p2a: Armarouge|0 fnt
|faint|p2a: Armarouge
|
|upkeep
|
|t:|1743831135
|switch|p2a: Tropius|Tropius, M|93/100
|turn|23
|
|t:|1743831140
|-terastallize|p2a: Tropius|Steel
|move|p1a: Iron Crown|Stored Power|p2a: Tropius
|-resisted|p2a: Tropius
|-damage|p2a: Tropius|34/100
|move|p2a: Tropius|Substitute|p2a: Tropius
|-start|p2a: Tropius|Substitute
|-damage|p2a: Tropius|10/100
|-enditem|p2a: Tropius|Aguav Berry|[eat]
|-heal|p2a: Tropius|43/100|[from] item: Aguav Berry
|
|-item|p2a: Tropius|Aguav Berry|[from] ability: Harvest
|upkeep
|turn|24
|
|t:|1743831148
|move|p1a: Iron Crown|Stored Power|p2a: Tropius
|-resisted|p2a: Tropius
|-end|p2a: Tropius|Substitute
|move|p2a: Tropius|Leech Seed|p1a: Iron Crown
|-start|p1a: Iron Crown|move: Leech Seed
|
|-damage|p1a: Iron Crown|0 fnt|[from] Leech Seed|[of] p2a: Tropius
|-heal|p2a: Tropius|47/100|[silent]
|faint|p1a: Iron Crown
|-end|p1a: Iron Crown|Quark Drive|[silent]
|upkeep
|
|t:|1743831157
|switch|p1a: Great Tusk|Great Tusk|100/100
|-enditem|p1a: Great Tusk|Booster Energy
|-activate|p1a: Great Tusk|ability: Protosynthesis|[fromitem]
|-start|p1a: Great Tusk|protosynthesisspe
|turn|25
|
|t:|1743831163
|move|p1a: Great Tusk|Headlong Rush|p2a: Tropius
|-supereffective|p2a: Tropius
|-damage|p2a: Tropius|0 fnt
|-unboost|p1a: Great Tusk|def|1
|-unboost|p1a: Great Tusk|spd|1
|faint|p2a: Tropius
|
|upkeep
|
|t:|1743831168
|switch|p2a: Toxtricity|Toxtricity, M|100/100
|turn|26
|
|t:|1743831174
|move|p1a: Great Tusk|Headlong Rush|p2a: Toxtricity
|-supereffective|p2a: Toxtricity
|-damage|p2a: Toxtricity|0 fnt
|-unboost|p1a: Great Tusk|def|1
|-unboost|p1a: Great Tusk|spd|1
|faint|p2a: Toxtricity
|
|upkeep
|
|t:|1743831176
|switch|p2a: Dudunsparce|Dudunsparce, M|100/100
|turn|27
|
|t:|1743831185
|-end|p1a: Great Tusk|Protosynthesis|[silent]
|switch|p1a: Grimmsnarl|Grimmsnarl, M, shiny|73/100
|move|p2a: Dudunsparce|Boomburst|p1a: Grimmsnarl
|-damage|p1a: Grimmsnarl|16/100
|-enditem|p2a: Dudunsparce|Throat Spray
|-boost|p2a: Dudunsparce|spa|1|[from] item: Throat Spray
|
|upkeep
|turn|28
|inactive|kalen80 has 120 seconds left.
|inactive|kalen80 has 90 seconds left.
|inactive|kalen80 has 60 seconds left.
|inactive|kalen80 has 30 seconds left.
|inactive|kalen80 has 20 seconds left.
|inactive|kalen80 has 15 seconds left.
|inactive|kalen80 has 10 seconds left.
|inactive|kalen80 has 5 seconds left.
|-message|kalen80 lost due to inactivity.
|
|win|Nnamzilla
|raw|Nnamzilla's rating: 1277 &rarr; <strong>1297</strong><br />(+20 for winning)
|raw|kalen80's rating: 1212 &rarr; <strong>1192</strong><br />(-20 for losing)
|l|☆Nnamzilla
|player|p1|
|l|☆kalen80
|player|p2|
