|j|☆False Security
|j|☆gay_curse69
|t:|1743805031
|gametype|singles
|player|p1|False Security|preschooler|1306
|player|p2|gay_curse69|266|1330
|teamsize|p1|6
|teamsize|p2|6
|gen|9
|tier|[Gen 9] OU
|rated|
|rule|HP Percentage Mod: HP is shown in percentages
|rule|Endless Battle Clause: Forcing endless battles is banned
|rule|Species Clause: Limit one of each Pokémon
|rule|OHKO Clause: OHKO moves are banned
|rule|Evasion Items Clause: Evasion items are banned
|rule|Evasion Moves Clause: Evasion moves are banned
|rule|Sleep Moves Clause: Sleep-inducing moves are banned
|clearpoke
|poke|p1|Rillaboom, M|
|poke|p1|Moltres|
|poke|p1|Qwilfish-Hisui, M|
|poke|p1|Gholdengo|
|poke|p1|Iron Treads|
|poke|p1|Weavile, F|
|poke|p2|Cinderace, M|
|poke|p2|Great Tusk|
|poke|p2|Garchomp, M|
|poke|p2|Weavile, M|
|poke|p2|Garganacl, M|
|poke|p2|Serperior, M|
|teampreview
|inactive|Battle timer is ON: inactive players will automatically lose when time's up. (requested by False Security)
|
|t:|1743805039
|start
|switch|p1a: Lil’ Bro|Qwilfish-Hisui, M|100/100
|switch|p2a: Garchomp|Garchomp, M|100/100
|-ability|p1a: Lil’ Bro|Intimidate|boost
|-unboost|p2a: Garchomp|atk|1
|turn|1
|
|t:|1743805045
|move|p2a: Garchomp|Stealth Rock|p1a: Lil’ Bro
|-sidestart|p1: False Security|move: Stealth Rock
|move|p1a: Lil’ Bro|Taunt|p2a: Garchomp
|-start|p2a: Garchomp|move: Taunt
|
|upkeep
|turn|2
|
|t:|1743805049
|move|p2a: Garchomp|Earthquake|p1a: Lil’ Bro
|-supereffective|p1a: Lil’ Bro
|-damage|p1a: Lil’ Bro|43/100
|move|p1a: Lil’ Bro|Spikes|p2a: Garchomp
|-sidestart|p2: gay_curse69|Spikes
|
|upkeep
|turn|3
|
|t:|1743805061
|switch|p1a: KFC Delivery|Moltres|100/100
|-ability|p1a: KFC Delivery|Pressure
|move|p2a: Garchomp|Earthquake|p1a: KFC Delivery
|-immune|p1a: KFC Delivery
|
|upkeep
|turn|4
|
|t:|1743805066
|switch|p2a: Garganacl|Garganacl, M|100/100
|-damage|p2a: Garganacl|88/100|[from] Spikes
|move|p1a: KFC Delivery|Will-O-Wisp|p2a: Garganacl
|-immune|p2a: Garganacl|[from] ability: Purifying Salt
|
|-heal|p2a: Garganacl|94/100|[from] item: Leftovers
|upkeep
|turn|5
|
|t:|1743805070
|move|p1a: KFC Delivery|U-turn|p2a: Garganacl
|-damage|p2a: Garganacl|86/100
|
|t:|1743805078
|switch|p1a: Monkey No Glide|Rillaboom, M, shiny|100/100|[from] U-turn
|-damage|p1a: Monkey No Glide|88/100|[from] Stealth Rock
|-fieldstart|move: Grassy Terrain|[from] ability: Grassy Surge|[of] p1a: Monkey No Glide
|move|p2a: Garganacl|Salt Cure|p1a: Monkey No Glide
|-damage|p1a: Monkey No Glide|73/100
|-start|p1a: Monkey No Glide|Salt Cure
|
|-heal|p1a: Monkey No Glide|79/100|[from] Grassy Terrain
|-heal|p2a: Garganacl|92/100|[from] Grassy Terrain
|-heal|p2a: Garganacl|98/100|[from] item: Leftovers
|-damage|p1a: Monkey No Glide|67/100|[from] Salt Cure
|upkeep
|turn|6
|
|t:|1743805085
|switch|p2a: Garchomp|Garchomp, M|100/100
|-damage|p2a: Garchomp|88/100|[from] Spikes
|move|p1a: Monkey No Glide|Trailblaze|p2a: Garchomp
|-damage|p2a: Garchomp|55/100
|-boost|p1a: Monkey No Glide|spe|1
|-damage|p1a: Monkey No Glide|54/100|[from] ability: Rough Skin|[of] p2a: Garchomp
|-damage|p1a: Monkey No Glide|38/100|[from] item: Rocky Helmet|[of] p2a: Garchomp
|
|-heal|p1a: Monkey No Glide|44/100|[from] Grassy Terrain
|-heal|p2a: Garchomp|61/100|[from] Grassy Terrain
|-damage|p1a: Monkey No Glide|31/100|[from] Salt Cure
|upkeep
|turn|7
|
|t:|1743805095
|switch|p1a: Gimme da Weed|Iron Treads, shiny|100/100
|-damage|p1a: Gimme da Weed|97/100|[from] Stealth Rock
|move|p2a: Garchomp|Scale Shot|p1a: Gimme da Weed
|-resisted|p1a: Gimme da Weed
|-damage|p1a: Gimme da Weed|91/100
|-resisted|p1a: Gimme da Weed
|-damage|p1a: Gimme da Weed|84/100
|-resisted|p1a: Gimme da Weed
|-damage|p1a: Gimme da Weed|78/100
|-resisted|p1a: Gimme da Weed
|-damage|p1a: Gimme da Weed|71/100
|-resisted|p1a: Gimme da Weed
|-damage|p1a: Gimme da Weed|64/100
|-hitcount|p1a: Gimme da Weed|5
|-unboost|p2a: Garchomp|def|1
|-boost|p2a: Garchomp|spe|1
|
|-heal|p2a: Garchomp|67/100|[from] Grassy Terrain
|-heal|p1a: Gimme da Weed|70/100|[from] Grassy Terrain
|upkeep
|turn|8
|
|t:|1743805104
|move|p2a: Garchomp|Earthquake|p1a: Gimme da Weed
|-supereffective|p1a: Gimme da Weed
|-damage|p1a: Gimme da Weed|23/100
|move|p1a: Gimme da Weed|Ice Spinner|p2a: Garchomp
|-supereffective|p2a: Garchomp
|-damage|p2a: Garchomp|0 fnt
|-activate|p2a: Garchomp|ability: Rough Skin
|-activate|p1a: Gimme da Weed|item: Protective Pads
|-fieldend|move: Grassy Terrain
|faint|p2a: Garchomp
|
|upkeep
|
|t:|1743805117
|switch|p2a: Serperior|Serperior, M|100/100
|-damage|p2a: Serperior|88/100|[from] Spikes
|turn|9
|
|t:|1743805122
|-end|p1a: Gimme da Weed|Quark Drive|[silent]
|switch|p1a: KFC Delivery|Moltres|100/100
|-ability|p1a: KFC Delivery|Pressure
|move|p2a: Serperior|Leaf Storm|p1a: KFC Delivery
|-resisted|p1a: KFC Delivery
|-damage|p1a: KFC Delivery|88/100
|-boost|p2a: Serperior|spa|2
|
|-heal|p2a: Serperior|94/100|[from] item: Leftovers
|upkeep
|turn|10
|
|t:|1743805130
|switch|p2a: Garganacl|Garganacl, M|98/100
|-damage|p2a: Garganacl|86/100|[from] Spikes
|move|p1a: KFC Delivery|Flamethrower|p2a: Garganacl
|-resisted|p2a: Garganacl
|-damage|p2a: Garganacl|70/100
|
|-heal|p2a: Garganacl|77/100|[from] item: Leftovers
|upkeep
|turn|11
|
|t:|1743805136
|move|p1a: KFC Delivery|U-turn|p2a: Garganacl
|-damage|p2a: Garganacl|68/100
|
|t:|1743805139
|switch|p1a: Gimme da Weed|Iron Treads, shiny|23/100|[from] U-turn
|-damage|p1a: Gimme da Weed|20/100|[from] Stealth Rock
|move|p2a: Garganacl|Salt Cure|p1a: Gimme da Weed
|-resisted|p1a: Gimme da Weed
|-damage|p1a: Gimme da Weed|17/100
|-start|p1a: Gimme da Weed|Salt Cure
|
|-heal|p2a: Garganacl|74/100|[from] item: Leftovers
|-damage|p1a: Gimme da Weed|0 fnt|[from] Salt Cure
|faint|p1a: Gimme da Weed
|-end|p1a: Gimme da Weed|Quark Drive|[silent]
|upkeep
|
|t:|1743805156
|switch|p1a: If i Die WE DIE|Gholdengo, shiny|100/100
|-damage|p1a: If i Die WE DIE|94/100|[from] Stealth Rock
|-item|p1a: If i Die WE DIE|Air Balloon
|turn|12
|
|t:|1743805171
|-terastallize|p1a: If i Die WE DIE|Fairy
|-terastallize|p2a: Garganacl|Ghost
|move|p1a: If i Die WE DIE|Make It Rain|p2a: Garganacl
|-damage|p2a: Garganacl|13/100
|-unboost|p1a: If i Die WE DIE|spa|1
|move|p2a: Garganacl|Salt Cure|p1a: If i Die WE DIE
|-damage|p1a: If i Die WE DIE|81/100
|-start|p1a: If i Die WE DIE|Salt Cure
|-enditem|p1a: If i Die WE DIE|Air Balloon
|
|-heal|p2a: Garganacl|19/100|[from] item: Leftovers
|-damage|p1a: If i Die WE DIE|68/100|[from] Salt Cure
|upkeep
|turn|13
|
|t:|1743805195
|switch|p2a: Cinderace|Cinderace, M|100/100
|move|p1a: If i Die WE DIE|Shadow Ball|p2a: Cinderace
|-damage|p2a: Cinderace|58/100
|
|-damage|p1a: If i Die WE DIE|56/100|[from] Salt Cure
|upkeep
|turn|14
|
|t:|1743805203
|switch|p1a: KFC Delivery|Moltres|88/100
|-ability|p1a: KFC Delivery|Pressure
|move|p2a: Cinderace|U-turn|p1a: KFC Delivery
|-start|p2a: Cinderace|typechange|Bug|[from] ability: Libero
|-resisted|p1a: KFC Delivery
|-damage|p1a: KFC Delivery|82/100
|
|t:|1743805216
|switch|p2a: Serperior|Serperior, M|94/100|[from] U-turn
|-damage|p2a: Serperior|82/100|[from] Spikes
|
|-heal|p2a: Serperior|88/100|[from] item: Leftovers
|upkeep
|turn|15
|
|t:|1743805222
|move|p2a: Serperior|Glare|p1a: KFC Delivery
|-status|p1a: KFC Delivery|par
|move|p1a: KFC Delivery|Flamethrower|p2a: Serperior
|-supereffective|p2a: Serperior
|-crit|p2a: Serperior
|-damage|p2a: Serperior|0 fnt
|faint|p2a: Serperior
|
|upkeep
|
|t:|1743805239
|switch|p2a: Garganacl|Garganacl, M, tera:Ghost|19/100
|-damage|p2a: Garganacl|7/100|[from] Spikes
|turn|16
|
|t:|1743805255
|cant|p1a: KFC Delivery|par
|move|p2a: Garganacl|Recover|p2a: Garganacl
|-heal|p2a: Garganacl|57/100
|
|-heal|p2a: Garganacl|63/100|[from] item: Leftovers
|upkeep
|turn|17
|c|☆False Security|why.
|c|☆False Security|why.
|c|☆False Security|why.
|c|☆False Security|why.
|c|☆False Security|why.
|
|t:|1743805267
|move|p1a: KFC Delivery|Flamethrower|p2a: Garganacl
|-damage|p2a: Garganacl|30/100
|move|p2a: Garganacl|Recover|p2a: Garganacl
|-heal|p2a: Garganacl|80/100
|
|-heal|p2a: Garganacl|86/100|[from] item: Leftovers
|upkeep
|turn|18
|
|t:|1743805281
|move|p1a: KFC Delivery|U-turn|p2a: Garganacl
|-resisted|p2a: Garganacl
|-damage|p2a: Garganacl|82/100
|-message|False Security forfeited.
|
|win|gay_curse69
|raw|False Security's rating: 1306 &rarr; <strong>1287</strong><br />(-19 for losing)
|raw|gay_curse69's rating: 1330 &rarr; <strong>1349</strong><br />(+19 for winning)
|l|☆gay_curse69
|player|p2|
|j| sgt. unicorn
|j| sire clod
|j| ILOVEPECHARUNTRAH
|j| ian_yo
|j| ghostyy fellow
|j| Lazilalt
|l| ILOVEPECHARUNTRAH
|l| ghostyy fellow
|l| Lazilalt
|l| sgt. unicorn
|l|☆False Security
|player|p1|
|l| sire clod
