|j|☆pinguzzzz<3
|j|☆ezequiel_frn
|t:|1743928029
|gametype|singles
|player|p1|pinguzzzz<3|clair|1171
|player|p2|ezequiel_frn|266|1205
|teamsize|p1|6
|teamsize|p2|6
|gen|9
|tier|[Gen 9] OU
|rated|
|rule|HP Percentage Mod: HP is shown in percentages
|rule|Endless Battle Clause: Forcing endless battles is banned
|rule|Species Clause: Limit one of each Pokémon
|rule|OHKO Clause: OHKO moves are banned
|rule|Evasion Items Clause: Evasion items are banned
|rule|Evasion Moves Clause: Evasion moves are banned
|rule|Sleep Moves Clause: Sleep-inducing moves are banned
|clearpoke
|poke|p1|Garganacl, F|
|poke|p1|Kingambit, F|
|poke|p1|Infernape, M|
|poke|p1|Great Tusk|
|poke|p1|Walking Wake|
|poke|p1|Torkoal, F|
|poke|p2|Hitmonlee, M|
|poke|p2|Inteleon, M|
|poke|p2|Chimecho, M|
|poke|p2|Hatterene, F|
|poke|p2|Arbok, M|
|poke|p2|Mabosstiff, F|
|teampreview
|inactive|Battle timer is ON: inactive players will automatically lose when time's up. (requested by ezequiel_frn)
|
|t:|1743928053
|start
|switch|p1a: Infernape|Infernape, M|100/100
|switch|p2a: Arbok|Arbok, M|100/100
|-ability|p2a: Arbok|Intimidate|boost
|-unboost|p1a: Infernape|atk|1
|turn|1
|
|t:|1743928060
|move|p1a: Infernape|U-turn|p2a: Arbok
|-resisted|p2a: Arbok
|-damage|p2a: Arbok|96/100
|
|t:|1743928063
|switch|p1a: Great Tusk|Great Tusk|100/100|[from] U-turn
|move|p2a: Arbok|Switcheroo|p1a: Great Tusk
|-activate|p2a: Arbok|move: Trick|[of] p1a: Great Tusk
|-item|p1a: Great Tusk|Black Sludge|[from] move: Switcheroo
|-item|p2a: Arbok|Rocky Helmet|[from] move: Switcheroo
|
|-damage|p1a: Great Tusk|88/100|[from] item: Black Sludge
|upkeep
|turn|2
|
|t:|1743928076
|switch|p2a: Chimecho|Chimecho, M|100/100
|move|p1a: Great Tusk|Headlong Rush|p2a: Chimecho
|-immune|p2a: Chimecho|[from] ability: Levitate
|
|-damage|p1a: Great Tusk|76/100|[from] item: Black Sludge
|upkeep
|turn|3
|
|t:|1743928086
|-end|p1a: Great Tusk|Protosynthesis|[silent]
|switch|p1a: Torkoal|Torkoal, F|100/100
|-weather|SunnyDay|[from] ability: Drought|[of] p1a: Torkoal
|switch|p2a: Hatterene|Hatterene, F|100/100
|
|-weather|SunnyDay|[upkeep]
|upkeep
|turn|4
|
|t:|1743928095
|move|p2a: Hatterene|Mystical Fire|p1a: Torkoal
|-resisted|p1a: Torkoal
|-damage|p1a: Torkoal|70/100
|-unboost|p1a: Torkoal|spa|1
|move|p1a: Torkoal|Lava Plume|p2a: Hatterene
|-damage|p2a: Hatterene|83/100
|
|-weather|SunnyDay|[upkeep]
|upkeep
|turn|5
|
|t:|1743928104
|move|p2a: Hatterene|Nuzzle|p1a: Torkoal
|-damage|p1a: Torkoal|67/100
|-status|p1a: Torkoal|par
|move|p1a: Torkoal|Lava Plume|p2a: Hatterene
|-damage|p2a: Hatterene|65/100
|-status|p2a: Hatterene|brn
|
|-weather|SunnyDay|[upkeep]
|-damage|p2a: Hatterene|59/100 brn|[from] brn
|upkeep
|turn|6
|
|t:|1743928114
|move|p2a: Hatterene|Psychic|p1a: Torkoal
|-damage|p1a: Torkoal|0 fnt
|faint|p1a: Torkoal
|
|-weather|SunnyDay|[upkeep]
|-damage|p2a: Hatterene|53/100 brn|[from] brn
|upkeep
|
|t:|1743928131
|switch|p1a: Walking Wake|Walking Wake|100/100
|-activate|p1a: Walking Wake|ability: Protosynthesis
|-start|p1a: Walking Wake|protosynthesisspe
|turn|7
|
|t:|1743928139
|move|p1a: Walking Wake|Hydro Steam|p2a: Hatterene
|-damage|p2a: Hatterene|0 fnt
|faint|p2a: Hatterene
|
|-weather|SunnyDay|[upkeep]
|upkeep
|
|t:|1743928152
|switch|p2a: Hitmonlee|Hitmonlee, M|100/100
|turn|8
|
|t:|1743928175
|-terastallize|p1a: Walking Wake|Water
|move|p1a: Walking Wake|Hydro Steam|p2a: Hitmonlee
|-damage|p2a: Hitmonlee|0 fnt
|faint|p2a: Hitmonlee
|
|-weather|SunnyDay|[upkeep]
|upkeep
|
|t:|1743928185
|switch|p2a: Chimecho|Chimecho, M|100/100
|turn|9
|
|t:|1743928189
|-terastallize|p2a: Chimecho|Electric
|move|p1a: Walking Wake|Hydro Steam|p2a: Chimecho
|-damage|p2a: Chimecho|0 fnt
|faint|p2a: Chimecho
|
|-weather|SunnyDay|[upkeep]
|upkeep
|c|☆pinguzzzz<3|retire
|
|t:|1743928196
|switch|p2a: Arbok|Arbok, M|96/100
|-ability|p2a: Arbok|Intimidate|boost
|-unboost|p1a: Walking Wake|atk|1
|turn|10
|
|t:|1743928201
|move|p1a: Walking Wake|Hydro Steam|p2a: Arbok
|-damage|p2a: Arbok|0 fnt
|faint|p2a: Arbok
|
|-weather|none
|-end|p1a: Walking Wake|Protosynthesis
|upkeep
|
|t:|1743928207
|switch|p2a: Mabosstiff|Mabosstiff, F|100/100
|turn|11
|
|t:|1743928210
|move|p1a: Walking Wake|Hydro Steam|p2a: Mabosstiff
|-damage|p2a: Mabosstiff|0 fnt
|faint|p2a: Mabosstiff
|
|upkeep
|
|t:|1743928214
|switch|p2a: Inteleon|Inteleon, M|100/100
|turn|12
|
|t:|1743928217
|move|p1a: Walking Wake|Hydro Steam|p2a: Inteleon
|-resisted|p2a: Inteleon
|-damage|p2a: Inteleon|27/100
|move|p2a: Inteleon|Air Slash|p1a: Walking Wake
|-damage|p1a: Walking Wake|70/100
|
|upkeep
|turn|13
|
|t:|1743928222
|move|p1a: Walking Wake|Hydro Steam|p2a: Inteleon
|-resisted|p2a: Inteleon
|-damage|p2a: Inteleon|0 fnt
|faint|p2a: Inteleon
|
|win|pinguzzzz<3
|raw|pinguzzzz&lt;3's rating: 1171 &rarr; <strong>1198</strong><br />(+27 for winning)
|raw|ezequiel_frn's rating: 1205 &rarr; <strong>1178</strong><br />(-27 for losing)
|l|☆ezequiel_frn
|player|p2|
|l|☆pinguzzzz<3
|player|p1|
