|j|☆AlmightyShuckleGod
|j|☆dan melon
|t:|1743811228
|gametype|singles
|player|p1|AlmightyShuckleGod|gambler|1320
|player|p2|dan melon|colress|1304
|teamsize|p1|6
|teamsize|p2|6
|gen|9
|tier|[Gen 9] OU
|rated|
|rule|HP Percentage Mod: HP is shown in percentages
|rule|Endless Battle Clause: Forcing endless battles is banned
|rule|Species Clause: Limit one of each Pokémon
|rule|OHKO Clause: OHKO moves are banned
|rule|Evasion Items Clause: Evasion items are banned
|rule|Evasion Moves Clause: Evasion moves are banned
|rule|Sleep Moves Clause: Sleep-inducing moves are banned
|clearpoke
|poke|p1|Weavile, M|
|poke|p1|Cinderace, M|
|poke|p1|Pecharunt|
|poke|p1|Zapdos|
|poke|p1|Keldeo-Resolute|
|poke|p1|Hydrapple, M|
|poke|p2|Pelipper, F|
|poke|p2|Barraskewda, F|
|poke|p2|Indeedee, M|
|poke|p2|Iron Treads|
|poke|p2|Golduck, M|
|poke|p2|Kingdra, M|
|teampreview
|inactive|Battle timer is ON: inactive players will automatically lose when time's up. (requested by AlmightyShuckleGod)
|inactive|dan melon also wants the timer to be on.
|
|t:|1743811253
|start
|switch|p1a: Cinderace|Cinderace, M|100/100
|switch|p2a: Iron Treads|Iron Treads|100/100
|-enditem|p2a: Iron Treads|Booster Energy
|-activate|p2a: Iron Treads|ability: Quark Drive|[fromitem]
|-start|p2a: Iron Treads|quarkdrivespe
|turn|1
|
|t:|1743811273
|switch|p1a: Hydrapple|Hydrapple, M|100/100
|move|p2a: Iron Treads|Earthquake|p1a: Hydrapple
|-resisted|p1a: Hydrapple
|-damage|p1a: Hydrapple|84/100
|
|upkeep
|turn|2
|
|t:|1743811292
|-end|p2a: Iron Treads|Quark Drive|[silent]
|switch|p2a: Indeedee|Indeedee, M|100/100
|-fieldstart|move: Psychic Terrain|[from] ability: Psychic Surge|[of] p2a: Indeedee
|move|p1a: Hydrapple|Energy Ball|p2a: Indeedee
|-damage|p2a: Indeedee|30/100
|
|upkeep
|turn|3
|
|t:|1743811303
|move|p2a: Indeedee|Expanding Force|p1a: Hydrapple
|-damage|p1a: Hydrapple|40/100
|move|p1a: Hydrapple|Energy Ball|p2a: Indeedee
|-damage|p2a: Indeedee|0 fnt
|faint|p2a: Indeedee
|
|upkeep
|
|t:|1743811309
|switch|p2a: Pelipper|Pelipper, F|100/100
|-weather|RainDance|[from] ability: Drizzle|[of] p2a: Pelipper
|turn|4
|
|t:|1743811318
|switch|p1a: Zapdos|Zapdos|100/100
|move|p2a: Pelipper|U-turn|p1a: Zapdos
|-resisted|p1a: Zapdos
|-damage|p1a: Zapdos|96/100
|
|t:|1743811323
|switch|p2a: Golduck|Golduck, M|100/100|[from] U-turn
|
|-weather|RainDance|[upkeep]
|-heal|p1a: Zapdos|100/100|[from] item: Leftovers
|upkeep
|turn|5
|
|t:|1743811332
|-terastallize|p2a: Golduck|Psychic
|move|p2a: Golduck|Nasty Plot|p2a: Golduck
|-boost|p2a: Golduck|spa|2
|move|p1a: Zapdos|Discharge|p2a: Golduck
|-damage|p2a: Golduck|51/100
|
|-weather|RainDance|[upkeep]
|upkeep
|turn|6
|
|t:|1743811341
|move|p2a: Golduck|Ice Beam|p1a: Zapdos
|-supereffective|p1a: Zapdos
|-damage|p1a: Zapdos|0 fnt
|faint|p1a: Zapdos
|-damage|p2a: Golduck|41/100|[from] item: Life Orb
|
|-weather|RainDance|[upkeep]
|upkeep
|
|t:|1743811351
|switch|p1a: Cinderace|Cinderace, M|100/100
|turn|7
|
|t:|1743811354
|move|p1a: Cinderace|Sucker Punch|p2a: Golduck
|-start|p1a: Cinderace|typechange|Dark|[from] ability: Libero
|-activate|p2a: Golduck|move: Psychic Terrain
|move|p2a: Golduck|Psyshock|p1a: Cinderace
|-immune|p1a: Cinderace
|
|-weather|RainDance|[upkeep]
|upkeep
|turn|8
|
|t:|1743811372
|move|p2a: Golduck|Hydro Pump|p1a: Cinderace
|-damage|p1a: Cinderace|0 fnt
|faint|p1a: Cinderace
|-damage|p2a: Golduck|31/100|[from] item: Life Orb
|
|-weather|RainDance|[upkeep]
|upkeep
|inactive|AlmightyShuckleGod has 120 seconds left.
|
|t:|1743811406
|switch|p1a: Hydrapple|Hydrapple, M|73/100
|turn|9
|
|t:|1743811419
|-terastallize|p1a: Hydrapple|Fairy
|move|p2a: Golduck|Psyshock|p1a: Hydrapple
|-damage|p1a: Hydrapple|0 fnt
|faint|p1a: Hydrapple
|-damage|p2a: Golduck|22/100|[from] item: Life Orb
|
|-weather|RainDance|[upkeep]
|-fieldend|move: Psychic Terrain
|upkeep
|
|t:|1743811433
|switch|p1a: Weavile|Weavile, M|100/100
|-ability|p1a: Weavile|Pressure
|turn|10
|
|t:|1743811456
|move|p2a: Golduck|Hydro Pump|p1a: Weavile|[miss]
|-miss|p2a: Golduck|p1a: Weavile
|move|p1a: Weavile|Knock Off|p2a: Golduck
|-supereffective|p2a: Golduck
|-damage|p2a: Golduck|0 fnt
|-enditem|p2a: Golduck|Life Orb|[from] move: Knock Off|[of] p1a: Weavile
|faint|p2a: Golduck
|
|-weather|RainDance|[upkeep]
|upkeep
|
|t:|1743811460
|switch|p2a: Barraskewda|Barraskewda, F|100/100
|turn|11
|
|t:|1743811467
|switch|p1a: Pecharunt|Pecharunt|100/100
|move|p2a: Barraskewda|Waterfall|p1a: Pecharunt
|-damage|p1a: Pecharunt|46/100
|-damage|p2a: Barraskewda|91/100|[from] item: Life Orb
|
|-weather|none
|-heal|p1a: Pecharunt|52/100|[from] item: Leftovers
|upkeep
|turn|12
|
|t:|1743811476
|move|p2a: Barraskewda|Flip Turn|p1a: Pecharunt
|-crit|p1a: Pecharunt
|-damage|p1a: Pecharunt|17/100
|-damage|p2a: Barraskewda|81/100|[from] item: Life Orb
|
|t:|1743811480
|switch|p2a: Pelipper|Pelipper, F|100/100|[from] Flip Turn
|-weather|RainDance|[from] ability: Drizzle|[of] p2a: Pelipper
|move|p1a: Pecharunt|Recover|p1a: Pecharunt
|-heal|p1a: Pecharunt|67/100
|
|-weather|RainDance|[upkeep]
|-heal|p1a: Pecharunt|73/100|[from] item: Leftovers
|upkeep
|turn|13
|
|t:|1743811492
|move|p1a: Pecharunt|Malignant Chain|p2a: Pelipper
|-damage|p2a: Pelipper|58/100
|-status|p2a: Pelipper|tox
|-start|p2a: Pelipper|confusion|[from] ability: Poison Puppeteer|[of] p1a: Pecharunt
|-activate|p2a: Pelipper|confusion
|move|p2a: Pelipper|Hurricane|p1a: Pecharunt
|-damage|p1a: Pecharunt|37/100
|
|-weather|RainDance|[upkeep]
|-heal|p1a: Pecharunt|43/100|[from] item: Leftovers
|-damage|p2a: Pelipper|52/100 tox|[from] psn
|upkeep
|turn|14
|
|t:|1743811503
|switch|p2a: Iron Treads|Iron Treads|100/100
|move|p1a: Pecharunt|Recover|p1a: Pecharunt
|-heal|p1a: Pecharunt|93/100
|
|-weather|RainDance|[upkeep]
|-heal|p1a: Pecharunt|99/100|[from] item: Leftovers
|upkeep
|turn|15
|
|t:|1743811512
|switch|p1a: Weavile|Weavile, M|100/100
|-ability|p1a: Weavile|Pressure
|move|p2a: Iron Treads|Earthquake|p1a: Weavile
|-damage|p1a: Weavile|19/100
|
|-weather|RainDance|[upkeep]
|upkeep
|turn|16
|
|t:|1743811535
|-end|p2a: Iron Treads|Quark Drive|[silent]
|switch|p2a: Kingdra|Kingdra, M|100/100
|move|p1a: Weavile|Triple Axel|p2a: Kingdra|[miss]
|-miss|p1a: Weavile|p2a: Kingdra
|
|-weather|RainDance|[upkeep]
|upkeep
|turn|17
|
|t:|1743811544
|move|p2a: Kingdra|Hurricane|p1a: Weavile
|-damage|p1a: Weavile|0 fnt
|faint|p1a: Weavile
|-damage|p2a: Kingdra|91/100|[from] item: Life Orb
|
|-weather|RainDance|[upkeep]
|upkeep
|
|t:|1743811549
|switch|p1a: Pecharunt|Pecharunt|99/100
|turn|18
|
|t:|1743811553
|move|p2a: Kingdra|Flip Turn|p1a: Pecharunt
|-damage|p1a: Pecharunt|77/100
|-damage|p2a: Kingdra|81/100|[from] item: Life Orb
|
|t:|1743811557
|switch|p2a: Iron Treads|Iron Treads|100/100|[from] Flip Turn
|move|p1a: Pecharunt|Malignant Chain|p2a: Iron Treads
|-immune|p2a: Iron Treads
|
|-weather|RainDance|[upkeep]
|-heal|p1a: Pecharunt|83/100|[from] item: Leftovers
|upkeep
|turn|19
|
|t:|1743811565
|move|p2a: Iron Treads|Earthquake|p1a: Pecharunt
|-supereffective|p1a: Pecharunt
|-damage|p1a: Pecharunt|26/100
|move|p1a: Pecharunt|Parting Shot|p2a: Iron Treads
|-unboost|p2a: Iron Treads|atk|1
|-unboost|p2a: Iron Treads|spa|1
|
|t:|1743811569
|switch|p1a: Keldeo|Keldeo-Resolute|100/100|[from] Parting Shot
|
|-weather|none
|upkeep
|turn|20
|
|t:|1743811575
|move|p2a: Iron Treads|Earthquake|p1a: Keldeo
|-damage|p1a: Keldeo|64/100
|move|p1a: Keldeo|Hydro Pump|p2a: Iron Treads|[miss]
|-miss|p1a: Keldeo|p2a: Iron Treads
|
|upkeep
|turn|21
|
|t:|1743811583
|move|p2a: Iron Treads|Earthquake|p1a: Keldeo
|-damage|p1a: Keldeo|26/100
|move|p1a: Keldeo|Hydro Pump|p2a: Iron Treads
|-supereffective|p2a: Iron Treads
|-damage|p2a: Iron Treads|0 fnt
|faint|p2a: Iron Treads
|-end|p2a: Iron Treads|Quark Drive|[silent]
|
|upkeep
|
|t:|1743811588
|switch|p2a: Pelipper|Pelipper, F|52/100 tox
|-weather|RainDance|[from] ability: Drizzle|[of] p2a: Pelipper
|turn|22
|
|t:|1743811593
|move|p1a: Keldeo|Hydro Pump|p2a: Pelipper
|-resisted|p2a: Pelipper
|-damage|p2a: Pelipper|0 fnt
|faint|p2a: Pelipper
|
|-weather|RainDance|[upkeep]
|upkeep
|
|t:|1743811597
|switch|p2a: Barraskewda|Barraskewda, F|81/100
|turn|23
|
|t:|1743811605
|move|p2a: Barraskewda|Waterfall|p1a: Keldeo
|-resisted|p1a: Keldeo
|-damage|p1a: Keldeo|0 fnt
|faint|p1a: Keldeo
|-damage|p2a: Barraskewda|71/100|[from] item: Life Orb
|
|-weather|RainDance|[upkeep]
|upkeep
|
|t:|1743811608
|switch|p1a: Pecharunt|Pecharunt|26/100
|turn|24
|
|t:|1743811611
|move|p2a: Barraskewda|Waterfall|p1a: Pecharunt
|-damage|p1a: Pecharunt|0 fnt
|faint|p1a: Pecharunt
|-damage|p2a: Barraskewda|61/100|[from] item: Life Orb
|
|win|dan melon
|raw|AlmightyShuckleGod's rating: 1320 &rarr; <strong>1299</strong><br />(-21 for losing)
|raw|dan melon's rating: 1304 &rarr; <strong>1325</strong><br />(+21 for winning)
|l|☆AlmightyShuckleGod
|player|p1|
|l|☆dan melon
|player|p2|
