|j|☆breadifries
|j|☆schemacide
|t:|1743871947
|gametype|singles
|player|p1|breadifries|pokemaniac|1129
|player|p2|schemacide|n|1131
|teamsize|p1|6
|teamsize|p2|6
|gen|9
|tier|[Gen 9] OU
|rated|
|rule|HP Percentage Mod: HP is shown in percentages
|rule|Endless Battle Clause: Forcing endless battles is banned
|rule|Species Clause: Limit one of each Pokémon
|rule|OHKO Clause: OHKO moves are banned
|rule|Evasion Items Clause: Evasion items are banned
|rule|Evasion Moves Clause: Evasion moves are banned
|rule|Sleep Moves Clause: Sleep-inducing moves are banned
|clearpoke
|poke|p1|Glimmora, M|
|poke|p1|Cinderace, M|
|poke|p1|Gholdengo|
|poke|p1|Ting-Lu|
|poke|p1|Corviknight, M|
|poke|p1|Kingambit, F|
|poke|p2|Minior-Violet|
|poke|p2|Sinistcha|
|poke|p2|Gliscor, F|
|poke|p2|Thundurus, M|
|poke|p2|Tentacruel, M|
|poke|p2|Hoopa-Unbound|
|teampreview
|inactive|Battle timer is ON: inactive players will automatically lose when time's up. (requested by breadifries)
|
|t:|1743871961
|start
|switch|p1a: Wierd alien thing|Glimmora, M, shiny|100/100
|switch|p2a: john4|Gliscor, F|100/100
|turn|1
|
|t:|1743871965
|move|p1a: Wierd alien thing|Stealth Rock|p2a: john4
|-sidestart|p2: schemacide|move: Stealth Rock
|move|p2a: john4|Stealth Rock|p1a: Wierd alien thing
|-sidestart|p1: breadifries|move: Stealth Rock
|
|-status|p2a: john4|tox|[from] item: Toxic Orb
|upkeep
|turn|2
|
|t:|1743871971
|move|p1a: Wierd alien thing|Spiky Shield|p1a: Wierd alien thing
|-singleturn|p1a: Wierd alien thing|move: Protect
|move|p2a: john4|Knock Off|p1a: Wierd alien thing
|-activate|p1a: Wierd alien thing|move: Protect
|-damage|p2a: john4|88/100 tox|[from] Spiky Shield|[of] p1a: Wierd alien thing
|
|-heal|p2a: john4|100/100 tox|[from] ability: Poison Heal
|upkeep
|turn|3
|
|t:|1743871979
|move|p1a: Wierd alien thing|Power Gem|p2a: john4
|-damage|p2a: john4|51/100 tox
|move|p2a: john4|Knock Off|p1a: Wierd alien thing
|-damage|p1a: Wierd alien thing|71/100
|-activate|p1a: Wierd alien thing|ability: Toxic Debris
|-sidestart|p2: schemacide|move: Toxic Spikes
|-enditem|p1a: Wierd alien thing|Focus Sash|[from] move: Knock Off|[of] p2a: john4
|
|-heal|p2a: john4|63/100 tox|[from] ability: Poison Heal
|upkeep
|turn|4
|c|☆schemacide|weird alien thing is real asf ngl
|
|t:|1743871988
|switch|p2a: john6|Tentacruel, M|100/100
|-damage|p2a: john6|88/100|[from] Stealth Rock
|-sideend|p2: schemacide|move: Toxic Spikes|[of] p2a: john6
|move|p1a: Wierd alien thing|Power Gem|p2a: john6
|-damage|p2a: john6|63/100
|
|-heal|p2a: john6|69/100|[from] item: Leftovers
|upkeep
|turn|5
|
|t:|1743871995
|move|p1a: Wierd alien thing|Mortal Spin|p2a: john6
|-resisted|p2a: john6
|-damage|p2a: john6|66/100
|-sideend|p1: breadifries|Stealth Rock|[from] move: Mortal Spin|[of] p1a: Wierd alien thing
|move|p2a: john6|Surf|p1a: Wierd alien thing
|-supereffective|p1a: Wierd alien thing
|-damage|p1a: Wierd alien thing|6/100
|
|-heal|p2a: john6|72/100|[from] item: Leftovers
|upkeep
|turn|6
|
|t:|1743871997
|move|p1a: Wierd alien thing|Spiky Shield|p1a: Wierd alien thing
|-singleturn|p1a: Wierd alien thing|move: Protect
|move|p2a: john6|Rapid Spin|p1a: Wierd alien thing
|-activate|p1a: Wierd alien thing|move: Protect
|-damage|p2a: john6|60/100|[from] Spiky Shield|[of] p1a: Wierd alien thing
|
|-heal|p2a: john6|66/100|[from] item: Leftovers
|upkeep
|turn|7
|
|t:|1743872007
|switch|p1a: Golden surfer|Gholdengo|100/100
|switch|p2a: Hoopa|Hoopa-Unbound|100/100
|-damage|p2a: Hoopa|88/100|[from] Stealth Rock
|
|upkeep
|turn|8
|c|☆breadifries|Shit nice predict
|
|t:|1743872026
|switch|p1a: Messi|Cinderace, M, shiny|100/100
|move|p2a: Hoopa|Dark Pulse|p1a: Messi
|-damage|p1a: Messi|33/100
|
|upkeep
|turn|9
|c|☆schemacide|thanks bru
|
|t:|1743872041
|move|p2a: Hoopa|Dark Pulse|p1a: Messi
|-damage|p1a: Messi|0 fnt
|faint|p1a: Messi
|
|upkeep
|c|☆schemacide|messi the goat
|
|t:|1743872052
|switch|p1a: Robo raindeer|Ting-Lu|100/100
|-ability|p1a: Robo raindeer|Vessel of Ruin
|turn|10
|
|t:|1743872061
|switch|p2a: john6|Tentacruel, M|66/100
|-damage|p2a: john6|53/100|[from] Stealth Rock
|move|p1a: Robo raindeer|Spikes|p2a: john6
|-sidestart|p2: schemacide|Spikes
|
|-heal|p2a: john6|59/100|[from] item: Leftovers
|upkeep
|turn|11
|
|t:|1743872073
|move|p2a: john6|Rapid Spin|p1a: Robo raindeer
|-damage|p1a: Robo raindeer|96/100
|-boost|p2a: john6|spe|1
|-sideend|p2: schemacide|Spikes|[from] move: Rapid Spin|[of] p2a: john6
|-sideend|p2: schemacide|Stealth Rock|[from] move: Rapid Spin|[of] p2a: john6
|move|p1a: Robo raindeer|Ruination|p2a: john6
|-damage|p2a: john6|30/100
|
|-heal|p2a: john6|36/100|[from] item: Leftovers
|-heal|p1a: Robo raindeer|100/100|[from] item: Leftovers
|upkeep
|turn|12
|
|t:|1743872079
|move|p2a: john6|Toxic|p1a: Robo raindeer
|-status|p1a: Robo raindeer|tox
|move|p1a: Robo raindeer|Spikes|p2a: john6
|-sidestart|p2: schemacide|Spikes
|
|-heal|p2a: john6|42/100|[from] item: Leftovers
|-damage|p1a: Robo raindeer|94/100 tox|[from] psn
|upkeep
|turn|13
|
|t:|1743872091
|move|p2a: john6|Surf|p1a: Robo raindeer
|-supereffective|p1a: Robo raindeer
|-damage|p1a: Robo raindeer|66/100 tox
|move|p1a: Robo raindeer|Earthquake|p2a: john6
|-supereffective|p2a: john6
|-damage|p2a: john6|0 fnt
|faint|p2a: john6
|
|-heal|p1a: Robo raindeer|72/100 tox|[from] item: Leftovers
|-damage|p1a: Robo raindeer|60/100 tox|[from] psn
|upkeep
|
|t:|1743872107
|switch|p2a: john5|Thundurus, M|100/100
|turn|14
|
|t:|1743872116
|move|p2a: john5|Grass Knot|p1a: Robo raindeer
|-supereffective|p1a: Robo raindeer
|-damage|p1a: Robo raindeer|18/100 tox
|move|p1a: Robo raindeer|Whirlwind|p2a: john5
|drag|p2a: Hoopa|Hoopa-Unbound|88/100
|-damage|p2a: Hoopa|76/100|[from] Spikes
|
|-heal|p1a: Robo raindeer|24/100 tox|[from] item: Leftovers
|-damage|p1a: Robo raindeer|5/100 tox|[from] psn
|upkeep
|turn|15
|
|t:|1743872134
|switch|p1a: Queen gambit|Kingambit, F, shiny|100/100
|-activate|p1a: Queen gambit|ability: Supreme Overlord
|-start|p1a: Queen gambit|fallen1|[silent]
|move|p2a: Hoopa|Dark Pulse|p1a: Queen gambit
|-resisted|p1a: Queen gambit
|-crit|p1a: Queen gambit
|-damage|p1a: Queen gambit|63/100
|
|upkeep
|turn|16
|
|t:|1743872149
|switch|p2a: john4|Gliscor, F|63/100 tox
|move|p1a: Queen gambit|Iron Head|p2a: john4
|-damage|p2a: john4|28/100 tox
|
|-heal|p2a: john4|40/100 tox|[from] ability: Poison Heal
|upkeep
|turn|17
|
|t:|1743872155
|move|p1a: Queen gambit|Sucker Punch||[still]
|-fail|p1a: Queen gambit
|move|p2a: john4|Stealth Rock|p1a: Queen gambit
|-sidestart|p1: breadifries|move: Stealth Rock
|
|-heal|p2a: john4|52/100 tox|[from] ability: Poison Heal
|upkeep
|turn|18
|
|t:|1743872163
|move|p2a: john4|Protect|p2a: john4
|-singleturn|p2a: john4|Protect
|move|p1a: Queen gambit|Swords Dance|p1a: Queen gambit
|-boost|p1a: Queen gambit|atk|2
|
|-heal|p2a: john4|65/100 tox|[from] ability: Poison Heal
|upkeep
|turn|19
|
|t:|1743872168
|move|p1a: Queen gambit|Sucker Punch|p2a: john4
|-damage|p2a: john4|0 fnt
|faint|p2a: john4
|
|upkeep
|c|☆schemacide|wp
|c|☆breadifries|Thx
|
|t:|1743872185
|switch|p2a: john1|Minior-Violet|100/100
|-formechange|p2a: john1|Minior-Meteor||[from] ability: Shields Down
|turn|20
|c|☆breadifries|Losable tho
|
|t:|1743872198
|move|p2a: john1|Shell Smash|p2a: john1
|-unboost|p2a: john1|def|1
|-unboost|p2a: john1|spd|1
|-boost|p2a: john1|atk|2
|-boost|p2a: john1|spa|2
|-boost|p2a: john1|spe|2
|-enditem|p2a: john1|White Herb
|-clearnegativeboost|p2a: john1|[silent]
|move|p1a: Queen gambit|Iron Head|p2a: john1
|-supereffective|p2a: john1
|-damage|p2a: john1|0 fnt
|faint|p2a: john1
|
|upkeep
|c|☆schemacide|nah not rlly lol
|
|t:|1743872222
|switch|p2a: john2|Sinistcha|100/100
|turn|21
|
|t:|1743872230
|move|p1a: Queen gambit|Sucker Punch||[still]
|-fail|p1a: Queen gambit
|move|p2a: john2|Strength Sap|p1a: Queen gambit
|-unboost|p1a: Queen gambit|atk|1
|
|upkeep
|turn|22
|
|t:|1743872236
|move|p1a: Queen gambit|Sucker Punch|p2a: john2
|-supereffective|p2a: john2
|-damage|p2a: john2|0 fnt
|faint|p2a: john2
|
|upkeep
|-message|schemacide forfeited.
|
|win|breadifries
|raw|breadifries's rating: 1129 &rarr; <strong>1154</strong><br />(+25 for winning)
|raw|schemacide's rating: 1131 &rarr; <strong>1106</strong><br />(-25 for losing)
|l|☆schemacide
|player|p2|
|c|☆breadifries|Gg
|l|☆breadifries
|player|p1|
