|j|☆DayBreak0911
|j|☆sweeper(troll)
|t:|1743937737
|gametype|singles
|player|p1|DayBreak0911|hooligans|1105
|player|p2|sweeper(troll)|266|1070
|teamsize|p1|6
|teamsize|p2|6
|gen|9
|tier|[Gen 9] OU
|rated|
|rule|HP Percentage Mod: HP is shown in percentages
|rule|Endless Battle Clause: Forcing endless battles is banned
|rule|Species Clause: Limit one of each Pokémon
|rule|OHKO Clause: OHKO moves are banned
|rule|Evasion Items Clause: Evasion items are banned
|rule|Evasion Moves Clause: Evasion moves are banned
|rule|Sleep Moves Clause: Sleep-inducing moves are banned
|clearpoke
|poke|p1|Arboliva, M|
|poke|p1|Sandaconda, M|
|poke|p1|Scream Tail|
|poke|p1|Uxie|
|poke|p1|Deoxys-Defense|
|poke|p1|Tentacruel, M|
|poke|p2|Dusclops, F|
|poke|p2|Hatterene, F|
|poke|p2|Jirachi|
|poke|p2|Cresselia, F|
|poke|p2|Kleavor, F|
|poke|p2|Mimikyu, M|
|teampreview
|inactive|Battle timer is ON: inactive players will automatically lose when time's up. (requested by sweeper(troll))
|inactive|DayBreak0911 also wants the timer to be on.
|
|t:|1743937743
|start
|switch|p1a: Peanut-butterfish|Tentacruel, M, shiny|100/100
|switch|p2a: Kleavor|Kleavor, F|100/100
|turn|1
|
|t:|1743937747
|move|p1a: Peanut-butterfish|Liquidation|p2a: Kleavor
|-supereffective|p2a: Kleavor
|-crit|p2a: Kleavor
|-enditem|p2a: Kleavor|Focus Sash
|-damage|p2a: Kleavor|1/100
|move|p2a: Kleavor|Stone Axe|p1a: Peanut-butterfish
|-damage|p1a: Peanut-butterfish|4/100
|-sidestart|p1: DayBreak0911|move: Stealth Rock
|
|-heal|p1a: Peanut-butterfish|10/100|[from] item: Leftovers
|upkeep
|turn|2
|
|t:|1743937755
|move|p1a: Peanut-butterfish|Knock Off|p2a: Kleavor
|-damage|p2a: Kleavor|0 fnt
|faint|p2a: Kleavor
|
|-heal|p1a: Peanut-butterfish|16/100|[from] item: Leftovers
|upkeep
|
|t:|1743937758
|switch|p2a: Hatterene|Hatterene, F|100/100
|turn|3
|
|t:|1743937761
|move|p1a: Peanut-butterfish|Poison Jab|p2a: Hatterene
|-supereffective|p2a: Hatterene
|-damage|p2a: Hatterene|38/100
|move|p2a: Hatterene|Trick Room|p2a: Hatterene
|-fieldstart|move: Trick Room|[of] p2a: Hatterene
|
|-heal|p1a: Peanut-butterfish|22/100|[from] item: Leftovers
|upkeep
|turn|4
|
|t:|1743937767
|move|p2a: Hatterene|Misty Explosion|p1a: Peanut-butterfish
|-resisted|p1a: Peanut-butterfish
|-damage|p1a: Peanut-butterfish|0 fnt
|faint|p2a: Hatterene
|faint|p1a: Peanut-butterfish
|
|upkeep
|
|t:|1743937770
|switch|p2a: Dusclops|Dusclops, F|100/100
|switch|p1a: Olive garden|Arboliva, M, shiny|100/100
|-item|p1a: Olive garden|Throat Spray|[from] ability: Frisk|[of] p2a: Dusclops
|-damage|p1a: Olive garden|88/100|[from] Stealth Rock
|turn|5
|
|t:|1743937775
|-terastallize|p2a: Dusclops|Poison
|move|p2a: Dusclops|Curse|p2a: Dusclops
|-unboost|p2a: Dusclops|spe|1
|-boost|p2a: Dusclops|atk|1
|-boost|p2a: Dusclops|def|1
|move|p1a: Olive garden|Giga Drain|p2a: Dusclops
|-resisted|p2a: Dusclops
|-damage|p2a: Dusclops|86/100
|-heal|p1a: Olive garden|93/100|[from] drain|[of] p2a: Dusclops
|
|upkeep
|turn|6
|
|t:|1743937780
|move|p2a: Dusclops|Curse|p2a: Dusclops
|-unboost|p2a: Dusclops|spe|1
|-boost|p2a: Dusclops|atk|1
|-boost|p2a: Dusclops|def|1
|move|p1a: Olive garden|Hyper Voice|p2a: Dusclops
|-damage|p2a: Dusclops|52/100
|-enditem|p1a: Olive garden|Throat Spray
|-boost|p1a: Olive garden|spa|1|[from] item: Throat Spray
|
|upkeep
|turn|7
|
|t:|1743937784
|move|p2a: Dusclops|Leech Life|p1a: Olive garden
|-supereffective|p1a: Olive garden
|-damage|p1a: Olive garden|11/100
|-heal|p2a: Dusclops|100/100|[from] drain|[of] p1a: Olive garden
|-fieldstart|move: Grassy Terrain|[from] ability: Seed Sower|[of] p1a: Olive garden
|move|p1a: Olive garden|Earth Power|p2a: Dusclops
|-supereffective|p2a: Dusclops
|-damage|p2a: Dusclops|36/100
|
|-heal|p2a: Dusclops|42/100|[from] Grassy Terrain
|-heal|p1a: Olive garden|17/100|[from] Grassy Terrain
|-fieldend|move: Trick Room
|upkeep
|turn|8
|
|t:|1743937793
|move|p1a: Olive garden|Earth Power|p2a: Dusclops
|-supereffective|p2a: Dusclops
|-crit|p2a: Dusclops
|-damage|p2a: Dusclops|0 fnt
|faint|p2a: Dusclops
|
|-heal|p1a: Olive garden|23/100|[from] Grassy Terrain
|upkeep
|-message|sweeper(troll) forfeited.
|
|win|DayBreak0911
|raw|DayBreak0911's rating: 1105 &rarr; <strong>1127</strong><br />(+22 for winning)
|raw|sweeper(troll)'s rating: 1070 &rarr; <strong>1052</strong><br />(-18 for losing)
|l|☆sweeper(troll)
|player|p2|
