|j|☆TopChef26
|j|☆whatthedawgsdoin
|t:|1743915406
|gametype|singles
|player|p1|TopChef26|1|1102
|player|p2|whatthedawgsdoin|101|1128
|teamsize|p1|6
|teamsize|p2|6
|gen|9
|tier|[Gen 9] OU
|rated|
|rule|HP Percentage Mod: HP is shown in percentages
|rule|Endless Battle Clause: Forcing endless battles is banned
|rule|Species Clause: Limit one of each Pokémon
|rule|OHKO Clause: OHKO moves are banned
|rule|Evasion Items Clause: Evasion items are banned
|rule|Evasion Moves Clause: Evasion moves are banned
|rule|Sleep Moves Clause: Sleep-inducing moves are banned
|clearpoke
|poke|p1|Probopass, F|
|poke|p1|Iron Crown|
|poke|p1|Grimmsnarl, M|
|poke|p1|Sinistcha|
|poke|p1|Kyurem|
|poke|p1|Great Tusk|
|poke|p2|Mew|
|poke|p2|Suicune|
|poke|p2|Raikou|
|poke|p2|Entei|
|poke|p2|Dusknoir, F|
|poke|p2|Regirock|
|teampreview
|
|t:|1743915422
|start
|switch|p1a: Mortea|Sinistcha|100/100
|switch|p2a: Suicune|Suicune|100/100
|-ability|p2a: Suicune|Pressure
|turn|1
|
|t:|1743915431
|move|p2a: Suicune|Shadow Ball|p1a: Mortea
|-supereffective|p1a: Mortea
|-damage|p1a: Mortea|44/100
|move|p1a: Mortea|Matcha Gotcha|p2a: Suicune
|-supereffective|p2a: Suicune
|-damage|p2a: Suicune|51/100
|-heal|p1a: Mortea|73/100|[from] drain|[of] p2a: Suicune
|
|upkeep
|turn|2
|
|t:|1743915454
|switch|p2a: Entei|Entei|100/100
|switch|p1a: Grick|Grimmsnarl, M|100/100
|
|upkeep
|turn|3
|
|t:|1743915460
|move|p1a: Grick|Reflect|p1a: Grick
|-sidestart|p1: TopChef26|Reflect
|move|p2a: Entei|Sacred Fire|p1a: Grick
|-damage|p1a: Grick|68/100
|-status|p1a: Grick|brn
|
|-damage|p1a: Grick|62/100 brn|[from] brn
|upkeep
|turn|4
|
|t:|1743915479
|switch|p2a: Mew|Mew|100/100
|move|p1a: Grick|Light Screen|p1a: Grick
|-sidestart|p1: TopChef26|move: Light Screen
|
|-damage|p1a: Grick|56/100 brn|[from] brn
|upkeep
|turn|5
|
|t:|1743915486
|move|p1a: Grick|Parting Shot|p2a: Mew
|-unboost|p2a: Mew|atk|1
|-unboost|p2a: Mew|spa|1
|
|t:|1743915491
|switch|p1a: Mortea|Sinistcha|73/100|[from] Parting Shot
|move|p2a: Mew|Dazzling Gleam|p1a: Mortea
|-damage|p1a: Mortea|62/100
|
|upkeep
|turn|6
|
|t:|1743915510
|switch|p2a: Entei|Entei|100/100
|move|p1a: Mortea|Calm Mind|p1a: Mortea
|-boost|p1a: Mortea|spa|1
|-boost|p1a: Mortea|spd|1
|
|upkeep
|turn|7
|
|t:|1743915521
|switch|p1a: Gyack the Drought|Great Tusk|100/100
|move|p2a: Entei|Sacred Fire|p1a: Gyack the Drought
|-damage|p1a: Gyack the Drought|72/100
|
|upkeep
|turn|8
|
|t:|1743915535
|switch|p2a: Suicune|Suicune|51/100
|-ability|p2a: Suicune|Pressure
|move|p1a: Gyack the Drought|Knock Off|p2a: Suicune
|-damage|p2a: Suicune|23/100
|-enditem|p2a: Suicune|Mystic Water|[from] move: Knock Off|[of] p1a: Gyack the Drought
|
|upkeep
|turn|9
|
|t:|1743915558
|-end|p1a: Gyack the Drought|Protosynthesis|[silent]
|switch|p1a: Kyuzan Aokiji|Kyurem|100/100
|-ability|p1a: Kyuzan Aokiji|Pressure
|move|p2a: Suicune|Scald|p1a: Kyuzan Aokiji
|-resisted|p1a: Kyuzan Aokiji
|-crit|p1a: Kyuzan Aokiji
|-damage|p1a: Kyuzan Aokiji|74/100
|
|upkeep
|turn|10
|
|t:|1743915567
|move|p1a: Kyuzan Aokiji|Freeze-Dry|p2a: Suicune
|-supereffective|p2a: Suicune
|-damage|p2a: Suicune|0 fnt
|faint|p2a: Suicune
|
|-sideend|p1: TopChef26|Reflect
|upkeep
|
|t:|1743915573
|switch|p2a: Entei|Entei|100/100
|turn|11
|
|t:|1743915577
|move|p1a: Kyuzan Aokiji|Earth Power|p2a: Entei
|-supereffective|p2a: Entei
|-crit|p2a: Entei
|-damage|p2a: Entei|20/100
|move|p2a: Entei|Sacred Fire|p1a: Kyuzan Aokiji
|-damage|p1a: Kyuzan Aokiji|0 fnt
|faint|p1a: Kyuzan Aokiji
|
|-sideend|p1: TopChef26|move: Light Screen
|upkeep
|
|t:|1743915588
|switch|p1a: Grick|Grimmsnarl, M|56/100 brn
|turn|12
|
|t:|1743915591
|move|p1a: Grick|Light Screen|p1a: Grick
|-sidestart|p1: TopChef26|move: Light Screen
|move|p2a: Entei|Sacred Fire|p1a: Grick
|-damage|p1a: Grick|0 fnt
|faint|p1a: Grick
|
|upkeep
|
|t:|1743915601
|switch|p1a: Gyack the Drought|Great Tusk|72/100
|turn|13
|
|t:|1743915614
|switch|p2a: Mew|Mew|100/100
|move|p1a: Gyack the Drought|Rapid Spin|p2a: Mew
|-damage|p2a: Mew|84/100
|-boost|p1a: Gyack the Drought|spe|1
|
|upkeep
|turn|14
|
|t:|1743915625
|move|p1a: Gyack the Drought|Knock Off|p2a: Mew
|-supereffective|p2a: Mew
|-damage|p2a: Mew|29/100
|-enditem|p2a: Mew|Twisted Spoon|[from] move: Knock Off|[of] p1a: Gyack the Drought
|move|p2a: Mew|Psychic Noise|p1a: Gyack the Drought
|-supereffective|p1a: Gyack the Drought
|-damage|p1a: Gyack the Drought|48/100
|-start|p1a: Gyack the Drought|move: Heal Block
|
|upkeep
|turn|15
|
|t:|1743915644
|move|p1a: Gyack the Drought|Headlong Rush|p2a: Mew
|-damage|p2a: Mew|0 fnt
|-unboost|p1a: Gyack the Drought|def|1
|-unboost|p1a: Gyack the Drought|spd|1
|faint|p2a: Mew
|
|-end|p1a: Gyack the Drought|move: Heal Block
|upkeep
|
|t:|1743915652
|switch|p2a: Regirock|Regirock|100/100
|turn|16
|
|t:|1743915689
|move|p1a: Gyack the Drought|Ice Spinner|p2a: Regirock
|-damage|p2a: Regirock|88/100
|move|p2a: Regirock|Body Press|p1a: Gyack the Drought
|-damage|p1a: Gyack the Drought|0 fnt
|faint|p1a: Gyack the Drought
|-end|p1a: Gyack the Drought|Protosynthesis|[silent]
|
|upkeep
|
|t:|1743915699
|switch|p1a: Mortea|Sinistcha|62/100
|turn|17
|
|t:|1743915715
|switch|p2a: Entei|Entei|20/100
|move|p1a: Mortea|Strength Sap|p2a: Entei
|-unboost|p2a: Entei|atk|1
|-heal|p1a: Mortea|100/100
|
|upkeep
|turn|18
|
|t:|1743915723
|switch|p1a: Nasal Thornberry|Probopass, F|100/100
|move|p2a: Entei|Sacred Fire|p1a: Nasal Thornberry
|-damage|p1a: Nasal Thornberry|69/100
|
|upkeep
|turn|19
|
|t:|1743915732
|switch|p2a: Regirock|Regirock|88/100
|move|p1a: Nasal Thornberry|Body Press|p2a: Regirock
|-supereffective|p2a: Regirock
|-damage|p2a: Regirock|61/100
|
|-sideend|p1: TopChef26|move: Light Screen
|upkeep
|turn|20
|
|t:|1743915743
|switch|p2a: Entei|Entei|20/100
|move|p1a: Nasal Thornberry|Flash Cannon|p2a: Entei
|-resisted|p2a: Entei
|-damage|p2a: Entei|10/100
|
|upkeep
|turn|21
|
|t:|1743915755
|move|p2a: Entei|Sacred Fire|p1a: Nasal Thornberry
|-damage|p1a: Nasal Thornberry|26/100
|-status|p1a: Nasal Thornberry|brn
|move|p1a: Nasal Thornberry|Body Press|p2a: Entei
|-damage|p2a: Entei|0 fnt
|faint|p2a: Entei
|
|-damage|p1a: Nasal Thornberry|20/100 brn|[from] brn
|upkeep
|
|t:|1743915767
|switch|p2a: Raikou|Raikou|100/100
|-ability|p2a: Raikou|Pressure
|turn|22
|
|t:|1743915774
|move|p2a: Raikou|Calm Mind|p2a: Raikou
|-boost|p2a: Raikou|spa|1
|-boost|p2a: Raikou|spd|1
|move|p1a: Nasal Thornberry|Thunder Wave|p2a: Raikou
|-immune|p2a: Raikou
|
|-damage|p1a: Nasal Thornberry|14/100 brn|[from] brn
|upkeep
|turn|23
|
|t:|1743915784
|move|p2a: Raikou|Aura Sphere|p1a: Nasal Thornberry
|-supereffective|p1a: Nasal Thornberry
|-damage|p1a: Nasal Thornberry|0 fnt
|faint|p1a: Nasal Thornberry
|
|upkeep
|
|t:|1743915792
|switch|p1a: Lebronze James|Iron Crown|100/100
|turn|24
|
|t:|1743915800
|-terastallize|p1a: Lebronze James|Water
|move|p1a: Lebronze James|Agility|p1a: Lebronze James
|-boost|p1a: Lebronze James|spe|2
|move|p2a: Raikou|Calm Mind|p2a: Raikou
|-boost|p2a: Raikou|spa|1
|-boost|p2a: Raikou|spd|1
|
|upkeep
|turn|25
|
|t:|1743915819
|move|p1a: Lebronze James|Tachyon Cutter|p2a: Raikou
|-resisted|p2a: Raikou
|-damage|p2a: Raikou|94/100
|-resisted|p2a: Raikou
|-damage|p2a: Raikou|89/100
|-hitcount|p2a: Raikou|2
|move|p2a: Raikou|Thunderbolt|p1a: Lebronze James
|-supereffective|p1a: Lebronze James
|-damage|p1a: Lebronze James|0 fnt
|faint|p1a: Lebronze James
|-end|p1a: Lebronze James|Quark Drive|[silent]
|
|upkeep
|
|t:|1743915827
|switch|p1a: Mortea|Sinistcha|100/100
|turn|26
|
|t:|1743915833
|move|p2a: Raikou|Thunderbolt|p1a: Mortea
|-resisted|p1a: Mortea
|-damage|p1a: Mortea|40/100
|move|p1a: Mortea|Shadow Ball|p2a: Raikou
|-crit|p2a: Raikou
|-damage|p2a: Raikou|45/100
|
|upkeep
|turn|27
|
|t:|1743915840
|move|p2a: Raikou|Thunderbolt|p1a: Mortea
|-resisted|p1a: Mortea
|-damage|p1a: Mortea|0 fnt
|faint|p1a: Mortea
|
|win|whatthedawgsdoin
|raw|TopChef26's rating: 1102 &rarr; <strong>1079</strong><br />(-23 for losing)
|raw|whatthedawgsdoin's rating: 1128 &rarr; <strong>1151</strong><br />(+23 for winning)
|l|☆whatthedawgsdoin
|player|p2|
|l|☆TopChef26
|player|p1|
