|j|☆Chessmaster91
|j|☆poltato2
|t:|1743791072
|gametype|singles
|player|p1|Chessmaster91|2|1214
|player|p2|poltato2|2|1216
|teamsize|p1|6
|teamsize|p2|6
|gen|9
|tier|[Gen 9] OU
|rated|
|rule|HP Percentage Mod: HP is shown in percentages
|rule|Endless Battle Clause: Forcing endless battles is banned
|rule|Species Clause: Limit one of each Pokémon
|rule|OHKO Clause: OHKO moves are banned
|rule|Evasion Items Clause: Evasion items are banned
|rule|Evasion Moves Clause: Evasion moves are banned
|rule|Sleep Moves Clause: Sleep-inducing moves are banned
|clearpoke
|poke|p1|Ludicolo, F|
|poke|p1|Lombre, M|
|poke|p1|Pelipper, M|
|poke|p1|Zapdos|
|poke|p1|Barraskewda, F|
|poke|p1|Scizor, M|
|poke|p2|Milotic, F|
|poke|p2|Gliscor, F|
|poke|p2|Iron Valiant|
|poke|p2|Blaziken, F|
|poke|p2|Gholdengo|
|poke|p2|Corviknight, M|
|teampreview
|inactive|Battle timer is ON: inactive players will automatically lose when time's up. (requested by poltato2)
|
|t:|1743791080
|start
|switch|p1a: Not Gholdengo|Pelipper, M|100/100
|switch|p2a: Gliscor|Gliscor, F|100/100
|-weather|RainDance|[from] ability: Drizzle|[of] p1a: Not Gholdengo
|turn|1
|
|t:|1743791088
|move|p2a: Gliscor|Protect|p2a: Gliscor
|-singleturn|p2a: Gliscor|Protect
|move|p1a: Not Gholdengo|Weather Ball|p2a: Gliscor
|-activate|p2a: Gliscor|move: Protect
|
|-weather|RainDance|[upkeep]
|-status|p2a: Gliscor|tox|[from] item: Toxic Orb
|upkeep
|turn|2
|
|t:|1743791097
|switch|p2a: Milotic|Milotic, F|100/100
|move|p1a: Not Gholdengo|Weather Ball|p2a: Milotic
|-resisted|p2a: Milotic
|-damage|p2a: Milotic|82/100
|
|-weather|RainDance|[upkeep]
|-status|p2a: Milotic|brn|[from] item: Flame Orb
|upkeep
|turn|3
|
|t:|1743791108
|switch|p1a: El Niño|Lombre, M|100/100
|move|p2a: Milotic|Ice Beam|p1a: El Niño
|-damage|p1a: El Niño|82/100
|
|-weather|RainDance|[upkeep]
|-heal|p1a: El Niño|88/100|[from] ability: Rain Dish
|-damage|p2a: Milotic|76/100 brn|[from] brn
|upkeep
|turn|4
|
|t:|1743791120
|move|p2a: Milotic|Ice Beam|p1a: El Niño
|-damage|p1a: El Niño|70/100
|-status|p1a: El Niño|frz
|cant|p1a: El Niño|frz
|
|-weather|RainDance|[upkeep]
|-heal|p1a: El Niño|76/100 frz|[from] ability: Rain Dish
|-damage|p2a: Milotic|70/100 brn|[from] brn
|upkeep
|turn|5
|
|t:|1743791130
|move|p2a: Milotic|Ice Beam|p1a: El Niño
|-damage|p1a: El Niño|59/100 frz
|cant|p1a: El Niño|frz
|
|-weather|RainDance|[upkeep]
|-heal|p1a: El Niño|65/100 frz|[from] ability: Rain Dish
|-damage|p2a: Milotic|64/100 brn|[from] brn
|upkeep
|turn|6
|
|t:|1743791139
|move|p2a: Milotic|Ice Beam|p1a: El Niño
|-damage|p1a: El Niño|47/100 frz
|-curestatus|p1a: El Niño|frz|[msg]
|move|p1a: El Niño|Whirlpool|p2a: Milotic
|-resisted|p2a: Milotic
|-damage|p2a: Milotic|60/100 brn
|-activate|p2a: Milotic|move: Whirlpool|[of] p1a: El Niño
|
|-weather|RainDance|[upkeep]
|-heal|p1a: El Niño|53/100|[from] ability: Rain Dish
|-damage|p2a: Milotic|54/100 brn|[from] brn
|-damage|p2a: Milotic|42/100 brn|[from] move: Whirlpool|[partiallytrapped]
|upkeep
|turn|7
|
|t:|1743791152
|move|p2a: Milotic|Recover|p2a: Milotic
|-heal|p2a: Milotic|92/100 brn
|move|p1a: El Niño|Leech Seed|p2a: Milotic
|-start|p2a: Milotic|move: Leech Seed
|
|-weather|RainDance|[upkeep]
|-heal|p1a: El Niño|59/100|[from] ability: Rain Dish
|-damage|p2a: Milotic|79/100 brn|[from] Leech Seed|[of] p1a: El Niño
|-heal|p1a: El Niño|78/100|[silent]
|-damage|p2a: Milotic|73/100 brn|[from] brn
|-damage|p2a: Milotic|61/100 brn|[from] move: Whirlpool|[partiallytrapped]
|upkeep
|turn|8
|
|t:|1743791164
|move|p1a: El Niño|Protect|p1a: El Niño
|-singleturn|p1a: El Niño|Protect
|move|p2a: Milotic|Ice Beam|p1a: El Niño
|-activate|p1a: El Niño|move: Protect
|
|-weather|none
|-damage|p2a: Milotic|48/100 brn|[from] Leech Seed|[of] p1a: El Niño
|-heal|p1a: El Niño|97/100|[silent]
|-damage|p2a: Milotic|42/100 brn|[from] brn
|-damage|p2a: Milotic|30/100 brn|[from] move: Whirlpool|[partiallytrapped]
|upkeep
|turn|9
|
|t:|1743791175
|move|p2a: Milotic|Recover|p2a: Milotic
|-heal|p2a: Milotic|80/100 brn
|move|p1a: El Niño|Substitute|p1a: El Niño
|-start|p1a: El Niño|Substitute
|-damage|p1a: El Niño|72/100
|
|-damage|p2a: Milotic|67/100 brn|[from] Leech Seed|[of] p1a: El Niño
|-heal|p1a: El Niño|91/100|[silent]
|-damage|p2a: Milotic|61/100 brn|[from] brn
|-damage|p2a: Milotic|49/100 brn|[from] move: Whirlpool|[partiallytrapped]
|upkeep
|turn|10
|
|t:|1743791185
|move|p1a: El Niño|Protect|p1a: El Niño
|-singleturn|p1a: El Niño|Protect
|move|p2a: Milotic|Recover|p2a: Milotic
|-heal|p2a: Milotic|99/100 brn
|
|-damage|p2a: Milotic|86/100 brn|[from] Leech Seed|[of] p1a: El Niño
|-heal|p1a: El Niño|100/100|[silent]
|-damage|p2a: Milotic|80/100 brn|[from] brn
|-damage|p2a: Milotic|68/100 brn|[from] move: Whirlpool|[partiallytrapped]
|upkeep
|turn|11
|
|t:|1743791196
|move|p2a: Milotic|Recover|p2a: Milotic
|-heal|p2a: Milotic|100/100 brn
|move|p1a: El Niño|Whirlpool|p2a: Milotic
|-resisted|p2a: Milotic
|-damage|p2a: Milotic|98/100 brn
|
|-damage|p2a: Milotic|86/100 brn|[from] Leech Seed|[of] p1a: El Niño
|-damage|p2a: Milotic|79/100 brn|[from] brn
|-end|p2a: Milotic|Whirlpool|[partiallytrapped]
|upkeep
|turn|12
|
|t:|1743791211
|switch|p2a: Corviknight|Corviknight, M|100/100
|move|p1a: El Niño|Whirlpool|p2a: Corviknight
|-damage|p2a: Corviknight|94/100
|-activate|p2a: Corviknight|move: Whirlpool|[of] p1a: El Niño
|
|-damage|p2a: Corviknight|81/100|[from] move: Whirlpool|[partiallytrapped]
|upkeep
|turn|13
|
|t:|1743791233
|move|p2a: Corviknight|Drill Peck|p1a: El Niño
|-supereffective|p1a: El Niño
|-crit|p1a: El Niño
|-end|p1a: El Niño|Substitute
|move|p1a: El Niño|Leech Seed|p2a: Corviknight
|-start|p2a: Corviknight|move: Leech Seed
|
|-damage|p2a: Corviknight|69/100|[from] Leech Seed|[of] p1a: El Niño
|-damage|p2a: Corviknight|57/100|[from] move: Whirlpool|[partiallytrapped]
|upkeep
|turn|14
|
|t:|1743791242
|move|p2a: Corviknight|U-turn|p1a: El Niño
|-supereffective|p1a: El Niño
|-damage|p1a: El Niño|71/100
|
|t:|1743791247
|switch|p2a: Gliscor|Gliscor, F|100/100 tox|[from] U-turn
|move|p1a: El Niño|Substitute|p1a: El Niño
|-start|p1a: El Niño|Substitute
|-damage|p1a: El Niño|46/100
|
|upkeep
|turn|15
|
|t:|1743791256
|move|p2a: Gliscor|Fire Fang|p1a: El Niño|[miss]
|-miss|p2a: Gliscor|p1a: El Niño
|move|p1a: El Niño|Whirlpool|p2a: Gliscor
|-supereffective|p2a: Gliscor
|-damage|p2a: Gliscor|84/100 tox
|-activate|p2a: Gliscor|move: Whirlpool|[of] p1a: El Niño
|
|-heal|p2a: Gliscor|96/100 tox|[from] ability: Poison Heal
|-damage|p2a: Gliscor|84/100 tox|[from] move: Whirlpool|[partiallytrapped]
|upkeep
|turn|16
|
|t:|1743791267
|move|p2a: Gliscor|Fire Fang|p1a: El Niño
|-activate|p1a: El Niño|move: Substitute|[damage]
|move|p1a: El Niño|Leech Seed|p2a: Gliscor|[miss]
|-miss|p1a: El Niño|p2a: Gliscor
|
|-heal|p2a: Gliscor|96/100 tox|[from] ability: Poison Heal
|-damage|p2a: Gliscor|84/100 tox|[from] move: Whirlpool|[partiallytrapped]
|upkeep
|turn|17
|
|t:|1743791277
|move|p2a: Gliscor|Fire Fang|p1a: El Niño
|-end|p1a: El Niño|Substitute
|move|p1a: El Niño|Leech Seed|p2a: Gliscor
|-start|p2a: Gliscor|move: Leech Seed
|
|-damage|p2a: Gliscor|71/100 tox|[from] Leech Seed|[of] p1a: El Niño
|-heal|p1a: El Niño|63/100|[silent]
|-heal|p2a: Gliscor|84/100 tox|[from] ability: Poison Heal
|-damage|p2a: Gliscor|71/100 tox|[from] move: Whirlpool|[partiallytrapped]
|upkeep
|turn|18
|
|t:|1743791288
|move|p1a: El Niño|Protect|p1a: El Niño
|-singleturn|p1a: El Niño|Protect
|move|p2a: Gliscor|Toxic|p1a: El Niño
|-activate|p1a: El Niño|move: Protect
|
|-damage|p2a: Gliscor|59/100 tox|[from] Leech Seed|[of] p1a: El Niño
|-heal|p1a: El Niño|80/100|[silent]
|-heal|p2a: Gliscor|71/100 tox|[from] ability: Poison Heal
|-damage|p2a: Gliscor|59/100 tox|[from] move: Whirlpool|[partiallytrapped]
|upkeep
|turn|19
|
|t:|1743791299
|switch|p1a: Mega Kingler|Scizor, M|100/100
|move|p2a: Gliscor|Toxic|p1a: Mega Kingler
|-immune|p1a: Mega Kingler
|
|-damage|p2a: Gliscor|46/100 tox|[from] Leech Seed|[of] p1a: Mega Kingler
|-heal|p2a: Gliscor|59/100 tox|[from] ability: Poison Heal
|-end|p2a: Gliscor|Whirlpool|[partiallytrapped]|[silent]
|upkeep
|turn|20
|
|t:|1743791308
|switch|p1a: El Niño|Lombre, M|80/100
|move|p2a: Gliscor|Fire Fang|p1a: El Niño
|-damage|p1a: El Niño|67/100
|
|-damage|p2a: Gliscor|46/100 tox|[from] Leech Seed|[of] p1a: El Niño
|-heal|p1a: El Niño|84/100|[silent]
|-heal|p2a: Gliscor|59/100 tox|[from] ability: Poison Heal
|upkeep
|turn|21
|
|t:|1743791318
|move|p1a: El Niño|Protect|p1a: El Niño
|-singleturn|p1a: El Niño|Protect
|move|p2a: Gliscor|Fire Fang|p1a: El Niño
|-activate|p1a: El Niño|move: Protect
|
|-damage|p2a: Gliscor|46/100 tox|[from] Leech Seed|[of] p1a: El Niño
|-heal|p1a: El Niño|100/100|[silent]
|-heal|p2a: Gliscor|59/100 tox|[from] ability: Poison Heal
|upkeep
|turn|22
|
|t:|1743791328
|move|p2a: Gliscor|Toxic|p1a: El Niño
|-status|p1a: El Niño|tox
|move|p1a: El Niño|Substitute|p1a: El Niño
|-start|p1a: El Niño|Substitute
|-damage|p1a: El Niño|76/100 tox
|
|-damage|p2a: Gliscor|46/100 tox|[from] Leech Seed|[of] p1a: El Niño
|-heal|p1a: El Niño|92/100 tox|[silent]
|-heal|p2a: Gliscor|59/100 tox|[from] ability: Poison Heal
|-damage|p1a: El Niño|86/100 tox|[from] psn
|upkeep
|turn|23
|
|t:|1743791339
|move|p2a: Gliscor|Protect|p2a: Gliscor
|-singleturn|p2a: Gliscor|Protect
|move|p1a: El Niño|Whirlpool|p2a: Gliscor
|-activate|p2a: Gliscor|move: Protect
|
|-damage|p2a: Gliscor|46/100 tox|[from] Leech Seed|[of] p1a: El Niño
|-heal|p1a: El Niño|100/100 tox|[silent]
|-heal|p2a: Gliscor|59/100 tox|[from] ability: Poison Heal
|-damage|p1a: El Niño|88/100 tox|[from] psn
|upkeep
|turn|24
|
|t:|1743791351
|switch|p2a: Corviknight|Corviknight, M|57/100
|move|p1a: El Niño|Whirlpool|p2a: Corviknight|[miss]
|-miss|p1a: El Niño|p2a: Corviknight
|
|-damage|p1a: El Niño|70/100 tox|[from] psn
|upkeep
|turn|25
|
|t:|1743791361
|move|p2a: Corviknight|Drill Peck|p1a: El Niño
|-supereffective|p1a: El Niño
|-end|p1a: El Niño|Substitute
|move|p1a: El Niño|Leech Seed|p2a: Corviknight
|-start|p2a: Corviknight|move: Leech Seed
|
|-damage|p2a: Corviknight|45/100|[from] Leech Seed|[of] p1a: El Niño
|-heal|p1a: El Niño|89/100 tox|[silent]
|-damage|p1a: El Niño|64/100 tox|[from] psn
|upkeep
|turn|26
|
|t:|1743791370
|move|p2a: Corviknight|Roost|p2a: Corviknight
|-heal|p2a: Corviknight|95/100
|-singleturn|p2a: Corviknight|move: Roost
|move|p1a: El Niño|Whirlpool|p2a: Corviknight
|-damage|p2a: Corviknight|88/100
|-activate|p2a: Corviknight|move: Whirlpool|[of] p1a: El Niño
|
|-damage|p2a: Corviknight|75/100|[from] Leech Seed|[of] p1a: El Niño
|-heal|p1a: El Niño|83/100 tox|[silent]
|-damage|p1a: El Niño|52/100 tox|[from] psn
|-damage|p2a: Corviknight|63/100|[from] move: Whirlpool|[partiallytrapped]
|upkeep
|turn|27
|
|t:|1743791385
|move|p1a: El Niño|Protect|p1a: El Niño
|-singleturn|p1a: El Niño|Protect
|move|p2a: Corviknight|Roost|p2a: Corviknight
|-heal|p2a: Corviknight|100/100
|-singleturn|p2a: Corviknight|move: Roost
|
|-damage|p2a: Corviknight|88/100|[from] Leech Seed|[of] p1a: El Niño
|-heal|p1a: El Niño|71/100 tox|[silent]
|-damage|p1a: El Niño|34/100 tox|[from] psn
|-damage|p2a: Corviknight|76/100|[from] move: Whirlpool|[partiallytrapped]
|upkeep
|turn|28
|
|t:|1743791397
|switch|p1a: Not Gholdengo|Pelipper, M|100/100
|-weather|RainDance|[from] ability: Drizzle|[of] p1a: Not Gholdengo
|move|p2a: Corviknight|U-turn|p1a: Not Gholdengo
|-resisted|p1a: Not Gholdengo
|-damage|p1a: Not Gholdengo|95/100
|
|t:|1743791407
|switch|p2a: Milotic|Milotic, F|79/100 brn|[from] U-turn
|
|-weather|RainDance|[upkeep]
|-damage|p2a: Milotic|73/100 brn|[from] brn
|upkeep
|turn|29
|
|t:|1743791418
|move|p2a: Milotic|Ice Beam|p1a: Not Gholdengo
|-damage|p1a: Not Gholdengo|66/100
|move|p1a: Not Gholdengo|Hurricane|p2a: Milotic
|-damage|p2a: Milotic|49/100 brn
|
|-weather|RainDance|[upkeep]
|-damage|p2a: Milotic|43/100 brn|[from] brn
|upkeep
|turn|30
|
|t:|1743791427
|switch|p1a: El Niño|Lombre, M|34/100 tox
|move|p2a: Milotic|Recover|p2a: Milotic
|-heal|p2a: Milotic|93/100 brn
|
|-weather|RainDance|[upkeep]
|-heal|p1a: El Niño|41/100 tox|[from] ability: Rain Dish
|-damage|p1a: El Niño|34/100 tox|[from] psn
|-damage|p2a: Milotic|87/100 brn|[from] brn
|upkeep
|turn|31
|
|t:|1743791439
|switch|p2a: Corviknight|Corviknight, M|76/100
|move|p1a: El Niño|Leech Seed|p2a: Corviknight
|-start|p2a: Corviknight|move: Leech Seed
|
|-weather|RainDance|[upkeep]
|-heal|p1a: El Niño|41/100 tox|[from] ability: Rain Dish
|-damage|p2a: Corviknight|64/100|[from] Leech Seed|[of] p1a: El Niño
|-heal|p1a: El Niño|59/100 tox|[silent]
|-damage|p1a: El Niño|47/100 tox|[from] psn
|upkeep
|turn|32
|
|t:|1743791452
|move|p1a: El Niño|Protect|p1a: El Niño
|-singleturn|p1a: El Niño|Protect
|move|p2a: Corviknight|Roost|p2a: Corviknight
|-heal|p2a: Corviknight|100/100
|-singleturn|p2a: Corviknight|move: Roost
|
|-weather|RainDance|[upkeep]
|-heal|p1a: El Niño|53/100 tox|[from] ability: Rain Dish
|-damage|p2a: Corviknight|88/100|[from] Leech Seed|[of] p1a: El Niño
|-heal|p1a: El Niño|72/100 tox|[silent]
|-damage|p1a: El Niño|54/100 tox|[from] psn
|upkeep
|turn|33
|
|t:|1743791464
|move|p1a: El Niño|Protect||[still]
|-fail|p1a: El Niño
|move|p2a: Corviknight|Drill Peck|p1a: El Niño
|-supereffective|p1a: El Niño
|-damage|p1a: El Niño|2/100 tox
|
|-weather|RainDance|[upkeep]
|-heal|p1a: El Niño|9/100 tox|[from] ability: Rain Dish
|-damage|p2a: Corviknight|76/100|[from] Leech Seed|[of] p1a: El Niño
|-heal|p1a: El Niño|27/100 tox|[silent]
|-damage|p1a: El Niño|3/100 tox|[from] psn
|upkeep
|turn|34
|
|t:|1743791477
|switch|p1a: Not Gholdengo|Pelipper, M|66/100
|move|p2a: Corviknight|Roost|p2a: Corviknight
|-heal|p2a: Corviknight|100/100
|-singleturn|p2a: Corviknight|move: Roost
|
|-weather|RainDance|[upkeep]
|-damage|p2a: Corviknight|88/100|[from] Leech Seed|[of] p1a: Not Gholdengo
|-heal|p1a: Not Gholdengo|81/100|[silent]
|upkeep
|turn|35
|
|t:|1743791489
|switch|p2a: Milotic|Milotic, F|87/100 brn
|move|p1a: Not Gholdengo|Hurricane|p2a: Milotic
|-damage|p2a: Milotic|61/100 brn
|-start|p2a: Milotic|confusion
|
|-weather|none
|-damage|p2a: Milotic|55/100 brn|[from] brn
|upkeep
|turn|36
|
|t:|1743791501
|switch|p1a: Mega Kingler|Scizor, M|100/100
|-activate|p2a: Milotic|confusion
|move|p2a: Milotic|Ice Beam|p1a: Mega Kingler
|-resisted|p1a: Mega Kingler
|-damage|p1a: Mega Kingler|87/100
|
|-heal|p1a: Mega Kingler|94/100|[from] item: Leftovers
|-damage|p2a: Milotic|48/100 brn|[from] brn
|upkeep
|turn|37
|
|t:|1743791512
|-end|p2a: Milotic|confusion
|move|p2a: Milotic|Recover|p2a: Milotic
|-heal|p2a: Milotic|98/100 brn
|move|p1a: Mega Kingler|Swords Dance|p1a: Mega Kingler
|-boost|p1a: Mega Kingler|atk|2
|
|-heal|p1a: Mega Kingler|99/100|[from] item: Leftovers
|-damage|p2a: Milotic|92/100 brn|[from] brn
|upkeep
|turn|38
|
|t:|1743791522
|move|p2a: Milotic|Haze|p2a: Milotic
|-clearallboost
|move|p1a: Mega Kingler|Swords Dance|p1a: Mega Kingler
|-boost|p1a: Mega Kingler|atk|2
|
|-heal|p1a: Mega Kingler|100/100|[from] item: Leftovers
|-damage|p2a: Milotic|86/100 brn|[from] brn
|upkeep
|turn|39
|
|t:|1743791532
|move|p2a: Milotic|Haze|p2a: Milotic
|-clearallboost
|move|p1a: Mega Kingler|Swords Dance|p1a: Mega Kingler
|-boost|p1a: Mega Kingler|atk|2
|
|-damage|p2a: Milotic|80/100 brn|[from] brn
|upkeep
|turn|40
|
|t:|1743791553
|switch|p2a: Blaziken|Blaziken, F|100/100
|move|p1a: Mega Kingler|Swords Dance|p1a: Mega Kingler
|-boost|p1a: Mega Kingler|atk|2
|
|upkeep
|turn|41
|
|t:|1743791568
|move|p1a: Mega Kingler|Bullet Punch|p2a: Blaziken
|-resisted|p2a: Blaziken
|-damage|p2a: Blaziken|20/100
|move|p2a: Blaziken|Swords Dance|p2a: Blaziken
|-boost|p2a: Blaziken|atk|2
|
|-ability|p2a: Blaziken|Speed Boost|boost
|-boost|p2a: Blaziken|spe|1
|upkeep
|turn|42
|
|t:|1743791577
|move|p2a: Blaziken|Protect|p2a: Blaziken
|-singleturn|p2a: Blaziken|Protect
|move|p1a: Mega Kingler|Bullet Punch|p2a: Blaziken
|-activate|p2a: Blaziken|move: Protect
|
|-ability|p2a: Blaziken|Speed Boost|boost
|-boost|p2a: Blaziken|spe|1
|upkeep
|turn|43
|
|t:|1743791589
|move|p2a: Blaziken|Vacuum Wave|p1a: Mega Kingler
|-damage|p1a: Mega Kingler|84/100
|move|p1a: Mega Kingler|Bullet Punch|p2a: Blaziken
|-resisted|p2a: Blaziken
|-damage|p2a: Blaziken|0 fnt
|faint|p2a: Blaziken
|
|-heal|p1a: Mega Kingler|90/100|[from] item: Leftovers
|upkeep
|
|t:|1743791596
|switch|p2a: Milotic|Milotic, F|80/100 brn
|turn|44
|
|t:|1743791600
|move|p1a: Mega Kingler|Bullet Punch|p2a: Milotic
|-resisted|p2a: Milotic
|-damage|p2a: Milotic|54/100 brn
|move|p2a: Milotic|Haze|p2a: Milotic
|-clearallboost
|
|-heal|p1a: Mega Kingler|96/100|[from] item: Leftovers
|-damage|p2a: Milotic|47/100 brn|[from] brn
|upkeep
|turn|45
|
|t:|1743791609
|move|p2a: Milotic|Scald|p1a: Mega Kingler
|-damage|p1a: Mega Kingler|61/100
|move|p1a: Mega Kingler|Swords Dance|p1a: Mega Kingler
|-boost|p1a: Mega Kingler|atk|2
|
|-heal|p1a: Mega Kingler|67/100|[from] item: Leftovers
|-damage|p2a: Milotic|41/100 brn|[from] brn
|upkeep
|turn|46
|
|t:|1743791619
|move|p2a: Milotic|Recover|p2a: Milotic
|-heal|p2a: Milotic|91/100 brn
|move|p1a: Mega Kingler|Swords Dance|p1a: Mega Kingler
|-boost|p1a: Mega Kingler|atk|2
|
|-heal|p1a: Mega Kingler|73/100|[from] item: Leftovers
|-damage|p2a: Milotic|85/100 brn|[from] brn
|upkeep
|turn|47
|
|t:|1743791628
|move|p1a: Mega Kingler|Bullet Punch|p2a: Milotic
|-resisted|p2a: Milotic
|-damage|p2a: Milotic|61/100 brn
|move|p2a: Milotic|Haze|p2a: Milotic
|-clearallboost
|
|-heal|p1a: Mega Kingler|79/100|[from] item: Leftovers
|-damage|p2a: Milotic|55/100 brn|[from] brn
|upkeep
|turn|48
|
|t:|1743791641
|switch|p1a: Not Gholdengo|Pelipper, M|81/100
|-weather|RainDance|[from] ability: Drizzle|[of] p1a: Not Gholdengo
|move|p2a: Milotic|Scald|p1a: Not Gholdengo
|-resisted|p1a: Not Gholdengo
|-damage|p1a: Not Gholdengo|52/100
|
|-weather|RainDance|[upkeep]
|-damage|p2a: Milotic|48/100 brn|[from] brn
|upkeep
|turn|49
|
|t:|1743791651
|move|p2a: Milotic|Recover|p2a: Milotic
|-heal|p2a: Milotic|98/100 brn
|move|p1a: Not Gholdengo|Roost|p1a: Not Gholdengo
|-heal|p1a: Not Gholdengo|100/100
|-singleturn|p1a: Not Gholdengo|move: Roost
|
|-weather|RainDance|[upkeep]
|-damage|p2a: Milotic|92/100 brn|[from] brn
|upkeep
|turn|50
|
|t:|1743791667
|switch|p2a: Gholdengo|Gholdengo|100/100
|move|p1a: Not Gholdengo|Hurricane|p2a: Gholdengo
|-resisted|p2a: Gholdengo
|-damage|p2a: Gholdengo|80/100
|-start|p2a: Gholdengo|confusion
|
|-weather|RainDance|[upkeep]
|upkeep
|turn|51
|
|t:|1743791676
|-activate|p2a: Gholdengo|confusion
|move|p2a: Gholdengo|Thunderbolt|p1a: Not Gholdengo
|-supereffective|p1a: Not Gholdengo
|-damage|p1a: Not Gholdengo|0 fnt
|faint|p1a: Not Gholdengo
|
|-weather|RainDance|[upkeep]
|upkeep
|
|t:|1743791683
|switch|p1a: Mega Kingler|Scizor, M|79/100
|turn|52
|
|t:|1743791690
|switch|p2a: Milotic|Milotic, F|92/100 brn
|move|p1a: Mega Kingler|Swords Dance|p1a: Mega Kingler
|-boost|p1a: Mega Kingler|atk|2
|
|-weather|RainDance|[upkeep]
|-heal|p1a: Mega Kingler|85/100|[from] item: Leftovers
|-damage|p2a: Milotic|86/100 brn|[from] brn
|upkeep
|turn|53
|
|t:|1743791701
|move|p2a: Milotic|Haze|p2a: Milotic
|-clearallboost
|move|p1a: Mega Kingler|Knock Off|p2a: Milotic
|-damage|p2a: Milotic|69/100 brn
|-enditem|p2a: Milotic|Flame Orb|[from] move: Knock Off|[of] p1a: Mega Kingler
|
|-weather|RainDance|[upkeep]
|-heal|p1a: Mega Kingler|91/100|[from] item: Leftovers
|-damage|p2a: Milotic|63/100 brn|[from] brn
|upkeep
|turn|54
|
|t:|1743791714
|move|p2a: Milotic|Scald|p1a: Mega Kingler
|-damage|p1a: Mega Kingler|46/100
|move|p1a: Mega Kingler|Knock Off|p2a: Milotic
|-crit|p2a: Milotic
|-damage|p2a: Milotic|45/100 brn
|
|-weather|RainDance|[upkeep]
|-heal|p1a: Mega Kingler|52/100|[from] item: Leftovers
|-damage|p2a: Milotic|39/100 brn|[from] brn
|upkeep
|turn|55
|
|t:|1743791724
|switch|p1a: Pretty Solid|Zapdos|100/100
|move|p2a: Milotic|Scald|p1a: Pretty Solid
|-damage|p1a: Pretty Solid|53/100
|-status|p1a: Pretty Solid|brn
|
|-weather|none
|-heal|p1a: Pretty Solid|60/100 brn|[from] item: Leftovers
|-damage|p1a: Pretty Solid|53/100 brn|[from] brn
|-damage|p2a: Milotic|33/100 brn|[from] brn
|upkeep
|turn|56
|
|t:|1743791736
|switch|p2a: Gliscor|Gliscor, F|59/100 tox
|move|p1a: Pretty Solid|Roost|p1a: Pretty Solid
|-heal|p1a: Pretty Solid|100/100 brn
|-singleturn|p1a: Pretty Solid|move: Roost
|
|-heal|p2a: Gliscor|71/100 tox|[from] ability: Poison Heal
|-damage|p1a: Pretty Solid|94/100 brn|[from] brn
|upkeep
|turn|57
|
|t:|1743791747
|move|p2a: Gliscor|Protect|p2a: Gliscor
|-singleturn|p2a: Gliscor|Protect
|move|p1a: Pretty Solid|Hurricane|p2a: Gliscor
|-activate|p2a: Gliscor|move: Protect
|
|-heal|p1a: Pretty Solid|100/100 brn|[from] item: Leftovers
|-heal|p2a: Gliscor|84/100 tox|[from] ability: Poison Heal
|-damage|p1a: Pretty Solid|94/100 brn|[from] brn
|upkeep
|turn|58
|
|t:|1743791759
|move|p1a: Pretty Solid|Hurricane|p2a: Gliscor
|-damage|p2a: Gliscor|16/100 tox
|move|p2a: Gliscor|Fire Fang|p1a: Pretty Solid
|-damage|p1a: Pretty Solid|76/100 brn
|
|-heal|p1a: Pretty Solid|82/100 brn|[from] item: Leftovers
|-heal|p2a: Gliscor|29/100 tox|[from] ability: Poison Heal
|-damage|p1a: Pretty Solid|76/100 brn|[from] brn
|upkeep
|turn|59
|
|t:|1743791778
|move|p2a: Gliscor|Protect|p2a: Gliscor
|-singleturn|p2a: Gliscor|Protect
|move|p1a: Pretty Solid|Hurricane|p2a: Gliscor
|-activate|p2a: Gliscor|move: Protect
|
|-heal|p1a: Pretty Solid|82/100 brn|[from] item: Leftovers
|-heal|p2a: Gliscor|41/100 tox|[from] ability: Poison Heal
|-damage|p1a: Pretty Solid|76/100 brn|[from] brn
|upkeep
|turn|60
|
|t:|1743791788
|switch|p2a: Milotic|Milotic, F|33/100 brn
|move|p1a: Pretty Solid|Hurricane|p2a: Milotic|[miss]
|-miss|p1a: Pretty Solid|p2a: Milotic
|
|-heal|p1a: Pretty Solid|82/100 brn|[from] item: Leftovers
|-damage|p1a: Pretty Solid|76/100 brn|[from] brn
|-damage|p2a: Milotic|27/100 brn|[from] brn
|upkeep
|turn|61
|
|t:|1743791798
|move|p1a: Pretty Solid|Hurricane|p2a: Milotic
|-damage|p2a: Milotic|0 fnt
|faint|p2a: Milotic
|
|-heal|p1a: Pretty Solid|82/100 brn|[from] item: Leftovers
|-damage|p1a: Pretty Solid|76/100 brn|[from] brn
|upkeep
|
|t:|1743791801
|switch|p2a: Gholdengo|Gholdengo|80/100
|turn|62
|
|t:|1743791809
|move|p1a: Pretty Solid|Thunder|p2a: Gholdengo
|-damage|p2a: Gholdengo|12/100
|move|p2a: Gholdengo|Power Gem|p1a: Pretty Solid
|-supereffective|p1a: Pretty Solid
|-damage|p1a: Pretty Solid|0 fnt
|faint|p1a: Pretty Solid
|
|upkeep
|
|t:|1743791828
|switch|p1a: That One GH3 Song|Barraskewda, F|100/100
|turn|63
|
|t:|1743791840
|switch|p2a: Corviknight|Corviknight, M|88/100
|move|p1a: That One GH3 Song|Aqua Jet|p2a: Corviknight
|-damage|p2a: Corviknight|70/100
|-damage|p1a: That One GH3 Song|84/100|[from] item: Rocky Helmet|[of] p2a: Corviknight
|-damage|p1a: That One GH3 Song|74/100|[from] item: Life Orb
|
|upkeep
|turn|64
|
|t:|1743791853
|switch|p1a: El Niño|Lombre, M|3/100 tox
|move|p2a: Corviknight|U-turn|p1a: El Niño
|-supereffective|p1a: El Niño
|-damage|p1a: El Niño|0 fnt
|faint|p1a: El Niño
|
|t:|1743791863
|switch|p2a: Gliscor|Gliscor, F|41/100 tox|[from] U-turn
|
|-heal|p2a: Gliscor|54/100 tox|[from] ability: Poison Heal
|upkeep
|
|t:|1743791870
|switch|p1a: La Niña|Ludicolo, F|100/100
|turn|65
|
|t:|1743791875
|move|p2a: Gliscor|Protect|p2a: Gliscor
|-singleturn|p2a: Gliscor|Protect
|move|p1a: La Niña|Swords Dance|p1a: La Niña
|-boost|p1a: La Niña|atk|2
|
|-heal|p2a: Gliscor|66/100 tox|[from] ability: Poison Heal
|upkeep
|turn|66
|
|t:|1743791889
|move|p2a: Gliscor|Toxic|p1a: La Niña
|-status|p1a: La Niña|tox
|move|p1a: La Niña|Ice Spinner|p2a: Gliscor
|-supereffective|p2a: Gliscor
|-damage|p2a: Gliscor|0 fnt
|faint|p2a: Gliscor
|
|-damage|p1a: La Niña|95/100 tox|[from] psn
|upkeep
|
|t:|1743791913
|switch|p2a: Corviknight|Corviknight, M|70/100
|turn|67
|
|t:|1743791932
|-terastallize|p1a: La Niña|Steel
|move|p1a: La Niña|Waterfall|p2a: Corviknight
|-crit|p2a: Corviknight
|-damage|p2a: Corviknight|20/100
|-damage|p1a: La Niña|78/100 tox|[from] item: Rocky Helmet|[of] p2a: Corviknight
|move|p2a: Corviknight|Roost|p2a: Corviknight
|-heal|p2a: Corviknight|70/100
|-singleturn|p2a: Corviknight|move: Roost
|
|-heal|p1a: La Niña|84/100 tox|[from] item: Leftovers
|-damage|p1a: La Niña|72/100 tox|[from] psn
|upkeep
|turn|68
|
|t:|1743791948
|move|p1a: La Niña|Waterfall|p2a: Corviknight
|-damage|p2a: Corviknight|34/100
|-damage|p1a: La Niña|55/100 tox|[from] item: Rocky Helmet|[of] p2a: Corviknight
|move|p2a: Corviknight|Roost|p2a: Corviknight
|-heal|p2a: Corviknight|84/100
|-singleturn|p2a: Corviknight|move: Roost
|
|-heal|p1a: La Niña|61/100 tox|[from] item: Leftovers
|-damage|p1a: La Niña|43/100 tox|[from] psn
|upkeep
|turn|69
|
|t:|1743791960
|move|p1a: La Niña|Waterfall|p2a: Corviknight
|-damage|p2a: Corviknight|45/100
|-damage|p1a: La Niña|27/100 tox|[from] item: Rocky Helmet|[of] p2a: Corviknight
|move|p2a: Corviknight|Roost|p2a: Corviknight
|-heal|p2a: Corviknight|95/100
|-singleturn|p2a: Corviknight|move: Roost
|
|-heal|p1a: La Niña|33/100 tox|[from] item: Leftovers
|-damage|p1a: La Niña|9/100 tox|[from] psn
|upkeep
|turn|70
|
|t:|1743791971
|move|p1a: La Niña|Waterfall|p2a: Corviknight
|-damage|p2a: Corviknight|60/100
|-damage|p1a: La Niña|0 fnt|[from] item: Rocky Helmet|[of] p2a: Corviknight
|faint|p1a: La Niña
|move|p2a: Corviknight|U-turn|p1: La Niña|[notarget]
|-fail|p2a: Corviknight
|
|upkeep
|
|t:|1743791981
|switch|p1a: Mega Kingler|Scizor, M|52/100
|turn|71
|
|t:|1743791986
|move|p2a: Corviknight|Drill Peck|p1a: Mega Kingler
|-damage|p1a: Mega Kingler|27/100
|move|p1a: Mega Kingler|Swords Dance|p1a: Mega Kingler
|-boost|p1a: Mega Kingler|atk|2
|
|-heal|p1a: Mega Kingler|33/100|[from] item: Leftovers
|upkeep
|turn|72
|
|t:|1743791997
|move|p2a: Corviknight|Drill Peck|p1a: Mega Kingler
|-damage|p1a: Mega Kingler|7/100
|move|p1a: Mega Kingler|Knock Off|p2a: Corviknight
|-damage|p2a: Corviknight|17/100
|-damage|p1a: Mega Kingler|0 fnt|[from] item: Rocky Helmet|[of] p2a: Corviknight
|faint|p1a: Mega Kingler
|
|upkeep
|
|t:|1743792005
|switch|p1a: That One GH3 Song|Barraskewda, F|74/100
|turn|73
|
|t:|1743792009
|move|p1a: That One GH3 Song|Liquidation|p2a: Corviknight
|-damage|p2a: Corviknight|0 fnt
|-damage|p1a: That One GH3 Song|57/100|[from] item: Rocky Helmet|[of] p2a: Corviknight
|faint|p2a: Corviknight
|-damage|p1a: That One GH3 Song|47/100|[from] item: Life Orb
|
|upkeep
|
|t:|1743792016
|switch|p2a: Iron Valiant|Iron Valiant|100/100
|-enditem|p2a: Iron Valiant|Booster Energy
|-activate|p2a: Iron Valiant|ability: Quark Drive|[fromitem]
|-start|p2a: Iron Valiant|quarkdrivespe
|turn|74
|
|t:|1743792022
|move|p2a: Iron Valiant|Thunder Wave|p1a: That One GH3 Song
|-status|p1a: That One GH3 Song|par
|move|p1a: That One GH3 Song|Poison Jab|p2a: Iron Valiant
|-supereffective|p2a: Iron Valiant
|-damage|p2a: Iron Valiant|2/100
|-damage|p1a: That One GH3 Song|38/100 par|[from] item: Life Orb
|
|upkeep
|turn|75
|
|t:|1743792032
|move|p1a: That One GH3 Song|Aqua Jet|p2a: Iron Valiant
|-damage|p2a: Iron Valiant|0 fnt
|faint|p2a: Iron Valiant
|-end|p2a: Iron Valiant|Quark Drive|[silent]
|-damage|p1a: That One GH3 Song|28/100 par|[from] item: Life Orb
|
|upkeep
|
|t:|1743792035
|switch|p2a: Gholdengo|Gholdengo|12/100
|turn|76
|
|t:|1743792041
|-terastallize|p2a: Gholdengo|Water
|move|p1a: That One GH3 Song|Aqua Jet|p2a: Gholdengo
|-resisted|p2a: Gholdengo
|-crit|p2a: Gholdengo
|-damage|p2a: Gholdengo|0 fnt
|faint|p2a: Gholdengo
|-damage|p1a: That One GH3 Song|18/100 par|[from] item: Life Orb
|
|win|Chessmaster91
|raw|Chessmaster91's rating: 1214 &rarr; <strong>1239</strong><br />(+25 for winning)
|raw|poltato2's rating: 1216 &rarr; <strong>1191</strong><br />(-25 for losing)
|c|☆Chessmaster91|Gg
|l|☆poltato2
|player|p2|
|l|☆Chessmaster91
|player|p1|
