|j|☆Sebey17
|j|‽Spidermanboss
|t:|1743927565
|gametype|singles
|player|p1|Sebey17|hilbert-wonderlauncher|1201
|player|p2|Spidermanboss|169|1252
|teamsize|p1|6
|teamsize|p2|6
|gen|9
|tier|[Gen 9] OU
|rated|
|rule|HP Percentage Mod: HP is shown in percentages
|rule|Endless Battle Clause: Forcing endless battles is banned
|rule|Species Clause: Limit one of each Pokémon
|rule|OHKO Clause: OHKO moves are banned
|rule|Evasion Items Clause: Evasion items are banned
|rule|Evasion Moves Clause: Evasion moves are banned
|rule|Sleep Moves Clause: Sleep-inducing moves are banned
|clearpoke
|poke|p1|Corviknight, F|
|poke|p1|Scyther, M|
|poke|p1|Clodsire, F|
|poke|p1|Greninja-*, M|
|poke|p1|Araquanid, M|
|poke|p1|Weezing-Galar, M|
|poke|p2|Dragonite, F|
|poke|p2|Garchomp, F|
|poke|p2|Iron Valiant|
|poke|p2|Greninja-*, M|
|poke|p2|Iron Moth|
|poke|p2|Araquanid, M|
|teampreview
|inactive|Battle timer is ON: inactive players will automatically lose when time's up. (requested by Sebey17)
|
|t:|1743927568
|start
|switch|p1a: Araquanid|Araquanid, M|100/100
|switch|p2a: Araquanid|Araquanid, M|100/100
|turn|1
|
|t:|1743927578
|move|p1a: Araquanid|Leech Life|p2a: Araquanid
|-damage|p2a: Araquanid|61/100
|move|p2a: Araquanid|Sticky Web|p1a: Araquanid
|-sidestart|p1: Sebey17|move: Sticky Web
|
|-heal|p2a: Araquanid|67/100|[from] item: Leftovers
|upkeep
|turn|2
|
|t:|1743927587
|move|p2a: Araquanid|Iron Defense|p2a: Araquanid
|-boost|p2a: Araquanid|def|2
|move|p1a: Araquanid|Sticky Web|p2a: Araquanid
|-sidestart|p2: Spidermanboss|move: Sticky Web
|
|-heal|p2a: Araquanid|74/100|[from] item: Leftovers
|upkeep
|turn|3
|
|t:|1743927594
|switch|p1a: Scyther|Scyther, M|100/100
|move|p2a: Araquanid|Liquidation|p1a: Scyther
|-crit|p1a: Scyther
|-damage|p1a: Scyther|13/100
|
|-heal|p2a: Araquanid|80/100|[from] item: Leftovers
|upkeep
|turn|4
|
|t:|1743927603
|move|p1a: Scyther|Dual Wingbeat|p2a: Araquanid|[miss]
|-miss|p1a: Scyther|p2a: Araquanid
|move|p2a: Araquanid|Liquidation|p1a: Scyther
|-damage|p1a: Scyther|0 fnt
|faint|p1a: Scyther
|
|-heal|p2a: Araquanid|86/100|[from] item: Leftovers
|upkeep
|
|t:|1743927625
|switch|p1a: Weezing|Weezing-Galar, M|100/100
|turn|5
|
|t:|1743927629
|move|p1a: Weezing|Defog|p2a: Araquanid
|-unboost|p2a: Araquanid|evasion|1
|-sideend|p2: Spidermanboss|Sticky Web|[from] move: Defog|[of] p1a: Weezing
|-sideend|p1: Sebey17|Sticky Web|[from] move: Defog|[of] p1a: Weezing
|move|p2a: Araquanid|Liquidation|p1a: Weezing
|-damage|p1a: Weezing|43/100
|
|-heal|p2a: Araquanid|92/100|[from] item: Leftovers
|upkeep
|turn|6
|
|t:|1743927638
|move|p1a: Weezing|Will-O-Wisp|p2a: Araquanid
|-immune|p2a: Araquanid|[from] ability: Water Bubble
|move|p2a: Araquanid|Liquidation|p1a: Weezing
|-crit|p1a: Weezing
|-damage|p1a: Weezing|0 fnt
|faint|p1a: Weezing
|
|-heal|p2a: Araquanid|98/100|[from] item: Leftovers
|upkeep
|
|t:|1743927655
|switch|p1a: Corviknight|Corviknight, F, shiny|100/100
|turn|7
|
|t:|1743927661
|move|p1a: Corviknight|Bulk Up|p1a: Corviknight
|-boost|p1a: Corviknight|atk|1
|-boost|p1a: Corviknight|def|1
|move|p2a: Araquanid|Sticky Web|p1a: Corviknight
|-sidestart|p1: Sebey17|move: Sticky Web
|
|-heal|p2a: Araquanid|100/100|[from] item: Leftovers
|upkeep
|turn|8
|
|t:|1743927669
|move|p1a: Corviknight|Bulk Up|p1a: Corviknight
|-boost|p1a: Corviknight|atk|1
|-boost|p1a: Corviknight|def|1
|move|p2a: Araquanid|Iron Defense|p2a: Araquanid
|-boost|p2a: Araquanid|def|2
|
|upkeep
|turn|9
|
|t:|1743927676
|move|p1a: Corviknight|Bulk Up|p1a: Corviknight
|-boost|p1a: Corviknight|atk|1
|-boost|p1a: Corviknight|def|1
|move|p2a: Araquanid|Iron Defense|p2a: Araquanid
|-boost|p2a: Araquanid|def|2
|
|upkeep
|turn|10
|
|t:|1743927683
|move|p1a: Corviknight|Bulk Up|p1a: Corviknight
|-boost|p1a: Corviknight|atk|1
|-boost|p1a: Corviknight|def|1
|move|p2a: Araquanid|Liquidation|p1a: Corviknight
|-damage|p1a: Corviknight|85/100
|
|-heal|p1a: Corviknight|91/100|[from] item: Leftovers
|upkeep
|turn|11
|
|t:|1743927692
|move|p1a: Corviknight|Bulk Up|p1a: Corviknight
|-boost|p1a: Corviknight|atk|1
|-boost|p1a: Corviknight|def|1
|move|p2a: Araquanid|Lunge|p1a: Corviknight
|-resisted|p1a: Corviknight
|-damage|p1a: Corviknight|89/100
|-ability|p1a: Corviknight|Mirror Armor
|-unboost|p2a: Araquanid|atk|1
|
|-heal|p1a: Corviknight|96/100|[from] item: Leftovers
|upkeep
|turn|12
|
|t:|1743927703
|move|p1a: Corviknight|Power Trip|p2a: Araquanid
|-damage|p2a: Araquanid|38/100
|move|p2a: Araquanid|Liquidation|p1a: Corviknight
|-damage|p1a: Corviknight|87/100
|
|-heal|p1a: Corviknight|93/100|[from] item: Leftovers
|-heal|p2a: Araquanid|44/100|[from] item: Leftovers
|upkeep
|turn|13
|
|t:|1743927713
|move|p1a: Corviknight|Power Trip|p2a: Araquanid
|-damage|p2a: Araquanid|0 fnt
|faint|p2a: Araquanid
|
|-heal|p1a: Corviknight|99/100|[from] item: Leftovers
|upkeep
|
|t:|1743927721
|switch|p2a: Iron Moth|Iron Moth|100/100
|-enditem|p2a: Iron Moth|Booster Energy
|-activate|p2a: Iron Moth|ability: Quark Drive|[fromitem]
|-start|p2a: Iron Moth|quarkdrivespe
|turn|14
|
|t:|1743927726
|-terastallize|p2a: Iron Moth|Fire
|move|p2a: Iron Moth|Fiery Dance|p1a: Corviknight
|-supereffective|p1a: Corviknight
|-damage|p1a: Corviknight|0 fnt
|-boost|p2a: Iron Moth|spa|1
|faint|p1a: Corviknight
|
|upkeep
|
|t:|1743927733
|switch|p1a: Araquanid|Araquanid, M|100/100
|-activate|p1a: Araquanid|move: Sticky Web
|-unboost|p1a: Araquanid|spe|1
|turn|15
|
|t:|1743927744
|move|p2a: Iron Moth|Sludge Wave|p1a: Araquanid
|-damage|p1a: Araquanid|41/100
|move|p1a: Araquanid|Sticky Web|p2a: Iron Moth
|-sidestart|p2: Spidermanboss|move: Sticky Web
|
|-heal|p1a: Araquanid|47/100|[from] item: Leftovers
|upkeep
|turn|16
|
|t:|1743927754
|move|p2a: Iron Moth|Energy Ball|p1a: Araquanid
|-damage|p1a: Araquanid|8/100
|move|p1a: Araquanid|Liquidation|p2a: Iron Moth
|-supereffective|p2a: Iron Moth
|-damage|p2a: Iron Moth|0 fnt
|faint|p2a: Iron Moth
|-end|p2a: Iron Moth|Quark Drive|[silent]
|
|-heal|p1a: Araquanid|15/100|[from] item: Leftovers
|upkeep
|
|t:|1743927764
|switch|p2a: Greninja|Greninja, M|100/100
|-activate|p2a: Greninja|move: Sticky Web
|-unboost|p2a: Greninja|spe|1
|turn|17
|
|t:|1743927769
|move|p2a: Greninja|Dark Pulse|p1a: Araquanid
|-damage|p1a: Araquanid|0 fnt
|faint|p1a: Araquanid
|-ability|p2a: Greninja|Battle Bond|boost
|-boost|p2a: Greninja|atk|1
|-boost|p2a: Greninja|spa|1
|-boost|p2a: Greninja|spe|1
|-activate|p2a: Greninja|ability: Battle Bond
|-damage|p2a: Greninja|91/100|[from] item: Life Orb
|
|upkeep
|
|t:|1743927779
|switch|p1a: Greninja|Greninja, M|100/100
|-activate|p1a: Greninja|move: Sticky Web
|-unboost|p1a: Greninja|spe|1
|turn|18
|
|t:|1743927788
|move|p2a: Greninja|Hydro Pump|p1a: Greninja
|-resisted|p1a: Greninja
|-damage|p1a: Greninja|48/100
|-damage|p2a: Greninja|81/100|[from] item: Life Orb
|move|p1a: Greninja|Grass Knot|p2a: Greninja
|-supereffective|p2a: Greninja
|-damage|p2a: Greninja|23/100
|
|upkeep
|turn|19
|
|t:|1743927797
|move|p2a: Greninja|Hydro Pump|p1a: Greninja
|-resisted|p1a: Greninja
|-damage|p1a: Greninja|0 fnt
|faint|p1a: Greninja
|-damage|p2a: Greninja|13/100|[from] item: Life Orb
|
|upkeep
|
|t:|1743927800
|switch|p1a: Clodsire|Clodsire, F|100/100
|-activate|p1a: Clodsire|move: Sticky Web
|-unboost|p1a: Clodsire|spe|1
|turn|20
|
|t:|1743927807
|move|p2a: Greninja|Ice Beam|p1a: Clodsire
|-supereffective|p1a: Clodsire
|-crit|p1a: Clodsire
|-damage|p1a: Clodsire|21/100
|-damage|p2a: Greninja|3/100|[from] item: Life Orb
|move|p1a: Clodsire|Poison Jab|p2a: Greninja
|-damage|p2a: Greninja|0 fnt
|faint|p2a: Greninja
|
|upkeep
|-message|Sebey17 forfeited.
|
|win|Spidermanboss
|raw|Sebey17's rating: 1201 &rarr; <strong>1180</strong><br />(-21 for losing)
|raw|Spidermanboss's rating: 1252 &rarr; <strong>1273</strong><br />(+21 for winning)
|l|☆Sebey17
|player|p1|
|l|‽Spidermanboss
|player|p2|
