|badge|p1|gold|gen9ou|3-2
|uhtml|medal-msg|<div class="broadcast-blue">Curious what those medals under the avatar are? PS now has Ladder Seasons! For more information, check out the <a href="https://www.smogon.com/forums/threads/3740067/">thread on Smogon.</a></div>
|badge|p2|gold|gen9ou|3-2
|uhtml|medal-msg|<div class="broadcast-blue">Curious what those medals under the avatar are? PS now has Ladder Seasons! For more information, check out the <a href="https://www.smogon.com/forums/threads/3740067/">thread on Smogon.</a></div>
|raw|<div class="broadcast-blue"><strong>This battle is required to be public due to a player having a name starting with 'lt111vz'.</div>
|j|☆GALAXY☆00000
|j|☆LT111VZ bewashed
|t:|1722616707
|gametype|singles
|player|p1|GALAXY☆00000|lucas|2128
|player|p2|LT111VZ bewashed|youngcouple-gen4dp|2129
|teamsize|p1|6
|teamsize|p2|6
|gen|9
|tier|[Gen 9] OU
|rated|
|rule|Species Clause: Limit one of each Pokémon
|rule|OHKO Clause: OHKO moves are banned
|rule|Evasion Items Clause: Evasion items are banned
|rule|Evasion Moves Clause: Evasion moves are banned
|rule|Endless Battle Clause: Forcing endless battles is banned
|rule|HP Percentage Mod: HP is shown in percentages
|rule|Sleep Moves Clause: Sleep-inducing moves are banned
|clearpoke
|poke|p1|Zamazenta-*|
|poke|p1|Sandy Shocks|
|poke|p1|Gouging Fire|
|poke|p1|Ninetales, F|
|poke|p1|Landorus-Therian, M|
|poke|p1|Walking Wake|
|poke|p2|Kyurem|
|poke|p2|Cinderace, M|
|poke|p2|Zapdos|
|poke|p2|Tinkaton, F|
|poke|p2|Great Tusk|
|poke|p2|Roaring Moon|
|teampreview
|inactive|Battle timer is ON: inactive players will automatically lose when time's up. (requested by GALAXY☆00000)
|j| xuanse123
|c|☆LT111VZ bewashed|CMON WHY VERT
|c|☆GALAXY☆00000|hf
|c|☆LT111VZ bewashed|Ups
|c|☆LT111VZ bewashed|sorry
|j| Sujay532
|inactive|LT111VZ bewashed has 120 seconds left.
|j| jeieooe9w
|
|t:|1722616744
|start
|switch|p1a: Ninetales|Ninetales, F|100/100
|switch|p2a: Kyurem|Kyurem|100/100
|-weather|SunnyDay|[from] ability: Drought|[of] p1a: Ninetales
|-ability|p2a: Kyurem|Pressure
|turn|1
|j| pokhikjl
|
|t:|1722616751
|move|p1a: Ninetales|Weather Ball|p2a: Kyurem
|-damage|p2a: Kyurem|51/100
|move|p2a: Kyurem|Substitute|p2a: Kyurem
|-start|p2a: Kyurem|Substitute
|-damage|p2a: Kyurem|26/100
|
|-weather|SunnyDay|[upkeep]
|-heal|p2a: Kyurem|32/100|[from] item: Leftovers
|upkeep
|turn|2
|j|+thankyou
|j| lt111vz smoolic
|
|t:|1722616755
|move|p2a: Kyurem|Protect|p2a: Kyurem
|-singleturn|p2a: Kyurem|Protect
|move|p1a: Ninetales|Encore|p2a: Kyurem
|-activate|p2a: Kyurem|move: Protect
|
|-weather|SunnyDay|[upkeep]
|-heal|p2a: Kyurem|39/100|[from] item: Leftovers
|upkeep
|turn|3
|j| TheGargFather
|j| LT111VZ Ox
|j| Micciu
|j| Tenebricite
|j| Separation
|j|@jetou
|
|t:|1722616765
|move|p1a: Ninetales|Encore|p2a: Kyurem
|-start|p2a: Kyurem|Encore
|move|p2a: Kyurem|Protect||[still]
|-fail|p2a: Kyurem
|
|-weather|SunnyDay|[upkeep]
|-heal|p2a: Kyurem|45/100|[from] item: Leftovers
|upkeep
|turn|4
|
|t:|1722616773
|switch|p1a: Walking Wake|Walking Wake|100/100
|-activate|p1a: Walking Wake|ability: Protosynthesis
|-start|p1a: Walking Wake|protosynthesisspe
|move|p2a: Kyurem|Protect||[still]
|-fail|p2a: Kyurem
|
|-weather|SunnyDay|[upkeep]
|-heal|p2a: Kyurem|51/100|[from] item: Leftovers
|upkeep
|turn|5
|
|t:|1722616783
|-end|p1a: Walking Wake|Protosynthesis|[silent]
|switch|p1a: Zamazenta|Zamazenta|100/100
|-ability|p1a: Zamazenta|Dauntless Shield|boost
|-boost|p1a: Zamazenta|def|1
|move|p2a: Kyurem|Protect||[still]
|-fail|p2a: Kyurem
|
|-weather|SunnyDay|[upkeep]
|-heal|p2a: Kyurem|57/100|[from] item: Leftovers
|-end|p2a: Kyurem|Encore
|upkeep
|turn|6
|
|t:|1722616787
|move|p2a: Kyurem|Protect|p2a: Kyurem
|-singleturn|p2a: Kyurem|Protect
|move|p1a: Zamazenta|Roar|p2a: Kyurem
|drag|p2a: Cinderace|Cinderace, M|100/100
|
|-weather|SunnyDay|[upkeep]
|upkeep
|turn|7
|l| Tenebricite
|
|t:|1722616791
|move|p1a: Zamazenta|Body Press|p2a: Cinderace
|-damage|p2a: Cinderace|20/100
|move|p2a: Cinderace|U-turn|p1a: Zamazenta
|-start|p2a: Cinderace|typechange|Bug|[from] ability: Libero
|-resisted|p1a: Zamazenta
|-damage|p1a: Zamazenta|92/100
|
|t:|1722616807
|switch|p2a: Zapdos|Zapdos|100/100|[from] U-turn
|
|-weather|SunnyDay|[upkeep]
|-heal|p1a: Zamazenta|98/100|[from] item: Leftovers
|upkeep
|turn|8
|j| mh=pb
|j| zawgshlawg
|j| baby gap jeans
|j| aketsuki
|j| chiang kai shrek
|j| almaluna
|j| WEDemon
|j| LeHellom James
|
|t:|1722616830
|move|p1a: Zamazenta|Body Press|p2a: Zapdos
|-resisted|p2a: Zapdos
|-damage|p2a: Zapdos|80/100
|move|p2a: Zapdos|Thunder Wave|p1a: Zamazenta
|-status|p1a: Zamazenta|par
|
|-weather|none
|-heal|p1a: Zamazenta|100/100 par|[from] item: Leftovers
|upkeep
|turn|9
|
|t:|1722616836
|switch|p1a: Sandy Shocks|Sandy Shocks|100/100
|move|p2a: Zapdos|Volt Switch|p1a: Sandy Shocks
|-immune|p1a: Sandy Shocks
|
|upkeep
|turn|10
|j| lt111vz suhayb
|j| radahndorus
|
|t:|1722616842
|move|p1a: Sandy Shocks|Earth Power|p2a: Zapdos
|-immune|p2a: Zapdos
|move|p2a: Zapdos|Roost|p2a: Zapdos
|-heal|p2a: Zapdos|100/100
|-singleturn|p2a: Zapdos|move: Roost
|
|upkeep
|turn|11
|
|t:|1722616844
|move|p1a: Sandy Shocks|Thunderbolt|p2a: Zapdos
|-damage|p2a: Zapdos|62/100
|move|p2a: Zapdos|Hurricane|p1a: Sandy Shocks
|-resisted|p1a: Sandy Shocks
|-damage|p1a: Sandy Shocks|71/100
|
|upkeep
|turn|12
|
|t:|1722616848
|-terastallize|p1a: Sandy Shocks|Ice
|move|p1a: Sandy Shocks|Tera Blast|p2a: Zapdos|[anim] Tera Blast Ice
|-supereffective|p2a: Zapdos
|-damage|p2a: Zapdos|0 fnt
|faint|p2a: Zapdos
|
|upkeep
|j| sv coinflipping
|j| xavgb
|j| hughduffy
|
|t:|1722616858
|switch|p2a: Cinderace|Cinderace, M|20/100
|turn|13
|
|t:|1722616866
|-end|p1a: Sandy Shocks|Protosynthesis|[silent]
|switch|p1a: Landorus|Landorus-Therian, M|100/100
|-ability|p1a: Landorus|Intimidate|boost
|-unboost|p2a: Cinderace|atk|1
|move|p2a: Cinderace|U-turn|p1a: Landorus
|-start|p2a: Cinderace|typechange|Bug|[from] ability: Libero
|-resisted|p1a: Landorus
|-damage|p1a: Landorus|89/100
|-damage|p2a: Cinderace|3/100|[from] item: Rocky Helmet|[of] p1a: Landorus
|j| t_yeu
|
|t:|1722616869
|switch|p2a: Kyurem|Kyurem|57/100|[from] U-turn
|-ability|p2a: Kyurem|Pressure
|
|-heal|p2a: Kyurem|63/100|[from] item: Leftovers
|upkeep
|turn|14
|
|t:|1722616873
|switch|p1a: Ninetales|Ninetales, F|100/100
|-weather|SunnyDay|[from] ability: Drought|[of] p1a: Ninetales
|move|p2a: Kyurem|Freeze-Dry|p1a: Ninetales
|-resisted|p1a: Ninetales
|-damage|p1a: Ninetales|81/100
|
|-weather|SunnyDay|[upkeep]
|-heal|p2a: Kyurem|69/100|[from] item: Leftovers
|upkeep
|turn|15
|j| LT111VZ Mav
|n| dragonitefan58|svcoinflipping
|
|t:|1722616881
|switch|p1a: Walking Wake|Walking Wake|100/100
|-activate|p1a: Walking Wake|ability: Protosynthesis
|-start|p1a: Walking Wake|protosynthesisspe
|move|p2a: Kyurem|Earth Power|p1a: Walking Wake
|-damage|p1a: Walking Wake|59/100
|
|-weather|SunnyDay|[upkeep]
|-heal|p2a: Kyurem|75/100|[from] item: Leftovers
|upkeep
|turn|16
|
|t:|1722616892
|move|p1a: Walking Wake|Hydro Steam|p2a: Kyurem
|-resisted|p2a: Kyurem
|-damage|p2a: Kyurem|41/100
|move|p2a: Kyurem|Earth Power|p1a: Walking Wake
|-damage|p1a: Walking Wake|21/100
|
|-weather|SunnyDay|[upkeep]
|-heal|p2a: Kyurem|47/100|[from] item: Leftovers
|upkeep
|turn|17
|l| WEDemon
|
|t:|1722616899
|move|p2a: Kyurem|Protect|p2a: Kyurem
|-singleturn|p2a: Kyurem|Protect
|move|p1a: Walking Wake|Hydro Steam|p2a: Kyurem
|-activate|p2a: Kyurem|move: Protect
|
|-weather|SunnyDay|[upkeep]
|-heal|p2a: Kyurem|53/100|[from] item: Leftovers
|upkeep
|turn|18
|l| lt111vz suhayb
|j| qd king
|inactive|LT111VZ bewashed has 120 seconds left.
|l| Sujay532
|j| 12ad12
|j| LT111VZ JD
|
|t:|1722616950
|move|p1a: Walking Wake|Dragon Pulse|p2a: Kyurem
|-supereffective|p2a: Kyurem
|-damage|p2a: Kyurem|0 fnt
|faint|p2a: Kyurem
|
|-weather|SunnyDay|[upkeep]
|upkeep
|
|t:|1722616958
|switch|p2a: Roaring Moon|Roaring Moon|100/100
|-activate|p2a: Roaring Moon|ability: Protosynthesis
|-start|p2a: Roaring Moon|protosynthesisatk
|turn|19
|j| Jenthai
|
|t:|1722616965
|-end|p1a: Walking Wake|Protosynthesis|[silent]
|switch|p1a: Landorus|Landorus-Therian, M|89/100
|-ability|p1a: Landorus|Intimidate|boost
|-unboost|p2a: Roaring Moon|atk|1
|move|p2a: Roaring Moon|U-turn|p1a: Landorus
|-resisted|p1a: Landorus
|-damage|p1a: Landorus|79/100
|-damage|p2a: Roaring Moon|84/100|[from] item: Rocky Helmet|[of] p1a: Landorus
|
|t:|1722616969
|-end|p2a: Roaring Moon|Protosynthesis|[silent]
|switch|p2a: Great Tusk|Great Tusk|100/100|[from] U-turn
|-activate|p2a: Great Tusk|ability: Protosynthesis
|-start|p2a: Great Tusk|protosynthesisatk
|
|-weather|SunnyDay|[upkeep]
|upkeep
|turn|20
|j| sample nerd
|
|t:|1722616977
|move|p1a: Landorus|U-turn|p2a: Great Tusk
|-resisted|p2a: Great Tusk
|-damage|p2a: Great Tusk|93/100
|
|t:|1722616979
|switch|p1a: Sandy Shocks|Sandy Shocks, tera:Ice|71/100|[from] U-turn
|-activate|p1a: Sandy Shocks|ability: Protosynthesis
|-start|p1a: Sandy Shocks|protosynthesisspe
|move|p2a: Great Tusk|Rapid Spin|p1a: Sandy Shocks
|-damage|p1a: Sandy Shocks|48/100
|-boost|p2a: Great Tusk|spe|1
|
|-weather|SunnyDay|[upkeep]
|upkeep
|turn|21
|j|+AM
|inactive|LT111VZ bewashed has 120 seconds left.
|
|t:|1722617002
|-terastallize|p2a: Great Tusk|Fighting
|move|p1a: Sandy Shocks|Tera Blast|p2a: Great Tusk|[anim] Tera Blast Ice
|-damage|p2a: Great Tusk|34/100
|move|p2a: Great Tusk|Close Combat|p1a: Sandy Shocks
|-supereffective|p1a: Sandy Shocks
|-damage|p1a: Sandy Shocks|0 fnt
|-unboost|p2a: Great Tusk|def|1
|-unboost|p2a: Great Tusk|spd|1
|faint|p1a: Sandy Shocks
|-end|p1a: Sandy Shocks|Protosynthesis|[silent]
|
|-weather|none
|-end|p2a: Great Tusk|Protosynthesis
|upkeep
|
|t:|1722617007
|switch|p1a: Landorus|Landorus-Therian, M|79/100
|-ability|p1a: Landorus|Intimidate|boost
|-unboost|p2a: Great Tusk|atk|1
|turn|22
|
|t:|1722617014
|switch|p1a: Gouging Fire|Gouging Fire|100/100
|move|p2a: Great Tusk|Ice Spinner|p1a: Gouging Fire
|-damage|p1a: Gouging Fire|85/100
|
|upkeep
|turn|23
|j| iron violent
|
|t:|1722617023
|move|p2a: Great Tusk|Headlong Rush|p1a: Gouging Fire
|-supereffective|p1a: Gouging Fire
|-damage|p1a: Gouging Fire|19/100
|-unboost|p2a: Great Tusk|def|1
|-unboost|p2a: Great Tusk|spd|1
|move|p1a: Gouging Fire|Heat Crash|p2a: Great Tusk
|-damage|p2a: Great Tusk|0 fnt
|faint|p2a: Great Tusk
|-end|p2a: Great Tusk|Protosynthesis|[silent]
|
|upkeep
|c| iron violent|dang LT111VZ bewashed its not looking too hot for you
|j| KantoRemakeWhen
|
|t:|1722617042
|switch|p2a: Cinderace|Cinderace, M|3/100
|turn|24
|l| hughduffy
|j| hughduffy
|inactive|LT111VZ bewashed has 120 seconds left.
|
|t:|1722617062
|move|p2a: Cinderace|Gunk Shot|p1a: Gouging Fire
|-start|p2a: Cinderace|typechange|Poison|[from] ability: Libero
|-damage|p1a: Gouging Fire|0 fnt
|faint|p1a: Gouging Fire
|-end|p1a: Gouging Fire|Protosynthesis|[silent]
|
|upkeep
|l| xuanse123
|
|t:|1722617070
|switch|p1a: Landorus|Landorus-Therian, M|79/100
|-ability|p1a: Landorus|Intimidate|boost
|-unboost|p2a: Cinderace|atk|1
|turn|25
|c| iron violent|ninetales looks so cool
|j| LEAN DREAMS
|c|☆LT111VZ bewashed|It’s alright we gushi
|j| LT111VZ spooky
|inactive|LT111VZ bewashed has 120 seconds left.
|j| lt111vzpo
|
|t:|1722617090
|move|p2a: Cinderace|Pyro Ball|p1a: Landorus
|-damage|p1a: Landorus|55/100
|-status|p1a: Landorus|brn
|move|p1a: Landorus|U-turn|p2a: Cinderace
|-resisted|p2a: Cinderace
|-damage|p2a: Cinderace|0 fnt
|faint|p2a: Cinderace
|j| DangerToZU
|
|t:|1722617097
|switch|p1a: Ninetales|Ninetales, F|81/100|[from] U-turn
|-weather|SunnyDay|[from] ability: Drought|[of] p1a: Ninetales
|
|-weather|SunnyDay|[upkeep]
|upkeep
|j| LT111VZ Light
|
|t:|1722617105
|switch|p2a: Roaring Moon|Roaring Moon|84/100
|-activate|p2a: Roaring Moon|ability: Protosynthesis
|-start|p2a: Roaring Moon|protosynthesisatk
|turn|26
|j| OLT GHOSTER
|j| TalonSFlames
|inactive|LT111VZ bewashed has 120 seconds left.
|l| TalonSFlames
|j| LT111VZ Lacks
|
|t:|1722617148
|switch|p1a: Landorus|Landorus-Therian, M|55/100 brn
|-ability|p1a: Landorus|Intimidate|boost
|-unboost|p2a: Roaring Moon|atk|1
|move|p2a: Roaring Moon|Knock Off|p1a: Landorus
|-damage|p1a: Landorus|8/100 brn
|-damage|p2a: Roaring Moon|67/100|[from] item: Rocky Helmet|[of] p1a: Landorus
|-enditem|p1a: Landorus|Rocky Helmet|[from] move: Knock Off|[of] p2a: Roaring Moon
|
|-weather|SunnyDay|[upkeep]
|-damage|p1a: Landorus|2/100 brn|[from] brn
|upkeep
|turn|27
|j| waywirewaifu
|j| TalonSFlames
|c| OLT GHOSTER|hey bewashed
|
|t:|1722617157
|move|p2a: Roaring Moon|Knock Off|p1a: Landorus
|-damage|p1a: Landorus|0 fnt
|faint|p1a: Landorus
|
|-weather|SunnyDay|[upkeep]
|upkeep
|
|t:|1722617161
|switch|p1a: Ninetales|Ninetales, F|81/100
|turn|28
|
|t:|1722617176
|-end|p2a: Roaring Moon|Protosynthesis|[silent]
|switch|p2a: Tinkaton|Tinkaton, F|100/100
|-ability|p2a: Tinkaton|Mold Breaker
|move|p1a: Ninetales|Healing Wish|p1a: Ninetales
|faint|p1a: Ninetales
|
|-weather|SunnyDay|[upkeep]
|upkeep
|
|t:|1722617180
|switch|p1a: Zamazenta|Zamazenta|100/100 par
|-heal|p1a: Zamazenta|100/100|[from] move: Healing Wish
|turn|29
|
|t:|1722617193
|move|p1a: Zamazenta|Iron Defense|p1a: Zamazenta
|-boost|p1a: Zamazenta|def|2
|move|p2a: Tinkaton|Encore|p1a: Zamazenta
|-start|p1a: Zamazenta|Encore
|
|-weather|SunnyDay|[upkeep]
|upkeep
|turn|30
|
|t:|1722617196
|switch|p2a: Roaring Moon|Roaring Moon|67/100
|-activate|p2a: Roaring Moon|ability: Protosynthesis
|-start|p2a: Roaring Moon|protosynthesisatk
|move|p1a: Zamazenta|Iron Defense|p1a: Zamazenta
|-boost|p1a: Zamazenta|def|2
|
|-weather|SunnyDay|[upkeep]
|upkeep
|turn|31
|l| xavgb
|
|t:|1722617198
|move|p2a: Roaring Moon|Outrage|p1a: Zamazenta
|-damage|p1a: Zamazenta|77/100
|move|p1a: Zamazenta|Iron Defense|p1a: Zamazenta
|-boost|p1a: Zamazenta|def|2
|
|-weather|SunnyDay|[upkeep]
|-heal|p1a: Zamazenta|83/100|[from] item: Leftovers
|upkeep
|turn|32
|
|t:|1722617201
|move|p2a: Roaring Moon|Outrage|p1a: Zamazenta|[from]lockedmove
|-damage|p1a: Zamazenta|65/100
|-start|p2a: Roaring Moon|confusion|[fatigue]
|move|p1a: Zamazenta|Iron Defense|p1a: Zamazenta
|-boost|p1a: Zamazenta|def|0
|
|-weather|none
|-end|p2a: Roaring Moon|Protosynthesis
|-heal|p1a: Zamazenta|71/100|[from] item: Leftovers
|-end|p1a: Zamazenta|Encore
|upkeep
|turn|33
|
|t:|1722617204
|-activate|p2a: Roaring Moon|confusion
|-damage|p2a: Roaring Moon|50/100|[from] confusion
|move|p1a: Zamazenta|Body Press|p2a: Roaring Moon
|-supereffective|p2a: Roaring Moon
|-damage|p2a: Roaring Moon|0 fnt
|faint|p2a: Roaring Moon
|-end|p2a: Roaring Moon|Protosynthesis|[silent]
|
|-heal|p1a: Zamazenta|77/100|[from] item: Leftovers
|upkeep
|j| GoodGameMetagame
|c|☆LT111VZ bewashed|Gg
|c|☆GALAXY☆00000|gg
|c| iron violent|zamazenta is broken
|l| 12ad12
|c|☆GALAXY☆00000|ikr
|
|t:|1722617222
|switch|p2a: Tinkaton|Tinkaton, F|100/100
|-ability|p2a: Tinkaton|Mold Breaker
|turn|34
|c| lt111vz smoolic|zamazenta mu is bad
|-message|LT111VZ bewashed forfeited.
|
|win|GALAXY☆00000
|raw|GALAXY☆00000's rating: 2128 &rarr; <strong>2148</strong><br />(+20 for winning)
|raw|LT111VZ bewashed's rating: 2129 &rarr; <strong>2109</strong><br />(-20 for losing)
|l|☆LT111VZ bewashed
|player|p2|
|c| TalonSFlames|iron violent stfu
|l| GoodGameMetagame
|c| lt111vz smoolic|only counter is the dos
|l| Jenthai
|l|+AM
|c| iron violent|i didnt do anything wrong
|l| Micciu
|l| lt111vzpo
|c| TalonSFlames|kk myb
|l|+thankyou
|c| iron violent|its ok
|l|@jetou
|l| sample nerd
|c| iron violent|i forgive you
|j| xuanse123
|l| qd king
|l| Separation
|j| Tenpai Dragon
|l| KantoRemakeWhen
|l| Tenpai Dragon
|l| lt111vz smoolic
|j| vkhss
|l| pokhikjl
|l| iron violent
|l| LEAN DREAMS
|l| TalonSFlames
|l| almaluna
|l| t_yeu
|l| OLT GHOSTER
|l| LT111VZ Light
|l| LT111VZ spooky
|l| chiang kai shrek
|l| hughduffy
|l| LeHellom James
|j| hughduffy
|l| TheGargFather
|l|☆GALAXY☆00000
|player|p1|
|l| xuanse123
|j| xavgb
|l| dragonitefan58
|l| LT111VZ Mav
|l| DangerToZU
|l| waywirewaifu
|l| mh=pb
|l| hughduffy
|l| zawgshlawg
|l| vkhss
|j| cuckstiny
|j| BWC Leoperi
|j| vkhss
|j| OLT GHOSTER
|l| cuckstiny
|j| Tace
|l| vkhss
|l| radahndorus
|l| Tace
|l| aketsuki
|j| basement dwellers
|l| basement dwellers
|l| LT111VZ Ox
|l| BWC Leoperi
|l| OLT GHOSTER
|l| baby gap jeans
|j| LT111VZ Ox
|l| LT111VZ Ox
|j| LT111VZ Ox
|l| LT111VZ Ox
|l| jeieooe9w
|j| terrors
|l| terrors
|l| LT111VZ Lacks
|j| monchooo
|l| xavgb
|j| paimar
|l| paimar
|j| jeieooe9w
|j| figuretti
|l| jeieooe9w
