|j|☆Cold07
|j|☆bacacusdestroyer
|t:|1743788000
|gametype|singles
|player|p1|Cold07|n-masters|1529
|player|p2|bacacusdestroyer|benga|1518
|teamsize|p1|6
|teamsize|p2|6
|gen|9
|tier|[Gen 9] OU
|rated|
|rule|HP Percentage Mod: HP is shown in percentages
|rule|Endless Battle Clause: Forcing endless battles is banned
|rule|Species Clause: Limit one of each Pokémon
|rule|OHKO Clause: OHKO moves are banned
|rule|Evasion Items Clause: Evasion items are banned
|rule|Evasion Moves Clause: Evasion moves are banned
|rule|Sleep Moves Clause: Sleep-inducing moves are banned
|clearpoke
|poke|p1|Gholdengo|
|poke|p1|Iron Moth|
|poke|p1|Zamazenta-*|
|poke|p1|Great Tusk|
|poke|p1|Ogerpon, F|
|poke|p1|Araquanid, M|
|poke|p2|Probopass, F|
|poke|p2|Dragonite, F|
|poke|p2|Cresselia, F|
|poke|p2|Hoopa-Unbound|
|poke|p2|Great Tusk|
|poke|p2|Kingambit, F|
|teampreview
|inactive|Battle timer is ON: inactive players will automatically lose when time's up. (requested by bacacusdestroyer)
|
|t:|1743788039
|start
|switch|p1a: Araquanid|Araquanid, M|100/100
|switch|p2a: Dragonite|Dragonite, F|100/100
|turn|1
|inactive|Cold07 has 120 seconds left.
|
|t:|1743788069
|move|p2a: Dragonite|Outrage|p1a: Araquanid
|-damage|p1a: Araquanid|0 fnt
|faint|p1a: Araquanid
|
|upkeep
|inactive|Cold07 has 120 seconds left.
|
|t:|1743788097
|switch|p1a: Great Tusk|Great Tusk|100/100
|turn|2
|
|t:|1743788103
|move|p1a: Great Tusk|Rapid Spin|p2a: Dragonite
|-damage|p2a: Dragonite|92/100
|-boost|p1a: Great Tusk|spe|1
|move|p2a: Dragonite|Outrage|p1a: Great Tusk|[from] lockedmove
|-damage|p1a: Great Tusk|27/100
|
|upkeep
|turn|3
|
|t:|1743788108
|move|p1a: Great Tusk|Ice Spinner|p2a: Dragonite
|-supereffective|p2a: Dragonite
|-damage|p2a: Dragonite|0 fnt
|faint|p2a: Dragonite
|
|upkeep
|
|t:|1743788117
|switch|p2a: Great Tusk|Great Tusk|100/100
|turn|4
|j| DA Scizor Enjoyer
|inactive|Cold07 has 120 seconds left.
|inactive|Cold07 has 90 seconds left.
|
|t:|1743788172
|move|p1a: Great Tusk|Close Combat|p2a: Great Tusk
|-damage|p2a: Great Tusk|56/100
|-unboost|p1a: Great Tusk|def|1
|-unboost|p1a: Great Tusk|spd|1
|-enditem|p1a: Great Tusk|Eject Pack
|
|t:|1743788181
|-end|p1a: Great Tusk|Protosynthesis|[silent]
|switch|p1a: Gholdengo|Gholdengo|100/100
|-item|p1a: Gholdengo|Air Balloon
|move|p2a: Great Tusk|Ice Spinner|p1a: Gholdengo
|-resisted|p1a: Gholdengo
|-damage|p1a: Gholdengo|90/100
|-enditem|p1a: Gholdengo|Air Balloon
|
|-heal|p2a: Great Tusk|62/100|[from] item: Leftovers
|upkeep
|turn|5
|
|t:|1743788194
|switch|p1a: Ogerpon|Ogerpon, F|100/100
|move|p2a: Great Tusk|Earthquake|p1a: Ogerpon
|-resisted|p1a: Ogerpon
|-damage|p1a: Ogerpon|68/100
|
|-heal|p2a: Great Tusk|69/100|[from] item: Leftovers
|upkeep
|turn|6
|inactive|bacacusdestroyer has 120 seconds left.
|
|t:|1743788238
|-end|p2a: Great Tusk|Protosynthesis|[silent]
|switch|p2a: Probopass|Probopass, F|100/100
|move|p1a: Ogerpon|Ivy Cudgel|p2a: Probopass
|-damage|p2a: Probopass|64/100
|
|upkeep
|turn|7
|
|t:|1743788249
|move|p1a: Ogerpon|Low Kick|p2a: Probopass
|-supereffective|p2a: Probopass
|-damage|p2a: Probopass|0 fnt
|-damage|p1a: Ogerpon|52/100|[from] item: Rocky Helmet|[of] p2a: Probopass
|faint|p2a: Probopass
|
|upkeep
|
|t:|1743788265
|switch|p2a: Hoopa|Hoopa-Unbound|100/100
|turn|8
|inactive|Cold07 has 90 seconds left.
|
|t:|1743788276
|move|p2a: Hoopa|Psychic|p1a: Ogerpon
|-damage|p1a: Ogerpon|0 fnt
|faint|p1a: Ogerpon
|
|upkeep
|
|t:|1743788283
|switch|p1a: Gholdengo|Gholdengo|90/100
|turn|9
|inactive|Cold07 has 90 seconds left.
|
|t:|1743788295
|switch|p2a: Kingambit|Kingambit, F|100/100
|-activate|p2a: Kingambit|ability: Supreme Overlord
|-start|p2a: Kingambit|fallen2|[silent]
|move|p1a: Gholdengo|Make It Rain|p2a: Kingambit
|-resisted|p2a: Kingambit
|-damage|p2a: Kingambit|73/100
|-unboost|p1a: Gholdengo|spa|1
|
|upkeep
|turn|10
|inactive|Cold07 has 90 seconds left.
|
|t:|1743788300
|switch|p1a: Zamazenta|Zamazenta|100/100
|-ability|p1a: Zamazenta|Dauntless Shield|boost
|-boost|p1a: Zamazenta|def|1
|move|p2a: Kingambit|Iron Head|p1a: Zamazenta
|-damage|p1a: Zamazenta|62/100
|
|upkeep
|turn|11
|
|t:|1743788310
|-end|p2a: Kingambit|fallen2|[silent]
|switch|p2a: Cresselia|Cresselia, F|100/100
|move|p1a: Zamazenta|Iron Defense|p1a: Zamazenta
|-boost|p1a: Zamazenta|def|2
|
|upkeep
|turn|12
|
|t:|1743788320
|switch|p1a: Gholdengo|Gholdengo|90/100
|move|p2a: Cresselia|Calm Mind|p2a: Cresselia
|-boost|p2a: Cresselia|spa|1
|-boost|p2a: Cresselia|spd|1
|
|upkeep
|turn|13
|
|t:|1743788327
|move|p1a: Gholdengo|Nasty Plot|p1a: Gholdengo
|-boost|p1a: Gholdengo|spa|2
|move|p2a: Cresselia|Calm Mind|p2a: Cresselia
|-boost|p2a: Cresselia|spa|1
|-boost|p2a: Cresselia|spd|1
|
|upkeep
|turn|14
|
|t:|1743788337
|move|p1a: Gholdengo|Nasty Plot|p1a: Gholdengo
|-boost|p1a: Gholdengo|spa|2
|move|p2a: Cresselia|Calm Mind|p2a: Cresselia
|-boost|p2a: Cresselia|spa|1
|-boost|p2a: Cresselia|spd|1
|
|upkeep
|turn|15
|inactive|Cold07 has 120 seconds left.
|
|t:|1743788345
|-terastallize|p2a: Cresselia|Fighting
|move|p1a: Gholdengo|Shadow Ball|p2a: Cresselia
|-damage|p2a: Cresselia|75/100
|move|p2a: Cresselia|Stored Power|p1a: Gholdengo
|-resisted|p1a: Gholdengo
|-crit|p1a: Gholdengo
|-damage|p1a: Gholdengo|16/100
|
|-heal|p2a: Cresselia|81/100|[from] item: Leftovers
|upkeep
|turn|16
|inactive|Cold07 has 120 seconds left.
|
|t:|1743788367
|move|p1a: Gholdengo|Make It Rain|p2a: Cresselia
|-crit|p2a: Cresselia
|-damage|p2a: Cresselia|0 fnt
|-unboost|p1a: Gholdengo|spa|1
|faint|p2a: Cresselia
|
|upkeep
|c|☆Cold07|holy
|
|t:|1743788375
|switch|p2a: Hoopa|Hoopa-Unbound|100/100
|turn|17
|inactive|Cold07 has 120 seconds left.
|
|t:|1743788381
|move|p2a: Hoopa|Psychic|p1a: Gholdengo
|-resisted|p1a: Gholdengo
|-damage|p1a: Gholdengo|0 fnt
|faint|p1a: Gholdengo
|
|upkeep
|inactive|Cold07 has 120 seconds left.
|
|t:|1743788402
|switch|p1a: Zamazenta|Zamazenta|62/100
|turn|18
|
|t:|1743788409
|switch|p2a: Great Tusk|Great Tusk|69/100
|-terastallize|p1a: Zamazenta|Steel
|move|p1a: Zamazenta|Iron Defense|p1a: Zamazenta
|-boost|p1a: Zamazenta|def|2
|
|-heal|p2a: Great Tusk|75/100|[from] item: Leftovers
|upkeep
|turn|19
|
|t:|1743788416
|move|p1a: Zamazenta|Iron Defense|p1a: Zamazenta
|-boost|p1a: Zamazenta|def|2
|move|p2a: Great Tusk|Earthquake|p1a: Zamazenta
|-supereffective|p1a: Zamazenta
|-damage|p1a: Zamazenta|37/100
|
|-heal|p2a: Great Tusk|81/100|[from] item: Leftovers
|upkeep
|turn|20
|inactive|Cold07 has 120 seconds left.
|
|t:|1743788448
|move|p1a: Zamazenta|Iron Defense|p1a: Zamazenta
|-boost|p1a: Zamazenta|def|2
|move|p2a: Great Tusk|Earthquake|p1a: Zamazenta
|-supereffective|p1a: Zamazenta
|-damage|p1a: Zamazenta|18/100
|
|-heal|p2a: Great Tusk|87/100|[from] item: Leftovers
|upkeep
|turn|21
|
|t:|1743788452
|move|p1a: Zamazenta|Rest|p1a: Zamazenta
|-status|p1a: Zamazenta|slp|[from] move: Rest
|-heal|p1a: Zamazenta|100/100 slp|[silent]
|-enditem|p1a: Zamazenta|Chesto Berry|[eat]
|-curestatus|p1a: Zamazenta|slp|[msg]
|move|p2a: Great Tusk|Earthquake|p1a: Zamazenta
|-supereffective|p1a: Zamazenta
|-damage|p1a: Zamazenta|81/100
|
|-heal|p2a: Great Tusk|93/100|[from] item: Leftovers
|upkeep
|turn|22
|
|t:|1743788457
|move|p1a: Zamazenta|Body Press|p2a: Great Tusk
|-damage|p2a: Great Tusk|0 fnt
|faint|p2a: Great Tusk
|-end|p2a: Great Tusk|Protosynthesis|[silent]
|
|upkeep
|
|t:|1743788467
|switch|p2a: Hoopa|Hoopa-Unbound|100/100
|turn|23
|
|t:|1743788472
|move|p2a: Hoopa|Focus Blast|p1a: Zamazenta
|-supereffective|p1a: Zamazenta
|-damage|p1a: Zamazenta|0 fnt
|faint|p1a: Zamazenta
|
|upkeep
|
|t:|1743788477
|switch|p1a: Iron Moth|Iron Moth|100/100
|-enditem|p1a: Iron Moth|Booster Energy
|-activate|p1a: Iron Moth|ability: Quark Drive|[fromitem]
|-start|p1a: Iron Moth|quarkdrivespe
|turn|24
|
|t:|1743788484
|switch|p2a: Kingambit|Kingambit, F|73/100
|-activate|p2a: Kingambit|ability: Supreme Overlord
|-start|p2a: Kingambit|fallen4|[silent]
|move|p1a: Iron Moth|Fiery Dance|p2a: Kingambit
|-supereffective|p2a: Kingambit
|-damage|p2a: Kingambit|0 fnt
|faint|p2a: Kingambit
|-end|p2a: Kingambit|fallen4|[silent]
|
|upkeep
|
|t:|1743788485
|switch|p2a: Hoopa|Hoopa-Unbound|100/100
|turn|25
|
|t:|1743788502
|move|p1a: Iron Moth|Sludge Wave|p2a: Hoopa
|-damage|p2a: Hoopa|56/100
|move|p2a: Hoopa|Psychic|p1a: Iron Moth
|-supereffective|p1a: Iron Moth
|-damage|p1a: Iron Moth|0 fnt
|faint|p1a: Iron Moth
|-end|p1a: Iron Moth|Quark Drive|[silent]
|
|upkeep
|c|☆Cold07|gg
|
|t:|1743788509
|switch|p1a: Great Tusk|Great Tusk|27/100
|turn|26
|
|t:|1743788514
|move|p2a: Hoopa|Psychic|p1a: Great Tusk
|-supereffective|p1a: Great Tusk
|-damage|p1a: Great Tusk|0 fnt
|faint|p1a: Great Tusk
|-end|p1a: Great Tusk|Protosynthesis|[silent]
|
|win|bacacusdestroyer
|raw|Cold07's rating: 1529 &rarr; <strong>1508</strong><br />(-21 for losing)
|raw|bacacusdestroyer's rating: 1518 &rarr; <strong>1539</strong><br />(+21 for winning)
|l|☆bacacusdestroyer
|player|p2|
|l|☆Cold07
|player|p1|
