|j|☆Abelsin
|j|☆Whitney92
|t:|1743916338
|gametype|singles
|player|p1|Abelsin|serena-masters|
|player|p2|Whitney92|rood|
|teamsize|p1|6
|teamsize|p2|6
|gen|9
|tier|[Gen 9] OU
|rule|HP Percentage Mod: HP is shown in percentages
|rule|Endless Battle Clause: Forcing endless battles is banned
|rule|Species Clause: Limit one of each Pokémon
|rule|OHKO Clause: OHKO moves are banned
|rule|Evasion Items Clause: Evasion items are banned
|rule|Evasion Moves Clause: Evasion moves are banned
|rule|Sleep Moves Clause: Sleep-inducing moves are banned
|clearpoke
|poke|p1|Kingambit, F|
|poke|p1|Slowking-Galar, M|
|poke|p1|Ogerpon-Wellspring, F|
|poke|p1|Great Tusk|
|poke|p1|Dragapult, F|
|poke|p1|Raging Bolt|
|poke|p2|Meowscarada, F|
|poke|p2|Skarmory, F|
|poke|p2|Moltres-Galar|
|poke|p2|Great Tusk|
|poke|p2|Skeledirge, F|
|poke|p2|Raging Bolt|
|teampreview
|inactive|Battle timer is ON: inactive players will automatically lose when time's up. (requested by Whitney92)
|
|t:|1743916377
|start
|switch|p1a: Dragapult|Dragapult, F|100/100
|switch|p2a: Meowscarada|Meowscarada, F|100/100
|turn|1
|j| pedro1844
|
|t:|1743916397
|switch|p1a: Great Tusk|Great Tusk|100/100
|move|p2a: Meowscarada|Knock Off|p1a: Great Tusk
|-start|p2a: Meowscarada|typechange|Dark|[from] ability: Protean
|-resisted|p1a: Great Tusk
|-damage|p1a: Great Tusk|84/100
|-damage|p2a: Meowscarada|84/100|[from] item: Rocky Helmet|[of] p1a: Great Tusk
|-enditem|p1a: Great Tusk|Rocky Helmet|[from] move: Knock Off|[of] p2a: Meowscarada
|
|upkeep
|turn|2
|
|t:|1743916409
|switch|p2a: Skarmory|Skarmory, F|100/100
|move|p1a: Great Tusk|Stealth Rock|p2a: Skarmory
|-sidestart|p2: Whitney92|move: Stealth Rock
|
|upkeep
|turn|3
|
|t:|1743916414
|-end|p1a: Great Tusk|Protosynthesis|[silent]
|switch|p1a: Raging Bolt|Raging Bolt|100/100
|-enditem|p1a: Raging Bolt|Booster Energy
|-activate|p1a: Raging Bolt|ability: Protosynthesis|[fromitem]
|-start|p1a: Raging Bolt|protosynthesisspa
|move|p2a: Skarmory|Spikes|p1a: Raging Bolt
|-sidestart|p1: Abelsin|Spikes
|
|upkeep
|turn|4
|inactive|Whitney92 has 270 seconds left.
|
|t:|1743916454
|switch|p2a: Great Tusk|Great Tusk, shiny|100/100
|move|p1a: Raging Bolt|Dragon Pulse|p2a: Great Tusk
|-damage|p2a: Great Tusk|8/100
|
|upkeep
|turn|5
|j| pms_susu
|j| SkibidiSigmaBrrrr
|
|t:|1743916473
|-end|p1a: Raging Bolt|Protosynthesis|[silent]
|switch|p1a: Great Tusk|Great Tusk|84/100
|-damage|p1a: Great Tusk|72/100|[from] Spikes
|move|p2a: Great Tusk|Stealth Rock|p1a: Great Tusk
|-sidestart|p1: Abelsin|move: Stealth Rock
|
|upkeep
|turn|6
|
|t:|1743916480
|move|p2a: Great Tusk|Rapid Spin|p1a: Great Tusk
|-damage|p1a: Great Tusk|59/100
|-boost|p2a: Great Tusk|spe|1
|-sideend|p2: Whitney92|Stealth Rock|[from] move: Rapid Spin|[of] p2a: Great Tusk
|move|p1a: Great Tusk|Headlong Rush|p2a: Great Tusk
|-damage|p2a: Great Tusk|0 fnt
|-unboost|p1a: Great Tusk|def|1
|-unboost|p1a: Great Tusk|spd|1
|faint|p2a: Great Tusk
|-end|p2a: Great Tusk|Protosynthesis|[silent]
|
|upkeep
|
|t:|1743916487
|switch|p2a: Meowscarada|Meowscarada, F|84/100
|turn|7
|inactive|Whitney92 has 270 seconds left.
|
|t:|1743916505
|move|p2a: Meowscarada|Triple Axel|p1a: Great Tusk
|-start|p2a: Meowscarada|typechange|Ice|[from] ability: Protean
|-supereffective|p1a: Great Tusk
|-damage|p1a: Great Tusk|37/100
|-supereffective|p1a: Great Tusk
|-crit|p1a: Great Tusk
|-damage|p1a: Great Tusk|0 fnt
|faint|p1a: Great Tusk
|-end|p1a: Great Tusk|Protosynthesis|[silent]
|-hitcount|p1: Great Tusk|2
|
|upkeep
|
|t:|1743916509
|switch|p1a: Kingambit|Kingambit, F|100/100
|-damage|p1a: Kingambit|88/100|[from] Spikes
|-damage|p1a: Kingambit|82/100|[from] Stealth Rock
|-activate|p1a: Kingambit|ability: Supreme Overlord
|-start|p1a: Kingambit|fallen1|[silent]
|turn|8
|j| chac0
|c| SkibidiSigmaBrrrr|pero
|
|t:|1743916514
|switch|p2a: Skarmory|Skarmory, F|100/100
|move|p1a: Kingambit|Kowtow Cleave|p2a: Skarmory
|-crit|p2a: Skarmory
|-damage|p2a: Skarmory|50/100
|-damage|p1a: Kingambit|65/100|[from] item: Rocky Helmet|[of] p2a: Skarmory
|
|-heal|p1a: Kingambit|72/100|[from] item: Leftovers
|upkeep
|turn|9
|
|t:|1743916522
|move|p1a: Kingambit|Swords Dance|p1a: Kingambit
|-boost|p1a: Kingambit|atk|2
|move|p2a: Skarmory|Whirlwind|p1a: Kingambit
|-end|p1a: Kingambit|fallen1|[silent]
|drag|p1a: Slowking|Slowking-Galar, M|100/100
|-damage|p1a: Slowking|88/100|[from] Spikes
|-damage|p1a: Slowking|76/100|[from] Stealth Rock
|
|upkeep
|turn|10
|c| chac0|VENGA MI MOMEADA ABEL
|
|t:|1743916525
|move|p2a: Skarmory|Roost|p2a: Skarmory
|-heal|p2a: Skarmory|99/100
|-singleturn|p2a: Skarmory|move: Roost
|move|p1a: Slowking|Flamethrower|p2a: Skarmory
|-supereffective|p2a: Skarmory
|-damage|p2a: Skarmory|41/100
|-status|p2a: Skarmory|brn
|
|-damage|p2a: Skarmory|35/100 brn|[from] brn
|upkeep
|turn|11
|c| chac0|NO MOMES COMO io
|c| SkibidiSigmaBrrrr|XD
|
|t:|1743916536
|switch|p2a: Raging Bolt|Raging Bolt|100/100
|move|p1a: Slowking|Sludge Bomb|p2a: Raging Bolt
|-damage|p2a: Raging Bolt|75/100
|
|upkeep
|turn|12
|
|t:|1743916544
|move|p2a: Raging Bolt|Calm Mind|p2a: Raging Bolt
|-boost|p2a: Raging Bolt|spa|1
|-boost|p2a: Raging Bolt|spd|1
|move|p1a: Slowking|Ice Beam|p2a: Raging Bolt
|-supereffective|p2a: Raging Bolt
|-damage|p2a: Raging Bolt|49/100
|
|upkeep
|turn|13
|
|t:|1743916551
|move|p2a: Raging Bolt|Thunderbolt|p1a: Slowking
|-damage|p1a: Slowking|34/100
|move|p1a: Slowking|Psyshock|p2a: Raging Bolt
|-damage|p2a: Raging Bolt|25/100
|
|upkeep
|turn|14
|
|t:|1743916556
|move|p2a: Raging Bolt|Thunderbolt|p1a: Slowking
|-damage|p1a: Slowking|0 fnt
|faint|p1a: Slowking
|
|upkeep
|
|t:|1743916561
|switch|p1a: Ogerpon|Ogerpon-Wellspring, F|100/100
|-damage|p1a: Ogerpon|88/100|[from] Spikes
|-damage|p1a: Ogerpon|76/100|[from] Stealth Rock
|turn|15
|c| SkibidiSigmaBrrrr|Ah ya
|
|t:|1743916565
|move|p2a: Raging Bolt|Thunderclap||[still]
|-fail|p2a: Raging Bolt
|move|p1a: Ogerpon|Encore|p2a: Raging Bolt
|-start|p2a: Raging Bolt|Encore
|
|upkeep
|turn|16
|
|t:|1743916569
|move|p2a: Raging Bolt|Thunderclap||[still]
|-fail|p2a: Raging Bolt
|move|p1a: Ogerpon|Encore||[still]
|-fail|p1a: Ogerpon
|
|upkeep
|turn|17
|c|☆Whitney92|xd}
|
|t:|1743916578
|move|p2a: Raging Bolt|Thunderclap|p1a: Ogerpon
|-damage|p1a: Ogerpon|1/100
|move|p1a: Ogerpon|Ivy Cudgel|p2a: Raging Bolt|[anim] Ivy Cudgel Water
|-resisted|p2a: Raging Bolt
|-damage|p2a: Raging Bolt|2/100
|
|upkeep
|turn|18
|c|☆Abelsin|Noooo
|c| SkibidiSigmaBrrrr|Lolazo
|c| chac0|...
|c| SkibidiSigmaBrrrr|1
|
|t:|1743916591
|-end|p2a: Raging Bolt|Protosynthesis|[silent]
|switch|p2a: Skarmory|Skarmory, F|35/100 brn
|move|p1a: Ogerpon|Encore||[still]
|-fail|p1a: Ogerpon
|
|-damage|p2a: Skarmory|29/100 brn|[from] brn
|upkeep
|turn|19
|c|☆Abelsin|Vaya roll de mierda
|c| SkibidiSigmaBrrrr|heck
|
|t:|1743916597
|move|p1a: Ogerpon|Ivy Cudgel|p2a: Skarmory|[anim] Ivy Cudgel Water
|-damage|p2a: Skarmory|0 fnt
|faint|p2a: Skarmory
|
|upkeep
|c|☆Abelsin|XD
|
|t:|1743916603
|switch|p2a: Meowscarada|Meowscarada, F|84/100
|turn|20
|
|t:|1743916606
|move|p2a: Meowscarada|U-turn|p1a: Ogerpon
|-start|p2a: Meowscarada|typechange|Bug|[from] ability: Protean
|-supereffective|p1a: Ogerpon
|-damage|p1a: Ogerpon|0 fnt
|faint|p1a: Ogerpon
|
|t:|1743916612
|switch|p2a: Moltres|Moltres-Galar|100/100|[from] U-turn
|
|upkeep
|
|t:|1743916615
|switch|p1a: Raging Bolt|Raging Bolt|100/100
|-damage|p1a: Raging Bolt|88/100|[from] Spikes
|-damage|p1a: Raging Bolt|76/100|[from] Stealth Rock
|turn|21
|
|t:|1743916620
|move|p1a: Raging Bolt|Thunderbolt|p2a: Moltres
|-supereffective|p2a: Moltres
|-damage|p2a: Moltres|18/100
|-enditem|p2a: Moltres|Weakness Policy
|-boost|p2a: Moltres|atk|2|[from] item: Weakness Policy
|-boost|p2a: Moltres|spa|2|[from] item: Weakness Policy
|-ability|p2a: Moltres|Berserk|boost
|-boost|p2a: Moltres|spa|1
|move|p2a: Moltres|Fiery Wrath|p1a: Raging Bolt
|-damage|p1a: Raging Bolt|0 fnt
|faint|p1a: Raging Bolt
|-end|p1a: Raging Bolt|Protosynthesis|[silent]
|
|upkeep
|
|t:|1743916625
|switch|p1a: Dragapult|Dragapult, F|100/100
|turn|22
|
|t:|1743916631
|move|p1a: Dragapult|Draco Meteor|p2a: Moltres
|-damage|p2a: Moltres|0 fnt
|-unboost|p1a: Dragapult|spa|2
|faint|p2a: Moltres
|
|upkeep
|
|t:|1743916641
|switch|p2a: Meowscarada|Meowscarada, F|84/100
|turn|23
|
|t:|1743916650
|move|p2a: Meowscarada|Knock Off|p1a: Dragapult
|-start|p2a: Meowscarada|typechange|Dark|[from] ability: Protean
|-supereffective|p1a: Dragapult
|-damage|p1a: Dragapult|0 fnt
|-enditem|p1a: Dragapult|Heavy-Duty Boots|[from] move: Knock Off|[of] p2a: Meowscarada
|faint|p1a: Dragapult
|
|upkeep
|
|t:|1743916651
|switch|p1a: Kingambit|Kingambit, F|72/100
|-damage|p1a: Kingambit|59/100|[from] Spikes
|-damage|p1a: Kingambit|53/100|[from] Stealth Rock
|-activate|p1a: Kingambit|ability: Supreme Overlord
|-start|p1a: Kingambit|fallen5|[silent]
|turn|24
|
|t:|1743916658
|move|p2a: Meowscarada|Knock Off|p1a: Kingambit
|-resisted|p1a: Kingambit
|-damage|p1a: Kingambit|37/100
|-enditem|p1a: Kingambit|Leftovers|[from] move: Knock Off|[of] p2a: Meowscarada
|move|p1a: Kingambit|Kowtow Cleave|p2a: Meowscarada
|-resisted|p2a: Meowscarada
|-damage|p2a: Meowscarada|29/100
|
|upkeep
|turn|25
|c| SkibidiSigmaBrrrr|Scarf?
|
|t:|1743916664
|move|p1a: Kingambit|Sucker Punch|p2a: Meowscarada
|-resisted|p2a: Meowscarada
|-damage|p2a: Meowscarada|0 fnt
|faint|p2a: Meowscarada
|
|upkeep
|
|t:|1743916666
|switch|p2a: Skeledirge|Skeledirge, F|100/100
|turn|26
|c| SkibidiSigmaBrrrr|Yaveo
|
|t:|1743916670
|-terastallize|p2a: Skeledirge|Fairy
|-terastallize|p1a: Kingambit|Fire
|move|p2a: Skeledirge|Torch Song|p1a: Kingambit
|-resisted|p1a: Kingambit
|-damage|p1a: Kingambit|23/100
|-boost|p2a: Skeledirge|spa|1
|move|p1a: Kingambit|Kowtow Cleave|p2a: Skeledirge
|-resisted|p2a: Skeledirge
|-damage|p2a: Skeledirge|68/100
|
|upkeep
|turn|27
|c|☆Abelsin|Noooo
|
|t:|1743916682
|move|p2a: Skeledirge|Torch Song|p1a: Kingambit
|-resisted|p1a: Kingambit
|-damage|p1a: Kingambit|0 fnt
|-boost|p2a: Skeledirge|spa|1
|faint|p1a: Kingambit
|-end|p1a: Kingambit|fallen5|[silent]
|
|win|Whitney92
|c| SkibidiSigmaBrrrr|AY
|c|☆Whitney92|buena momeada tambien abel
|c| SkibidiSigmaBrrrr|W tera
|l| pedro1844
|l| chac0
|l|☆Whitney92
|player|p2|
|j|☆Whitney92
|player|p2|Whitney92|rood|
