|j|☆ShittyHole69
|j|☆Giraphael69
|t:|1743798110
|gametype|singles
|player|p1|ShittyHole69|drayden|1190
|player|p2|Giraphael69|teamrocket|1152
|teamsize|p1|6
|teamsize|p2|6
|gen|9
|tier|[Gen 9] OU
|rated|
|rule|HP Percentage Mod: HP is shown in percentages
|rule|Endless Battle Clause: Forcing endless battles is banned
|rule|Species Clause: Limit one of each Pokémon
|rule|OHKO Clause: OHKO moves are banned
|rule|Evasion Items Clause: Evasion items are banned
|rule|Evasion Moves Clause: Evasion moves are banned
|rule|Sleep Moves Clause: Sleep-inducing moves are banned
|clearpoke
|poke|p1|Ogerpon, F|
|poke|p1|Chandelure, M|
|poke|p1|Greninja-*, M|
|poke|p1|Mandibuzz, F|
|poke|p1|Moltres-Galar|
|poke|p1|Landorus-Therian, M|
|poke|p2|Torterra, M|
|poke|p2|Cloyster, M|
|poke|p2|Polteageist-Antique|
|poke|p2|Blastoise, M|
|poke|p2|Magcargo, F|
|poke|p2|Drednaw, M|
|teampreview
|inactive|Battle timer is ON: inactive players will automatically lose when time's up. (requested by Giraphael69)
|
|t:|1743798128
|start
|switch|p1a: Ogerpon-Shitspring|Ogerpon, F|100/100
|switch|p2a: Tea-Pain|Polteageist-Antique|100/100
|turn|1
|
|t:|1743798141
|move|p1a: Ogerpon-Shitspring|U-turn|p2a: Tea-Pain
|-resisted|p2a: Tea-Pain
|-damage|p2a: Tea-Pain|71/100
|
|t:|1743798144
|switch|p1a: Moltres|Moltres-Galar|100/100|[from] U-turn
|move|p2a: Tea-Pain|Shell Smash|p2a: Tea-Pain
|-unboost|p2a: Tea-Pain|def|1
|-unboost|p2a: Tea-Pain|spd|1
|-boost|p2a: Tea-Pain|atk|2
|-boost|p2a: Tea-Pain|spa|2
|-boost|p2a: Tea-Pain|spe|2
|
|upkeep
|turn|2
|
|t:|1743798151
|-terastallize|p2a: Tea-Pain|Grass
|move|p1a: Moltres|Sucker Punch|p2a: Tea-Pain
|-damage|p2a: Tea-Pain|0 fnt
|faint|p2a: Tea-Pain
|
|upkeep
|
|t:|1743798161
|switch|p2a: Slugma balls|Magcargo, F, shiny|100/100
|-item|p2a: Slugma balls|Air Balloon
|turn|3
|
|t:|1743798164
|switch|p1a: Torrent?|Greninja, M|100/100
|move|p2a: Slugma balls|Shell Smash|p2a: Slugma balls
|-unboost|p2a: Slugma balls|def|1
|-unboost|p2a: Slugma balls|spd|1
|-boost|p2a: Slugma balls|atk|2
|-boost|p2a: Slugma balls|spa|2
|-boost|p2a: Slugma balls|spe|2
|
|upkeep
|turn|4
|
|t:|1743798168
|move|p1a: Torrent?|Water Shuriken|p2a: Slugma balls
|-supereffective|p2a: Slugma balls
|-damage|p2a: Slugma balls|25/100
|-enditem|p2a: Slugma balls|Air Balloon
|-supereffective|p2a: Slugma balls
|-damage|p2a: Slugma balls|0 fnt
|faint|p2a: Slugma balls
|-ability|p1a: Torrent?|Battle Bond|boost
|-boost|p1a: Torrent?|atk|1
|-boost|p1a: Torrent?|spa|1
|-boost|p1a: Torrent?|spe|1
|-activate|p1a: Torrent?|ability: Battle Bond
|-hitcount|p2: Slugma balls|2
|
|upkeep
|
|t:|1743798176
|switch|p2a: Big Man Blastoise|Blastoise, M|100/100
|turn|5
|
|t:|1743798182
|move|p1a: Torrent?|Dark Pulse|p2a: Big Man Blastoise
|-damage|p2a: Big Man Blastoise|46/100
|move|p2a: Big Man Blastoise|Shell Smash|p2a: Big Man Blastoise
|-unboost|p2a: Big Man Blastoise|def|1
|-unboost|p2a: Big Man Blastoise|spd|1
|-boost|p2a: Big Man Blastoise|atk|2
|-boost|p2a: Big Man Blastoise|spa|2
|-boost|p2a: Big Man Blastoise|spe|2
|-enditem|p2a: Big Man Blastoise|White Herb
|-clearnegativeboost|p2a: Big Man Blastoise|[silent]
|
|upkeep
|turn|6
|
|t:|1743798187
|move|p1a: Torrent?|Dark Pulse|p2a: Big Man Blastoise
|-damage|p2a: Big Man Blastoise|0 fnt
|faint|p2a: Big Man Blastoise
|
|upkeep
|
|t:|1743798192
|switch|p2a: Terrence|Torterra, M|100/100
|turn|7
|
|t:|1743798195
|move|p1a: Torrent?|Ice Beam|p2a: Terrence
|-supereffective|p2a: Terrence
|-damage|p2a: Terrence|0 fnt
|faint|p2a: Terrence
|
|upkeep
|-message|Giraphael69 forfeited.
|
|win|ShittyHole69
|raw|ShittyHole69's rating: 1190 &rarr; <strong>1212</strong><br />(+22 for winning)
|raw|Giraphael69's rating: 1152 &rarr; <strong>1130</strong><br />(-22 for losing)
|l|☆Giraphael69
|player|p2|
