|j|☆Brymont
|j|☆drifter1798?
|t:|1743811214
|gametype|singles
|player|p1|Brymont|steven|1455
|player|p2|drifter1798?|102|1493
|teamsize|p1|6
|teamsize|p2|6
|gen|9
|tier|[Gen 9] OU
|rated|
|rule|HP Percentage Mod: HP is shown in percentages
|rule|Endless Battle Clause: Forcing endless battles is banned
|rule|Species Clause: Limit one of each Pokémon
|rule|OHKO Clause: OHKO moves are banned
|rule|Evasion Items Clause: Evasion items are banned
|rule|Evasion Moves Clause: Evasion moves are banned
|rule|Sleep Moves Clause: Sleep-inducing moves are banned
|clearpoke
|poke|p1|Dragapult, F|
|poke|p1|Great Tusk|
|poke|p1|Slowking-Galar, F|
|poke|p1|Primarina, M|
|poke|p1|Enamorus, F|
|poke|p1|Serperior, M|
|poke|p2|Arcanine-Hisui, F|
|poke|p2|Corviknight, M|
|poke|p2|Alomomola, F|
|poke|p2|Iron Valiant|
|poke|p2|Quaquaval, M|
|poke|p2|Articuno-Galar|
|teampreview
|inactive|Battle timer is ON: inactive players will automatically lose when time's up. (requested by Brymont)
|
|t:|1743811223
|start
|switch|p1a: Primarina|Primarina, M|100/100
|switch|p2a: Iron Valiant|Iron Valiant|100/100
|-enditem|p2a: Iron Valiant|Booster Energy
|-activate|p2a: Iron Valiant|ability: Quark Drive|[fromitem]
|-start|p2a: Iron Valiant|quarkdrivespe
|turn|1
|
|t:|1743811240
|move|p2a: Iron Valiant|Destiny Bond|p2a: Iron Valiant
|-singlemove|p2a: Iron Valiant|Destiny Bond
|move|p1a: Primarina|Moonblast|p2a: Iron Valiant
|-supereffective|p2a: Iron Valiant
|-damage|p2a: Iron Valiant|0 fnt
|faint|p2a: Iron Valiant
|-activate|p2a: Iron Valiant|move: Destiny Bond
|-end|p2a: Iron Valiant|Quark Drive|[silent]
|faint|p1a: Primarina
|
|upkeep
|
|t:|1743811250
|switch|p2a: Articuno|Articuno-Galar|100/100
|switch|p1a: Serperior|Serperior, M|100/100
|turn|2
|
|t:|1743811254
|move|p1a: Serperior|Glare|p2a: Articuno
|-status|p2a: Articuno|par
|cant|p2a: Articuno|par
|
|upkeep
|turn|3
|
|t:|1743811258
|switch|p1a: Slowking|Slowking-Galar, F|100/100
|move|p2a: Articuno|Agility|p2a: Articuno
|-boost|p2a: Articuno|spe|2
|
|upkeep
|turn|4
|
|t:|1743811265
|move|p2a: Articuno|Calm Mind|p2a: Articuno
|-boost|p2a: Articuno|spa|1
|-boost|p2a: Articuno|spd|1
|move|p1a: Slowking|Sludge Bomb|p2a: Articuno
|-damage|p2a: Articuno|77/100 par
|
|-heal|p2a: Articuno|83/100 par|[from] item: Leftovers
|upkeep
|turn|5
|
|t:|1743811272
|move|p2a: Articuno|Agility|p2a: Articuno
|-boost|p2a: Articuno|spe|2
|-prepare|p1a: Slowking|Chilly Reception|[premajor]
|move|p1a: Slowking|Chilly Reception|p1a: Slowking
|-weather|Snowscape
|
|t:|1743811283
|switch|p1a: Dragapult|Dragapult, F|100/100|[from] Chilly Reception
|
|-weather|Snowscape|[upkeep]
|-heal|p2a: Articuno|89/100 par|[from] item: Leftovers
|upkeep
|turn|6
|
|t:|1743811289
|move|p1a: Dragapult|Hex|p2a: Articuno
|-supereffective|p2a: Articuno
|-damage|p2a: Articuno|26/100 par
|move|p2a: Articuno|Stored Power|p1a: Dragapult
|-damage|p1a: Dragapult|0 fnt
|faint|p1a: Dragapult
|
|-weather|Snowscape|[upkeep]
|-heal|p2a: Articuno|32/100 par|[from] item: Leftovers
|upkeep
|
|t:|1743811302
|switch|p1a: Enamorus|Enamorus, F|100/100
|turn|7
|
|t:|1743811308
|move|p1a: Enamorus|Moonblast|p2a: Articuno
|-damage|p2a: Articuno|0 fnt
|faint|p2a: Articuno
|
|-weather|Snowscape|[upkeep]
|upkeep
|
|t:|1743811312
|switch|p2a: Arcanine|Arcanine-Hisui, F|100/100
|turn|8
|
|t:|1743811318
|switch|p1a: Great Tusk|Great Tusk|100/100
|move|p2a: Arcanine|Flare Blitz|p1a: Great Tusk
|-damage|p1a: Great Tusk|61/100
|-damage|p2a: Arcanine|84/100|[from] item: Rocky Helmet|[of] p1a: Great Tusk
|-damage|p2a: Arcanine|74/100|[from] item: Life Orb
|
|-weather|Snowscape|[upkeep]
|upkeep
|turn|9
|
|t:|1743811330
|switch|p2a: Corviknight|Corviknight, M|100/100
|-ability|p2a: Corviknight|Pressure
|move|p1a: Great Tusk|Body Press|p2a: Corviknight
|-damage|p2a: Corviknight|74/100
|
|-weather|none
|-heal|p2a: Corviknight|80/100|[from] item: Leftovers
|upkeep
|turn|10
|
|t:|1743811339
|move|p1a: Great Tusk|Stealth Rock|p2a: Corviknight
|-sidestart|p2: drifter1798?|move: Stealth Rock
|move|p2a: Corviknight|U-turn|p1a: Great Tusk
|-resisted|p1a: Great Tusk
|-damage|p1a: Great Tusk|57/100
|-damage|p2a: Corviknight|64/100|[from] item: Rocky Helmet|[of] p1a: Great Tusk
|
|t:|1743811345
|switch|p2a: Alomomola|Alomomola, F|100/100|[from] U-turn
|-damage|p2a: Alomomola|88/100|[from] Stealth Rock
|
|upkeep
|turn|11
|
|t:|1743811351
|-end|p1a: Great Tusk|Protosynthesis|[silent]
|switch|p1a: Serperior|Serperior, M|100/100
|move|p2a: Alomomola|Scald|p1a: Serperior
|-resisted|p1a: Serperior
|-damage|p1a: Serperior|92/100
|
|-heal|p1a: Serperior|98/100|[from] item: Leftovers
|upkeep
|turn|12
|
|t:|1743811360
|move|p1a: Serperior|Substitute|p1a: Serperior
|-start|p1a: Serperior|Substitute
|-damage|p1a: Serperior|74/100
|move|p2a: Alomomola|Scald|p1a: Serperior
|-resisted|p1a: Serperior
|-crit|p1a: Serperior
|-activate|p1a: Serperior|move: Substitute|[damage]
|
|-heal|p1a: Serperior|80/100|[from] item: Leftovers
|upkeep
|turn|13
|
|t:|1743811369
|switch|p2a: Corviknight|Corviknight, M|64/100
|-damage|p2a: Corviknight|51/100|[from] Stealth Rock
|-ability|p2a: Corviknight|Pressure
|move|p1a: Serperior|Leaf Storm|p2a: Corviknight
|-resisted|p2a: Corviknight
|-damage|p2a: Corviknight|40/100
|-boost|p1a: Serperior|spa|2
|
|-heal|p1a: Serperior|86/100|[from] item: Leftovers
|-heal|p2a: Corviknight|46/100|[from] item: Leftovers
|upkeep
|turn|14
|
|t:|1743811380
|-terastallize|p1a: Serperior|Fire
|move|p1a: Serperior|Tera Blast|p2a: Corviknight|[anim] Tera Blast Fire
|-supereffective|p2a: Corviknight
|-damage|p2a: Corviknight|0 fnt
|faint|p2a: Corviknight
|
|-heal|p1a: Serperior|92/100|[from] item: Leftovers
|upkeep
|
|t:|1743811389
|switch|p2a: Arcanine|Arcanine-Hisui, F|74/100
|-damage|p2a: Arcanine|49/100|[from] Stealth Rock
|turn|15
|
|t:|1743811394
|move|p2a: Arcanine|Extreme Speed|p1a: Serperior
|-end|p1a: Serperior|Substitute
|-damage|p2a: Arcanine|39/100|[from] item: Life Orb
|move|p1a: Serperior|Leaf Storm|p2a: Arcanine
|-damage|p2a: Arcanine|0 fnt
|-boost|p1a: Serperior|spa|2
|faint|p2a: Arcanine
|
|-heal|p1a: Serperior|98/100|[from] item: Leftovers
|upkeep
|
|t:|1743811404
|switch|p2a: Alomomola|Alomomola, F|100/100
|-damage|p2a: Alomomola|88/100|[from] Stealth Rock
|turn|16
|
|t:|1743811407
|move|p1a: Serperior|Substitute|p1a: Serperior
|-start|p1a: Serperior|Substitute
|-damage|p1a: Serperior|74/100
|move|p2a: Alomomola|Mirror Coat||[still]
|-fail|p2a: Alomomola
|
|-heal|p1a: Serperior|80/100|[from] item: Leftovers
|upkeep
|turn|17
|-message|drifter1798? forfeited.
|
|win|Brymont
|raw|Brymont's rating: 1455 &rarr; <strong>1477</strong><br />(+22 for winning)
|raw|drifter1798?'s rating: 1493 &rarr; <strong>1471</strong><br />(-22 for losing)
|l|☆drifter1798?
|player|p2|
|l|☆Brymont
|player|p1|
