|j|☆stallkiller393
|j|☆DEVIL1541545
|t:|1743856445
|gametype|singles
|player|p1|stallkiller393|rocketgrunt|1241
|player|p2|DEVIL1541545|1|1240
|teamsize|p1|6
|teamsize|p2|6
|gen|9
|tier|[Gen 9] OU
|rated|
|rule|HP Percentage Mod: HP is shown in percentages
|rule|Endless Battle Clause: Forcing endless battles is banned
|rule|Species Clause: Limit one of each Pokémon
|rule|OHKO Clause: OHKO moves are banned
|rule|Evasion Items Clause: Evasion items are banned
|rule|Evasion Moves Clause: Evasion moves are banned
|rule|Sleep Moves Clause: Sleep-inducing moves are banned
|clearpoke
|poke|p1|Iron Hands|
|poke|p1|Kommo-o, F|
|poke|p1|Grimmsnarl, M|
|poke|p1|Sawsbuck, F|
|poke|p1|Scream Tail|
|poke|p1|Pecharunt|
|poke|p2|Moltres-Galar|
|poke|p2|Zamazenta-*|
|poke|p2|Latias, F|
|poke|p2|Landorus-Therian, M|
|poke|p2|Iron Moth|
|poke|p2|Cloyster, F|
|teampreview
|inactive|Battle timer is ON: inactive players will automatically lose when time's up. (requested by DEVIL1541545)
|
|t:|1743856453
|start
|switch|p1a: Grimmsnarl|Grimmsnarl, M, shiny|100/100
|switch|p2a: Cloyster|Cloyster, F, shiny|100/100
|turn|1
|
|t:|1743856463
|move|p1a: Grimmsnarl|Reflect|p1a: Grimmsnarl
|-sidestart|p1: stallkiller393|Reflect
|move|p2a: Cloyster|Shell Smash|p2a: Cloyster
|-unboost|p2a: Cloyster|def|1
|-unboost|p2a: Cloyster|spd|1
|-boost|p2a: Cloyster|atk|2
|-boost|p2a: Cloyster|spa|2
|-boost|p2a: Cloyster|spe|2
|
|upkeep
|turn|2
|
|t:|1743856470
|move|p1a: Grimmsnarl|Light Screen|p1a: Grimmsnarl
|-sidestart|p1: stallkiller393|move: Light Screen
|move|p2a: Cloyster|Shell Smash|p2a: Cloyster
|-unboost|p2a: Cloyster|def|1
|-unboost|p2a: Cloyster|spd|1
|-boost|p2a: Cloyster|atk|2
|-boost|p2a: Cloyster|spa|2
|-boost|p2a: Cloyster|spe|2
|
|upkeep
|turn|3
|
|t:|1743856475
|move|p1a: Grimmsnarl|Parting Shot|p2a: Cloyster
|-unboost|p2a: Cloyster|atk|1
|-unboost|p2a: Cloyster|spa|1
|
|t:|1743856486
|switch|p1a: Scream Tail|Scream Tail|100/100|[from] Parting Shot
|move|p2a: Cloyster|Shell Smash|p2a: Cloyster
|-unboost|p2a: Cloyster|def|1
|-unboost|p2a: Cloyster|spd|1
|-boost|p2a: Cloyster|atk|2
|-boost|p2a: Cloyster|spa|2
|-boost|p2a: Cloyster|spe|2
|
|upkeep
|turn|4
|
|t:|1743856501
|move|p2a: Cloyster|Icicle Spear|p1a: Scream Tail
|-damage|p1a: Scream Tail|83/100
|-damage|p1a: Scream Tail|66/100
|-damage|p1a: Scream Tail|49/100
|-damage|p1a: Scream Tail|32/100
|-damage|p1a: Scream Tail|14/100
|-hitcount|p1a: Scream Tail|5
|move|p1a: Scream Tail|Flamethrower|p2a: Cloyster
|-enditem|p2a: Cloyster|Focus Sash
|-damage|p2a: Cloyster|1/100
|
|upkeep
|turn|5
|
|t:|1743856528
|move|p2a: Cloyster|Ice Shard|p1a: Scream Tail
|-damage|p1a: Scream Tail|0 fnt
|faint|p1a: Scream Tail
|-end|p1a: Scream Tail|Protosynthesis|[silent]
|
|upkeep
|
|t:|1743856533
|switch|p1a: Grimmsnarl|Grimmsnarl, M, shiny|100/100
|turn|6
|
|t:|1743856545
|move|p2a: Cloyster|Ice Shard|p1a: Grimmsnarl
|-crit|p1a: Grimmsnarl
|-damage|p1a: Grimmsnarl|2/100
|move|p1a: Grimmsnarl|Parting Shot|p2a: Cloyster
|-unboost|p2a: Cloyster|atk|1
|-unboost|p2a: Cloyster|spa|1
|c|☆stallkiller393|lol
|inactive|stallkiller393 has 120 seconds left.
|c|☆DEVIL1541545|i thought for sucker punch
|c|☆stallkiller393|nah im loling at the crit
|
|t:|1743856577
|switch|p1a: Iron Hands|Iron Hands|100/100|[from] Parting Shot
|
|upkeep
|turn|7
|
|t:|1743856584
|move|p2a: Cloyster|Drill Run|p1a: Iron Hands
|-supereffective|p1a: Iron Hands
|-damage|p1a: Iron Hands|56/100
|move|p1a: Iron Hands|Ice Punch|p2a: Cloyster
|-resisted|p2a: Cloyster
|-damage|p2a: Cloyster|0 fnt
|faint|p2a: Cloyster
|
|-heal|p1a: Iron Hands|63/100|[from] item: Leftovers
|upkeep
|
|t:|1743856591
|switch|p2a: Landorus|Landorus-Therian, M|100/100
|-ability|p2a: Landorus|Intimidate|boost
|-unboost|p1a: Iron Hands|atk|1
|turn|8
|inactive|stallkiller393 has 120 seconds left.
|
|t:|1743856605
|-end|p1a: Iron Hands|Quark Drive|[silent]
|switch|p1a: Kommo-o|Kommo-o, F|100/100
|move|p2a: Landorus|Earthquake|p1a: Kommo-o
|-damage|p1a: Kommo-o|76/100
|
|-sideend|p1: stallkiller393|Reflect
|upkeep
|turn|9
|inactive|stallkiller393 has 120 seconds left.
|
|t:|1743856611
|move|p1a: Kommo-o|Swords Dance|p1a: Kommo-o
|-boost|p1a: Kommo-o|atk|2
|move|p2a: Landorus|Taunt|p1a: Kommo-o
|-start|p1a: Kommo-o|move: Taunt
|
|-sideend|p1: stallkiller393|move: Light Screen
|upkeep
|turn|10
|
|t:|1743856620
|move|p2a: Landorus|Stealth Rock|p1a: Kommo-o
|-sidestart|p1: stallkiller393|move: Stealth Rock
|move|p1a: Kommo-o|Scale Shot|p2a: Landorus|[miss]
|-miss|p1a: Kommo-o|p2a: Landorus
|
|upkeep
|turn|11
|c|☆stallkiller393|yeah this isn't my game
|c|☆stallkiller393|you will win no matter what lol
|inactive|stallkiller393 has 120 seconds left.
|
|t:|1743856637
|move|p1a: Kommo-o|Scale Shot|p2a: Landorus
|-damage|p2a: Landorus|77/100
|-damage|p2a: Landorus|54/100
|-damage|p2a: Landorus|32/100
|-damage|p2a: Landorus|9/100
|-hitcount|p2a: Landorus|4
|-unboost|p1a: Kommo-o|def|1
|-boost|p1a: Kommo-o|spe|1
|move|p2a: Landorus|Earthquake|p1a: Kommo-o
|-damage|p1a: Kommo-o|2/100
|
|upkeep
|turn|12
|inactive|stallkiller393 has 120 seconds left.
|c|☆stallkiller393|4 hits too
|
|t:|1743856651
|move|p1a: Kommo-o|Drain Punch|p2a: Landorus
|-resisted|p2a: Landorus
|-damage|p2a: Landorus|0 fnt
|-heal|p1a: Kommo-o|7/100|[from] drain|[of] p2a: Landorus
|-damage|p1a: Kommo-o|0 fnt|[from] item: Rocky Helmet|[of] p2a: Landorus
|faint|p2a: Landorus
|faint|p1a: Kommo-o
|
|upkeep
|c|☆DEVIL1541545|yrsh
|c|☆DEVIL1541545|rocky helme
|inactive|stallkiller393 has 120 seconds left.
|c|☆stallkiller393|didnt want to risk missing a 90% move again
|c|☆stallkiller393|lol
|inactive|DEVIL1541545 has 120 seconds left.
|c|☆stallkiller393|i cant win anyway i've had games like this
|c|☆stallkiller393|where everything goes wrong
|
|t:|1743856691
|switch|p1a: Sawsbuck|Sawsbuck, F|100/100
|switch|p2a: Zamazenta|Zamazenta|100/100
|-ability|p2a: Zamazenta|Dauntless Shield|boost
|-boost|p2a: Zamazenta|def|1
|-damage|p1a: Sawsbuck|88/100|[from] Stealth Rock
|turn|13
|inactive|DEVIL1541545 has 120 seconds left.
|inactive|stallkiller393 has 120 seconds left.
|
|t:|1743856705
|move|p2a: Zamazenta|Iron Defense|p2a: Zamazenta
|-boost|p2a: Zamazenta|def|2
|move|p1a: Sawsbuck|Body Slam|p2a: Zamazenta
|-damage|p2a: Zamazenta|85/100
|-damage|p1a: Sawsbuck|78/100|[from] item: Life Orb
|
|-heal|p2a: Zamazenta|91/100|[from] item: Leftovers
|upkeep
|turn|14
|inactive|stallkiller393 has 120 seconds left.
|inactive|DEVIL1541545 has 120 seconds left.
|c|☆stallkiller393|serene grace i always get the paraylsis
|c|☆DEVIL1541545|ur team is solid
|c|☆stallkiller393|i didn't get :(
|
|t:|1743856726
|switch|p1a: Pecharunt|Pecharunt|100/100
|-damage|p1a: Pecharunt|88/100|[from] Stealth Rock
|-item|p1a: Pecharunt|Air Balloon
|move|p2a: Zamazenta|Substitute|p2a: Zamazenta
|-start|p2a: Zamazenta|Substitute
|-damage|p2a: Zamazenta|66/100
|
|-heal|p2a: Zamazenta|72/100|[from] item: Leftovers
|upkeep
|turn|15
|inactive|stallkiller393 has 120 seconds left.
|
|t:|1743856736
|move|p2a: Zamazenta|Crunch|p1a: Pecharunt
|-supereffective|p1a: Pecharunt
|-damage|p1a: Pecharunt|57/100
|-enditem|p1a: Pecharunt|Air Balloon
|move|p1a: Pecharunt|Malignant Chain|p2a: Zamazenta
|-end|p2a: Zamazenta|Substitute
|
|-heal|p2a: Zamazenta|79/100|[from] item: Leftovers
|upkeep
|turn|16
|c|☆DEVIL1541545|i expeceted tgat
|inactive|stallkiller393 has 120 seconds left.
|
|t:|1743856748
|move|p2a: Zamazenta|Crunch|p1a: Pecharunt
|-supereffective|p1a: Pecharunt
|-damage|p1a: Pecharunt|28/100
|-unboost|p1a: Pecharunt|def|1
|move|p1a: Pecharunt|Malignant Chain|p2a: Zamazenta
|-damage|p2a: Zamazenta|45/100
|-status|p2a: Zamazenta|tox
|-start|p2a: Zamazenta|confusion|[from] ability: Poison Puppeteer|[of] p1a: Pecharunt
|
|-heal|p2a: Zamazenta|51/100 tox|[from] item: Leftovers
|-damage|p2a: Zamazenta|45/100 tox|[from] psn
|upkeep
|turn|17
|c|☆stallkiller393|def drop
|c|☆stallkiller393|its gg
|inactive|stallkiller393 has 120 seconds left.
|
|t:|1743856769
|switch|p1a: Grimmsnarl|Grimmsnarl, M, shiny|2/100
|-damage|p1a: Grimmsnarl|0 fnt|[from] Stealth Rock
|faint|p1a: Grimmsnarl
|-activate|p2a: Zamazenta|confusion
|move|p2a: Zamazenta|Crunch|p1: Grimmsnarl|[notarget]
|-fail|p2a: Zamazenta
|
|-heal|p2a: Zamazenta|51/100 tox|[from] item: Leftovers
|-damage|p2a: Zamazenta|38/100 tox|[from] psn
|upkeep
|
|t:|1743856780
|switch|p1a: Iron Hands|Iron Hands|63/100
|-damage|p1a: Iron Hands|56/100|[from] Stealth Rock
|turn|18
|
|t:|1743856783
|-activate|p2a: Zamazenta|confusion
|-damage|p2a: Zamazenta|34/100 tox|[from] confusion
|move|p1a: Iron Hands|Swords Dance|p1a: Iron Hands
|-boost|p1a: Iron Hands|atk|2
|
|-heal|p2a: Zamazenta|41/100 tox|[from] item: Leftovers
|-heal|p1a: Iron Hands|63/100|[from] item: Leftovers
|-damage|p2a: Zamazenta|22/100 tox|[from] psn
|upkeep
|turn|19
|inactive|stallkiller393 has 120 seconds left.
|
|t:|1743856789
|-activate|p2a: Zamazenta|confusion
|move|p2a: Zamazenta|Body Press|p1a: Iron Hands
|-damage|p1a: Iron Hands|13/100
|move|p1a: Iron Hands|Drain Punch|p2a: Zamazenta
|-damage|p2a: Zamazenta|0 fnt
|-heal|p1a: Iron Hands|21/100|[from] drain|[of] p2a: Zamazenta
|faint|p2a: Zamazenta
|
|-heal|p1a: Iron Hands|27/100|[from] item: Leftovers
|upkeep
|
|t:|1743856796
|switch|p2a: Iron Moth|Iron Moth|100/100
|turn|20
|
|t:|1743856806
|move|p2a: Iron Moth|Fiery Dance|p1a: Iron Hands
|-damage|p1a: Iron Hands|0 fnt
|faint|p1a: Iron Hands
|-end|p1a: Iron Hands|Quark Drive|[silent]
|
|upkeep
|c|☆DEVIL1541545|i still got my win con in the back
|c|☆DEVIL1541545|its choice scarf
|inactive|stallkiller393 has 120 seconds left.
|c|☆DEVIL1541545|iron noth
|
|t:|1743856818
|switch|p1a: Sawsbuck|Sawsbuck, F|78/100
|-damage|p1a: Sawsbuck|66/100|[from] Stealth Rock
|turn|21
|
|t:|1743856821
|-terastallize|p1a: Sawsbuck|Ground
|move|p2a: Iron Moth|Fiery Dance|p1a: Sawsbuck
|-damage|p1a: Sawsbuck|4/100
|move|p1a: Sawsbuck|High Horsepower|p2a: Iron Moth
|-supereffective|p2a: Iron Moth
|-damage|p2a: Iron Moth|0 fnt
|faint|p2a: Iron Moth
|-end|p2a: Iron Moth|Quark Drive|[silent]
|-damage|p1a: Sawsbuck|0 fnt|[from] item: Life Orb
|faint|p1a: Sawsbuck
|
|upkeep
|c|☆DEVIL1541545|so close
|c|☆stallkiller393|gg
|
|t:|1743856834
|switch|p2a: Latias|Latias, F|100/100
|switch|p1a: Pecharunt|Pecharunt|28/100
|-damage|p1a: Pecharunt|16/100|[from] Stealth Rock
|turn|22
|
|t:|1743856843
|-terastallize|p2a: Latias|Fairy
|move|p2a: Latias|Agility|p2a: Latias
|-boost|p2a: Latias|spe|2
|move|p1a: Pecharunt|Malignant Chain|p2a: Latias
|-supereffective|p2a: Latias
|-crit|p2a: Latias
|-damage|p2a: Latias|0 fnt
|faint|p2a: Latias
|
|upkeep
|
|t:|1743856845
|switch|p2a: Moltres|Moltres-Galar, shiny|100/100
|turn|23
|c|☆stallkiller393|?
|c|☆DEVIL1541545|nthng
|
|t:|1743856858
|move|p1a: Pecharunt|Malignant Chain|p2a: Moltres
|-damage|p2a: Moltres|71/100
|-status|p2a: Moltres|tox
|-start|p2a: Moltres|confusion|[from] ability: Poison Puppeteer|[of] p1a: Pecharunt
|-activate|p2a: Moltres|confusion
|move|p2a: Moltres|Fiery Wrath|p1a: Pecharunt
|-supereffective|p1a: Pecharunt
|-damage|p1a: Pecharunt|0 fnt
|faint|p1a: Pecharunt
|
|win|DEVIL1541545
|raw|stallkiller393's rating: 1241 &rarr; <strong>1216</strong><br />(-25 for losing)
|raw|DEVIL1541545's rating: 1240 &rarr; <strong>1265</strong><br />(+25 for winning)
|c|☆DEVIL1541545|miss cliclkl
|c|☆stallkiller393|i was gonna say
|c|☆stallkiller393|why would you risk that lol
|c|☆stallkiller393|but gg
|c|☆DEVIL1541545|gg
|l|☆stallkiller393
|player|p1|
|l|☆DEVIL1541545
|player|p2|
