|j|☆Didiste
|j|☆darskxddd
|t:|1743847092
|gametype|singles
|player|p1|Didiste|colress|1223
|player|p2|darskxddd|266|1242
|teamsize|p1|6
|teamsize|p2|6
|gen|9
|tier|[Gen 9] OU
|rated|
|rule|HP Percentage Mod: HP is shown in percentages
|rule|Endless Battle Clause: Forcing endless battles is banned
|rule|Species Clause: Limit one of each Pokémon
|rule|OHKO Clause: OHKO moves are banned
|rule|Evasion Items Clause: Evasion items are banned
|rule|Evasion Moves Clause: Evasion moves are banned
|rule|Sleep Moves Clause: Sleep-inducing moves are banned
|clearpoke
|poke|p1|Weavile, M|
|poke|p1|Zamazenta-*|
|poke|p1|Iron Valiant|
|poke|p1|Gliscor, M|
|poke|p1|Slowking-Galar, M|
|poke|p1|Raging Bolt|
|poke|p2|Bisharp, M|
|poke|p2|Entei|
|poke|p2|Rotom-Wash|
|poke|p2|Deoxys-Defense|
|poke|p2|Comfey, F|
|poke|p2|Great Tusk|
|teampreview
|
|t:|1743847102
|start
|switch|p1a: Gliscor|Gliscor, M|100/100
|switch|p2a: Deoxys|Deoxys-Defense|100/100
|-ability|p2a: Deoxys|Pressure
|turn|1
|
|t:|1743847108
|move|p2a: Deoxys|Nasty Plot|p2a: Deoxys
|-boost|p2a: Deoxys|spa|2
|move|p1a: Gliscor|Stealth Rock|p2a: Deoxys
|-sidestart|p2: darskxddd|move: Stealth Rock
|
|-status|p1a: Gliscor|tox|[from] item: Toxic Orb
|upkeep
|turn|2
|
|t:|1743847114
|move|p2a: Deoxys|Ice Beam|p1a: Gliscor
|-supereffective|p1a: Gliscor
|-crit|p1a: Gliscor
|-damage|p1a: Gliscor|0 fnt
|faint|p1a: Gliscor
|
|upkeep
|
|t:|1743847124
|switch|p1a: Weavile|Weavile, M|100/100
|-ability|p1a: Weavile|Pressure
|turn|3
|inactive|Battle timer is ON: inactive players will automatically lose when time's up. (requested by darskxddd)
|
|t:|1743847133
|-terastallize|p2a: Deoxys|Ice
|move|p1a: Weavile|Knock Off|p2a: Deoxys
|-damage|p2a: Deoxys|64/100
|-enditem|p2a: Deoxys|Weakness Policy|[from] move: Knock Off|[of] p1a: Weavile
|move|p2a: Deoxys|Focus Blast|p1a: Weavile
|-supereffective|p1a: Weavile
|-damage|p1a: Weavile|0 fnt
|faint|p1a: Weavile
|
|upkeep
|
|t:|1743847147
|switch|p1a: Zamazenta|Zamazenta|100/100
|-ability|p1a: Zamazenta|Dauntless Shield|boost
|-boost|p1a: Zamazenta|def|1
|turn|4
|
|t:|1743847156
|move|p1a: Zamazenta|Body Press|p2a: Deoxys
|-supereffective|p2a: Deoxys
|-damage|p2a: Deoxys|0 fnt
|faint|p2a: Deoxys
|
|upkeep
|
|t:|1743847161
|switch|p2a: Great Tusk|Great Tusk|100/100
|-damage|p2a: Great Tusk|98/100|[from] Stealth Rock
|turn|5
|
|t:|1743847166
|move|p1a: Zamazenta|Iron Defense|p1a: Zamazenta
|-boost|p1a: Zamazenta|def|2
|move|p2a: Great Tusk|Rapid Spin|p1a: Zamazenta
|-damage|p1a: Zamazenta|96/100
|-boost|p2a: Great Tusk|spe|1
|-sideend|p2: darskxddd|Stealth Rock|[from] move: Rapid Spin|[of] p2a: Great Tusk
|
|-heal|p1a: Zamazenta|100/100|[from] item: Leftovers
|upkeep
|turn|6
|
|t:|1743847174
|-end|p2a: Great Tusk|Protosynthesis|[silent]
|switch|p2a: Rotom|Rotom-Wash|100/100
|move|p1a: Zamazenta|Substitute|p1a: Zamazenta
|-start|p1a: Zamazenta|Substitute
|-damage|p1a: Zamazenta|76/100
|
|-heal|p1a: Zamazenta|82/100|[from] item: Leftovers
|upkeep
|turn|7
|
|t:|1743847188
|move|p1a: Zamazenta|Body Press|p2a: Rotom
|-damage|p2a: Rotom|1/100
|move|p2a: Rotom|Hydro Pump|p1a: Zamazenta
|-end|p1a: Zamazenta|Substitute
|
|-heal|p1a: Zamazenta|88/100|[from] item: Leftovers
|-heal|p2a: Rotom|8/100|[from] item: Leftovers
|upkeep
|turn|8
|c|☆darskxddd|investmenttttt
|
|t:|1743847205
|move|p1a: Zamazenta|Body Press|p2a: Rotom
|-damage|p2a: Rotom|0 fnt
|faint|p2a: Rotom
|
|-heal|p1a: Zamazenta|94/100|[from] item: Leftovers
|upkeep
|
|t:|1743847209
|switch|p2a: Comfey|Comfey, F|100/100
|turn|9
|
|t:|1743847223
|switch|p1a: Slowking|Slowking-Galar, M|100/100
|move|p2a: Comfey|Draining Kiss|p1a: Slowking
|-resisted|p1a: Slowking
|-damage|p1a: Slowking|91/100
|
|upkeep
|turn|10
|
|t:|1743847228
|switch|p2a: Bisharp|Bisharp, M|100/100
|move|p1a: Slowking|Sludge Bomb|p2a: Bisharp
|-immune|p2a: Bisharp
|
|upkeep
|turn|11
|
|t:|1743847234
|switch|p1a: Zamazenta|Zamazenta|94/100
|move|p2a: Bisharp|Thunder Wave|p1a: Zamazenta
|-status|p1a: Zamazenta|par
|
|-heal|p1a: Zamazenta|99/100 par|[from] item: Leftovers
|upkeep
|turn|12
|
|t:|1743847240
|switch|p2a: Comfey|Comfey, F|100/100
|move|p1a: Zamazenta|Body Press|p2a: Comfey
|-resisted|p2a: Comfey
|-damage|p2a: Comfey|77/100
|
|-heal|p1a: Zamazenta|100/100 par|[from] item: Leftovers
|upkeep
|turn|13
|
|t:|1743847248
|switch|p1a: Slowking|Slowking-Galar, M|100/100
|move|p2a: Comfey|Draining Kiss|p1a: Slowking
|-resisted|p1a: Slowking
|-damage|p1a: Slowking|91/100
|-heal|p2a: Comfey|86/100|[from] drain|[of] p1a: Slowking
|
|upkeep
|turn|14
|
|t:|1743847259
|switch|p2a: Entei|Entei|100/100
|-ability|p2a: Entei|Pressure
|-prepare|p1a: Slowking|Chilly Reception|[premajor]
|move|p1a: Slowking|Chilly Reception|p1a: Slowking
|-weather|Snowscape
|
|t:|1743847273
|switch|p1a: Raging Bolt|Raging Bolt|100/100|[from] Chilly Reception
|
|-weather|Snowscape|[upkeep]
|upkeep
|turn|15
|
|t:|1743847278
|move|p2a: Entei|Stomping Tantrum|p1a: Raging Bolt
|-supereffective|p1a: Raging Bolt
|-damage|p1a: Raging Bolt|33/100
|move|p1a: Raging Bolt|Dragon Pulse|p2a: Entei
|-crit|p2a: Entei
|-damage|p2a: Entei|17/100
|
|-weather|Snowscape|[upkeep]
|upkeep
|turn|16
|
|t:|1743847288
|switch|p2a: Great Tusk|Great Tusk|98/100
|move|p1a: Raging Bolt|Thunderclap||[still]
|-fail|p1a: Raging Bolt
|
|-weather|Snowscape|[upkeep]
|upkeep
|turn|17
|
|t:|1743847301
|move|p1a: Raging Bolt|Dragon Pulse|p2a: Great Tusk
|-damage|p2a: Great Tusk|32/100
|move|p2a: Great Tusk|Stealth Rock|p1a: Raging Bolt
|-sidestart|p1: Didiste|move: Stealth Rock
|
|-weather|Snowscape|[upkeep]
|upkeep
|turn|18
|
|t:|1743847306
|-end|p2a: Great Tusk|Protosynthesis|[silent]
|switch|p2a: Comfey|Comfey, F|86/100
|move|p1a: Raging Bolt|Dragon Pulse|p2a: Comfey
|-immune|p2a: Comfey
|
|-weather|none
|upkeep
|turn|19
|
|t:|1743847322
|switch|p2a: Entei|Entei|17/100
|-ability|p2a: Entei|Pressure
|-end|p1a: Raging Bolt|Protosynthesis|[silent]
|switch|p1a: Slowking|Slowking-Galar, M|100/100
|
|upkeep
|turn|20
|
|t:|1743847340
|switch|p2a: Great Tusk|Great Tusk|32/100
|move|p1a: Slowking|Future Sight|p2a: Great Tusk
|-start|p1a: Slowking|move: Future Sight
|
|upkeep
|turn|21
|
|t:|1743847348
|switch|p1a: Zamazenta|Zamazenta|100/100 par
|-damage|p1a: Zamazenta|94/100 par|[from] Stealth Rock
|move|p2a: Great Tusk|Rest|p2a: Great Tusk
|-status|p2a: Great Tusk|slp|[from] move: Rest
|-heal|p2a: Great Tusk|100/100 slp|[silent]
|-enditem|p2a: Great Tusk|Chesto Berry|[eat]
|-curestatus|p2a: Great Tusk|slp|[msg]
|
|-heal|p1a: Zamazenta|100/100 par|[from] item: Leftovers
|upkeep
|turn|22
|
|t:|1743847357
|-end|p2a: Great Tusk|Protosynthesis|[silent]
|switch|p2a: Bisharp|Bisharp, M|100/100
|cant|p1a: Zamazenta|par
|
|-end|p2a: Bisharp|move: Future Sight
|-immune|p2a: Bisharp
|upkeep
|turn|23
|
|t:|1743847364
|switch|p2a: Comfey|Comfey, F|86/100
|move|p1a: Zamazenta|Iron Defense|p1a: Zamazenta
|-boost|p1a: Zamazenta|def|2
|
|upkeep
|turn|24
|
|t:|1743847370
|switch|p1a: Slowking|Slowking-Galar, M|100/100
|move|p2a: Comfey|Draining Kiss|p1a: Slowking
|-resisted|p1a: Slowking
|-damage|p1a: Slowking|91/100
|-heal|p2a: Comfey|95/100|[from] drain|[of] p1a: Slowking
|
|upkeep
|turn|25
|
|t:|1743847378
|switch|p2a: Bisharp|Bisharp, M|100/100
|move|p1a: Slowking|Ice Beam|p2a: Bisharp
|-resisted|p2a: Bisharp
|-damage|p2a: Bisharp|82/100
|
|upkeep
|turn|26
|
|t:|1743847392
|switch|p2a: Comfey|Comfey, F|95/100
|move|p1a: Slowking|Ice Beam|p2a: Comfey
|-damage|p2a: Comfey|71/100
|
|upkeep
|turn|27
|
|t:|1743847401
|switch|p2a: Great Tusk|Great Tusk|100/100
|move|p1a: Slowking|Sludge Bomb|p2a: Great Tusk
|-resisted|p2a: Great Tusk
|-damage|p2a: Great Tusk|77/100
|
|upkeep
|turn|28
|
|t:|1743847412
|-end|p2a: Great Tusk|Protosynthesis|[silent]
|switch|p2a: Bisharp|Bisharp, M|82/100
|switch|p1a: Zamazenta|Zamazenta|100/100 par
|-damage|p1a: Zamazenta|94/100 par|[from] Stealth Rock
|
|-heal|p1a: Zamazenta|100/100 par|[from] item: Leftovers
|upkeep
|turn|29
|
|t:|1743847421
|switch|p2a: Comfey|Comfey, F|71/100
|switch|p1a: Slowking|Slowking-Galar, M|100/100
|
|upkeep
|turn|30
|
|t:|1743847426
|switch|p2a: Bisharp|Bisharp, M|82/100
|move|p1a: Slowking|Sludge Bomb|p2a: Bisharp
|-immune|p2a: Bisharp
|
|upkeep
|turn|31
|
|t:|1743847430
|move|p2a: Bisharp|Sucker Punch|p1a: Slowking
|-supereffective|p1a: Slowking
|-damage|p1a: Slowking|23/100
|move|p1a: Slowking|Ice Beam|p2a: Bisharp
|-resisted|p2a: Bisharp
|-damage|p2a: Bisharp|64/100
|
|upkeep
|turn|32
|
|t:|1743847435
|switch|p2a: Comfey|Comfey, F|71/100
|switch|p1a: Zamazenta|Zamazenta|100/100 par
|-damage|p1a: Zamazenta|94/100 par|[from] Stealth Rock
|
|-heal|p1a: Zamazenta|100/100 par|[from] item: Leftovers
|upkeep
|turn|33
|
|t:|1743847439
|switch|p1a: Slowking|Slowking-Galar, M|56/100
|move|p2a: Comfey|Draining Kiss|p1a: Slowking
|-resisted|p1a: Slowking
|-damage|p1a: Slowking|47/100
|-heal|p2a: Comfey|80/100|[from] drain|[of] p1a: Slowking
|
|upkeep
|turn|34
|
|t:|1743847450
|move|p2a: Comfey|Draining Kiss|p1a: Slowking
|-resisted|p1a: Slowking
|-damage|p1a: Slowking|37/100
|-heal|p2a: Comfey|90/100|[from] drain|[of] p1a: Slowking
|move|p1a: Slowking|Ice Beam|p2a: Comfey
|-damage|p2a: Comfey|66/100
|
|upkeep
|turn|35
|
|t:|1743847457
|switch|p2a: Bisharp|Bisharp, M|64/100
|move|p1a: Slowking|Sludge Bomb|p2a: Bisharp
|-immune|p2a: Bisharp
|
|upkeep
|turn|36
|
|t:|1743847459
|move|p2a: Bisharp|Iron Head|p1a: Slowking
|-crit|p1a: Slowking
|-damage|p1a: Slowking|0 fnt
|faint|p1a: Slowking
|
|upkeep
|-message|Didiste forfeited.
|
|win|darskxddd
|raw|Didiste's rating: 1223 &rarr; <strong>1199</strong><br />(-24 for losing)
|raw|darskxddd's rating: 1242 &rarr; <strong>1266</strong><br />(+24 for winning)
|l|☆Didiste
|player|p1|
|c|☆darskxddd|gg
|l|☆darskxddd
|player|p2|
