|j|☆yamanclash
|j|☆thathomiesapien
|t:|1743831674
|gametype|singles
|player|p1|yamanclash|265|1286
|player|p2|thathomiesapien|102|1318
|teamsize|p1|6
|teamsize|p2|6
|gen|9
|tier|[Gen 9] OU
|rated|
|rule|HP Percentage Mod: HP is shown in percentages
|rule|Endless Battle Clause: Forcing endless battles is banned
|rule|Species Clause: Limit one of each Pokémon
|rule|OHKO Clause: OHKO moves are banned
|rule|Evasion Items Clause: Evasion items are banned
|rule|Evasion Moves Clause: Evasion moves are banned
|rule|Sleep Moves Clause: Sleep-inducing moves are banned
|clearpoke
|poke|p1|Skeledirge, M|
|poke|p1|Araquanid, F|
|poke|p1|Garchomp, F|
|poke|p1|Kingambit, M|
|poke|p1|Ogerpon-Wellspring, F|
|poke|p1|Slowking-Galar, F|
|poke|p2|Tyranitar, M|
|poke|p2|Hydrapple, M|
|poke|p2|Arcanine-Hisui, F|
|poke|p2|Gliscor, F|
|poke|p2|Alomomola, M|
|poke|p2|Forretress, F|
|teampreview
|inactive|Battle timer is ON: inactive players will automatically lose when time's up. (requested by yamanclash)
|
|t:|1743831705
|start
|switch|p1a: Araquanid|Araquanid, F|100/100
|switch|p2a: Forretress|Forretress, F|100/100
|turn|1
|
|t:|1743831711
|move|p1a: Araquanid|Surf|p2a: Forretress
|-damage|p2a: Forretress|28/100
|move|p2a: Forretress|Stealth Rock|p1a: Araquanid
|-sidestart|p1: yamanclash|move: Stealth Rock
|
|upkeep
|turn|2
|
|t:|1743831716
|switch|p2a: HeyApple|Hydrapple, M|100/100
|move|p1a: Araquanid|Surf|p2a: HeyApple
|-resisted|p2a: HeyApple
|-damage|p2a: HeyApple|88/100
|
|upkeep
|turn|3
|
|t:|1743831726
|switch|p1a: Skeledirge|Skeledirge, M|100/100
|move|p2a: HeyApple|Draco Meteor|p1a: Skeledirge
|-damage|p1a: Skeledirge|26/100
|-unboost|p2a: HeyApple|spa|2
|
|upkeep
|turn|4
|
|t:|1743831733
|-terastallize|p1a: Skeledirge|Fairy
|move|p1a: Skeledirge|Slack Off|p1a: Skeledirge
|-heal|p1a: Skeledirge|76/100
|move|p2a: HeyApple|Draco Meteor|p1a: Skeledirge
|-immune|p1a: Skeledirge
|
|upkeep
|turn|5
|
|t:|1743831741
|switch|p2a: Alomomola|Alomomola, M|100/100
|move|p1a: Skeledirge|Torch Song|p2a: Alomomola
|-resisted|p2a: Alomomola
|-damage|p2a: Alomomola|84/100
|-boost|p1a: Skeledirge|spa|1
|
|upkeep
|turn|6
|
|t:|1743831748
|move|p1a: Skeledirge|Hex|p2a: Alomomola
|-damage|p2a: Alomomola|41/100
|move|p2a: Alomomola|Flip Turn|p1a: Skeledirge
|-damage|p1a: Skeledirge|62/100
|
|t:|1743831750
|switch|p2a: My Favewit|Tyranitar, M|100/100|[from] Flip Turn
|-weather|Sandstorm|[from] ability: Sand Stream|[of] p2a: My Favewit
|
|-weather|Sandstorm|[upkeep]
|-damage|p1a: Skeledirge|56/100|[from] Sandstorm
|upkeep
|turn|7
|
|t:|1743831756
|move|p1a: Skeledirge|Will-O-Wisp|p2a: My Favewit
|-status|p2a: My Favewit|brn
|move|p2a: My Favewit|Rock Blast|p1a: Skeledirge
|-damage|p1a: Skeledirge|50/100
|-damage|p1a: Skeledirge|44/100
|-hitcount|p1a: Skeledirge|2
|
|-weather|Sandstorm|[upkeep]
|-damage|p1a: Skeledirge|38/100|[from] Sandstorm
|-damage|p2a: My Favewit|94/100 brn|[from] brn
|upkeep
|turn|8
|
|t:|1743831778
|move|p1a: Skeledirge|Slack Off|p1a: Skeledirge
|-heal|p1a: Skeledirge|88/100
|move|p2a: My Favewit|Rock Blast|p1a: Skeledirge
|-damage|p1a: Skeledirge|82/100
|-damage|p1a: Skeledirge|76/100
|-damage|p1a: Skeledirge|69/100
|-hitcount|p1a: Skeledirge|3
|
|-weather|Sandstorm|[upkeep]
|-damage|p1a: Skeledirge|63/100|[from] Sandstorm
|-damage|p2a: My Favewit|88/100 brn|[from] brn
|upkeep
|turn|9
|
|t:|1743831782
|switch|p2a: He Don't Die|Gliscor, F|100/100
|move|p1a: Skeledirge|Torch Song|p2a: He Don't Die
|-damage|p2a: He Don't Die|49/100
|-boost|p1a: Skeledirge|spa|1
|
|-weather|Sandstorm|[upkeep]
|-damage|p1a: Skeledirge|57/100|[from] Sandstorm
|-status|p2a: He Don't Die|tox|[from] item: Toxic Orb
|upkeep
|turn|10
|
|t:|1743831791
|move|p2a: He Don't Die|Protect|p2a: He Don't Die
|-singleturn|p2a: He Don't Die|Protect
|move|p1a: Skeledirge|Hex|p2a: He Don't Die
|-activate|p2a: He Don't Die|move: Protect
|
|-weather|none
|-heal|p2a: He Don't Die|62/100 tox|[from] ability: Poison Heal
|upkeep
|turn|11
|
|t:|1743831797
|switch|p2a: My Favewit|Tyranitar, M|88/100 brn
|-weather|Sandstorm|[from] ability: Sand Stream|[of] p2a: My Favewit
|move|p1a: Skeledirge|Hex|p2a: My Favewit
|-resisted|p2a: My Favewit
|-damage|p2a: My Favewit|72/100 brn
|
|-weather|Sandstorm|[upkeep]
|-damage|p1a: Skeledirge|51/100|[from] Sandstorm
|-damage|p2a: My Favewit|66/100 brn|[from] brn
|upkeep
|turn|12
|
|t:|1743831803
|move|p1a: Skeledirge|Slack Off|p1a: Skeledirge
|-heal|p1a: Skeledirge|100/100
|move|p2a: My Favewit|Knock Off|p1a: Skeledirge
|-resisted|p1a: Skeledirge
|-damage|p1a: Skeledirge|89/100
|-enditem|p1a: Skeledirge|Heavy-Duty Boots|[from] move: Knock Off|[of] p2a: My Favewit
|
|-weather|Sandstorm|[upkeep]
|-damage|p1a: Skeledirge|82/100|[from] Sandstorm
|-damage|p2a: My Favewit|60/100 brn|[from] brn
|upkeep
|turn|13
|
|t:|1743831811
|switch|p2a: Hurty|Arcanine-Hisui, F|100/100
|move|p1a: Skeledirge|Torch Song|p2a: Hurty
|-resisted|p2a: Hurty
|-damage|p2a: Hurty|88/100
|-boost|p1a: Skeledirge|spa|1
|
|-weather|Sandstorm|[upkeep]
|-damage|p1a: Skeledirge|76/100|[from] Sandstorm
|upkeep
|turn|14
|
|t:|1743831818
|move|p2a: Hurty|Flare Blitz|p1a: Skeledirge
|-damage|p1a: Skeledirge|7/100
|-damage|p2a: Hurty|79/100|[from] item: Life Orb
|move|p1a: Skeledirge|Hex|p2a: Hurty
|-damage|p2a: Hurty|24/100
|
|-weather|Sandstorm|[upkeep]
|-damage|p1a: Skeledirge|1/100|[from] Sandstorm
|upkeep
|turn|15
|
|t:|1743831829
|move|p2a: Hurty|Extreme Speed|p1a: Skeledirge
|-damage|p1a: Skeledirge|0 fnt
|faint|p1a: Skeledirge
|-damage|p2a: Hurty|14/100|[from] item: Life Orb
|
|-weather|none
|upkeep
|
|t:|1743831830
|switch|p1a: Slowking|Slowking-Galar, F|100/100
|turn|16
|
|t:|1743831836
|switch|p2a: Alomomola|Alomomola, M|74/100
|move|p1a: Slowking|Future Sight|p2a: Alomomola
|-start|p1a: Slowking|move: Future Sight
|
|upkeep
|turn|17
|
|t:|1743831841
|move|p2a: Alomomola|Wish|p2a: Alomomola
|move|p1a: Slowking|Sludge Bomb|p2a: Alomomola
|-damage|p2a: Alomomola|38/100
|
|upkeep
|turn|18
|inactive|thathomiesapien has 120 seconds left.
|
|t:|1743831884
|switch|p2a: My Favewit|Tyranitar, M|60/100 brn
|-weather|Sandstorm|[from] ability: Sand Stream|[of] p2a: My Favewit
|-prepare|p1a: Slowking|Chilly Reception|[premajor]
|move|p1a: Slowking|Chilly Reception|p1a: Slowking
|-weather|Snowscape
|
|t:|1743831889
|switch|p1a: Garchomp|Garchomp, F|100/100|[from] Chilly Reception
|-damage|p1a: Garchomp|94/100|[from] Stealth Rock
|
|-weather|Snowscape|[upkeep]
|-end|p2a: My Favewit|move: Future Sight
|-immune|p2a: My Favewit
|-heal|p2a: My Favewit|100/100 brn|[from] move: Wish|[wisher] Alomomola
|-damage|p2a: My Favewit|94/100 brn|[from] brn
|upkeep
|turn|19
|inactive|thathomiesapien has 120 seconds left.
|
|t:|1743831901
|move|p1a: Garchomp|Swords Dance|p1a: Garchomp
|-boost|p1a: Garchomp|atk|2
|move|p2a: My Favewit|Avalanche|p1a: Garchomp
|-supereffective|p1a: Garchomp
|-damage|p1a: Garchomp|50/100
|-damage|p2a: My Favewit|82/100 brn|[from] ability: Rough Skin|[of] p1a: Garchomp
|
|-weather|Snowscape|[upkeep]
|-damage|p2a: My Favewit|76/100 brn|[from] brn
|upkeep
|turn|20
|inactive|thathomiesapien has 120 seconds left.
|
|t:|1743831924
|switch|p2a: He Don't Die|Gliscor, F|62/100 tox
|move|p1a: Garchomp|Earthquake|p2a: He Don't Die
|-immune|p2a: He Don't Die
|
|-weather|Snowscape|[upkeep]
|-heal|p2a: He Don't Die|74/100 tox|[from] ability: Poison Heal
|upkeep
|turn|21
|
|t:|1743831929
|move|p1a: Garchomp|Scale Shot|p2a: He Don't Die
|-damage|p2a: He Don't Die|57/100 tox
|-damage|p2a: He Don't Die|42/100 tox
|-damage|p2a: He Don't Die|25/100 tox
|-damage|p2a: He Don't Die|10/100 tox
|-hitcount|p2a: He Don't Die|4
|-unboost|p1a: Garchomp|def|1
|-boost|p1a: Garchomp|spe|1
|move|p2a: He Don't Die|Toxic|p1a: Garchomp
|-status|p1a: Garchomp|tox
|
|-weather|Snowscape|[upkeep]
|-damage|p1a: Garchomp|43/100 tox|[from] psn
|-heal|p2a: He Don't Die|23/100 tox|[from] ability: Poison Heal
|upkeep
|turn|22
|
|t:|1743831940
|move|p2a: He Don't Die|Protect|p2a: He Don't Die
|-singleturn|p2a: He Don't Die|Protect
|move|p1a: Garchomp|Scale Shot|p2a: He Don't Die
|-activate|p2a: He Don't Die|move: Protect
|
|-weather|none
|-damage|p1a: Garchomp|31/100 tox|[from] psn
|-heal|p2a: He Don't Die|35/100 tox|[from] ability: Poison Heal
|upkeep
|turn|23
|inactive|thathomiesapien has 120 seconds left.
|inactive|thathomiesapien has 90 seconds left.
|
|t:|1743831996
|switch|p2a: Alomomola|Alomomola, M|71/100
|move|p1a: Garchomp|Scale Shot|p2a: Alomomola
|-damage|p2a: Alomomola|57/100
|-damage|p2a: Alomomola|43/100
|-damage|p2a: Alomomola|29/100
|-crit|p2a: Alomomola
|-damage|p2a: Alomomola|7/100
|-damage|p2a: Alomomola|0 fnt
|faint|p2a: Alomomola
|-hitcount|p2: Alomomola|5
|-unboost|p1a: Garchomp|def|1
|-boost|p1a: Garchomp|spe|1
|
|-damage|p1a: Garchomp|13/100 tox|[from] psn
|upkeep
|inactive|thathomiesapien has 60 seconds left.
|
|t:|1743832027
|switch|p2a: He Don't Die|Gliscor, F|35/100 tox
|turn|24
|
|t:|1743832039
|switch|p1a: Ogerpon|Ogerpon-Wellspring, F|100/100
|-damage|p1a: Ogerpon|88/100|[from] Stealth Rock
|move|p2a: He Don't Die|Protect||[still]
|-fail|p2a: He Don't Die
|
|-heal|p2a: He Don't Die|47/100 tox|[from] ability: Poison Heal
|upkeep
|turn|25
|inactive|thathomiesapien has 60 seconds left.
|
|t:|1743832053
|move|p1a: Ogerpon|Ivy Cudgel|p2a: He Don't Die|[anim] Ivy Cudgel Water
|-supereffective|p2a: He Don't Die
|-damage|p2a: He Don't Die|0 fnt
|faint|p2a: He Don't Die
|
|upkeep
|inactive|thathomiesapien has 60 seconds left.
|
|t:|1743832059
|switch|p2a: Hurty|Arcanine-Hisui, F|14/100
|turn|26
|
|t:|1743832066
|move|p2a: Hurty|Extreme Speed|p1a: Ogerpon
|-damage|p1a: Ogerpon|39/100
|-damage|p2a: Hurty|4/100|[from] item: Life Orb
|move|p1a: Ogerpon|Knock Off|p2a: Hurty
|-damage|p2a: Hurty|0 fnt
|-enditem|p2a: Hurty|Life Orb|[from] move: Knock Off|[of] p1a: Ogerpon
|faint|p2a: Hurty
|
|upkeep
|inactive|thathomiesapien has 60 seconds left.
|
|t:|1743832095
|switch|p2a: HeyApple|Hydrapple, M|100/100
|turn|27
|
|t:|1743832098
|move|p1a: Ogerpon|Play Rough|p2a: HeyApple
|-supereffective|p2a: HeyApple
|-damage|p2a: HeyApple|31/100
|move|p2a: HeyApple|Fickle Beam|p1a: Ogerpon
|-damage|p1a: Ogerpon|0 fnt
|faint|p1a: Ogerpon
|
|upkeep
|
|t:|1743832106
|switch|p1a: Garchomp|Garchomp, F|13/100 tox
|-damage|p1a: Garchomp|6/100 tox|[from] Stealth Rock
|turn|28
|inactive|thathomiesapien has 60 seconds left.
|
|t:|1743832128
|switch|p2a: Forretress|Forretress, F|28/100
|move|p1a: Garchomp|Earthquake|p2a: Forretress
|-damage|p2a: Forretress|0 fnt
|faint|p2a: Forretress
|
|-damage|p1a: Garchomp|0 fnt|[from] psn
|faint|p1a: Garchomp
|upkeep
|inactive|thathomiesapien has 60 seconds left.
|
|t:|1743832143
|switch|p1a: Araquanid|Araquanid, F|100/100
|switch|p2a: HeyApple|Hydrapple, M|64/100
|-damage|p1a: Araquanid|75/100|[from] Stealth Rock
|turn|29
|inactive|thathomiesapien has 60 seconds left.
|
|t:|1743832148
|move|p2a: HeyApple|Leaf Storm|p1a: Araquanid
|-damage|p1a: Araquanid|0 fnt
|-unboost|p2a: HeyApple|spa|2
|faint|p1a: Araquanid
|
|upkeep
|
|t:|1743832154
|switch|p1a: Slowking|Slowking-Galar, F|100/100
|turn|30
|
|t:|1743832158
|switch|p2a: My Favewit|Tyranitar, M|76/100 brn
|-weather|Sandstorm|[from] ability: Sand Stream|[of] p2a: My Favewit
|move|p1a: Slowking|Sludge Bomb|p2a: My Favewit
|-resisted|p2a: My Favewit
|-damage|p2a: My Favewit|69/100 brn
|
|-weather|Sandstorm|[upkeep]
|-damage|p1a: Slowking|94/100|[from] Sandstorm
|-damage|p2a: My Favewit|63/100 brn|[from] brn
|upkeep
|turn|31
|
|t:|1743832162
|move|p2a: My Favewit|Knock Off|p1a: Slowking
|-supereffective|p1a: Slowking
|-damage|p1a: Slowking|37/100
|-enditem|p1a: Slowking|Heavy-Duty Boots|[from] move: Knock Off|[of] p2a: My Favewit
|-prepare|p1a: Slowking|Chilly Reception|[premajor]
|move|p1a: Slowking|Chilly Reception|p1a: Slowking
|-weather|Snowscape
|
|t:|1743832165
|switch|p1a: Kingambit|Kingambit, M|100/100|[from] Chilly Reception
|-damage|p1a: Kingambit|94/100|[from] Stealth Rock
|-activate|p1a: Kingambit|ability: Supreme Overlord
|-start|p1a: Kingambit|fallen4|[silent]
|
|-weather|Snowscape|[upkeep]
|-damage|p2a: My Favewit|57/100 brn|[from] brn
|upkeep
|turn|32
|
|t:|1743832173
|move|p1a: Kingambit|Low Kick|p2a: My Favewit
|-supereffective|p2a: My Favewit
|-damage|p2a: My Favewit|0 fnt
|faint|p2a: My Favewit
|
|-weather|Snowscape|[upkeep]
|upkeep
|
|t:|1743832175
|switch|p2a: HeyApple|Hydrapple, M|98/100
|turn|33
|
|t:|1743832180
|move|p1a: Kingambit|Sucker Punch|p2a: HeyApple
|-damage|p2a: HeyApple|35/100
|move|p2a: HeyApple|Fickle Beam|p1a: Kingambit|[anim] Fickle Beam All Out
|-activate|p2a: HeyApple|move: Fickle Beam
|-resisted|p1a: Kingambit
|-damage|p1a: Kingambit|31/100
|
|-weather|Snowscape|[upkeep]
|upkeep
|turn|34
|
|t:|1743832186
|move|p1a: Kingambit|Sucker Punch|p2a: HeyApple
|-damage|p2a: HeyApple|0 fnt
|faint|p2a: HeyApple
|
|win|yamanclash
|raw|yamanclash's rating: 1286 &rarr; <strong>1313</strong><br />(+27 for winning)
|raw|thathomiesapien's rating: 1318 &rarr; <strong>1296</strong><br />(-22 for losing)
|l|☆thathomiesapien
|player|p2|
