|j|☆theguyingreyhoodie
|j|☆mingkuo
|t:|1743913223
|gametype|singles
|player|p1|theguyingreyhoodie|169|1189
|player|p2|mingkuo|cheryl|1137
|teamsize|p1|6
|teamsize|p2|6
|gen|9
|tier|[Gen 9] OU
|rated|
|rule|HP Percentage Mod: HP is shown in percentages
|rule|Endless Battle Clause: Forcing endless battles is banned
|rule|Species Clause: Limit one of each Pokémon
|rule|OHKO Clause: OHKO moves are banned
|rule|Evasion Items Clause: Evasion items are banned
|rule|Evasion Moves Clause: Evasion moves are banned
|rule|Sleep Moves Clause: Sleep-inducing moves are banned
|clearpoke
|poke|p1|Meowscarada, M|
|poke|p1|Braviary-Hisui, M|
|poke|p1|Keldeo-Resolute|
|poke|p1|Volbeat, M|
|poke|p1|Blaziken, M|
|poke|p1|Metagross|
|poke|p2|Torkoal, F|
|poke|p2|Walking Wake|
|poke|p2|Blaziken, F|
|poke|p2|Serperior, F|
|poke|p2|Kingambit, F|
|poke|p2|Dragapult, F|
|teampreview
|inactive|Battle timer is ON: inactive players will automatically lose when time's up. (requested by mingkuo)
|inactive|theguyingreyhoodie also wants the timer to be on.
|
|t:|1743913242
|start
|switch|p1a: Pony|Keldeo-Resolute|100/100
|switch|p2a: Torkoal|Torkoal, F|100/100
|-weather|SunnyDay|[from] ability: Drought|[of] p2a: Torkoal
|turn|1
|
|t:|1743913249
|switch|p2a: Serperior|Serperior, F|100/100
|move|p1a: Pony|Calm Mind|p1a: Pony
|-boost|p1a: Pony|spa|1
|-boost|p1a: Pony|spd|1
|
|-weather|SunnyDay|[upkeep]
|upkeep
|turn|2
|
|t:|1743913269
|move|p2a: Serperior|Glare|p1a: Pony
|-status|p1a: Pony|par
|move|p1a: Pony|Secret Sword|p2a: Serperior
|-damage|p2a: Serperior|22/100
|
|-weather|SunnyDay|[upkeep]
|-heal|p2a: Serperior|28/100|[from] item: Leftovers
|upkeep
|turn|3
|
|t:|1743913277
|move|p2a: Serperior|Synthesis|p2a: Serperior
|-heal|p2a: Serperior|95/100
|move|p1a: Pony|Secret Sword|p2a: Serperior
|-damage|p2a: Serperior|18/100
|
|-weather|SunnyDay|[upkeep]
|-heal|p2a: Serperior|24/100|[from] item: Leftovers
|upkeep
|turn|4
|
|t:|1743913282
|move|p2a: Serperior|Synthesis|p2a: Serperior
|-heal|p2a: Serperior|91/100
|cant|p1a: Pony|par
|
|-weather|SunnyDay|[upkeep]
|-heal|p2a: Serperior|97/100|[from] item: Leftovers
|upkeep
|turn|5
|
|t:|1743913287
|move|p2a: Serperior|Leaf Storm|p1a: Pony
|-supereffective|p1a: Pony
|-damage|p1a: Pony|27/100 par
|-boost|p2a: Serperior|spa|2
|cant|p1a: Pony|par
|
|-weather|SunnyDay|[upkeep]
|-heal|p2a: Serperior|100/100|[from] item: Leftovers
|-heal|p1a: Pony|34/100 par|[from] item: Leftovers
|upkeep
|turn|6
|
|t:|1743913294
|cant|p1a: Pony|par
|move|p2a: Serperior|Leaf Storm|p1a: Pony
|-supereffective|p1a: Pony
|-damage|p1a: Pony|0 fnt
|-boost|p2a: Serperior|spa|2
|faint|p1a: Pony
|
|-weather|SunnyDay|[upkeep]
|upkeep
|
|t:|1743913299
|switch|p1a: Cluckinator|Blaziken, M|100/100
|turn|7
|
|t:|1743913319
|move|p1a: Cluckinator|Protect|p1a: Cluckinator
|-singleturn|p1a: Cluckinator|Protect
|move|p2a: Serperior|Glare|p1a: Cluckinator
|-activate|p1a: Cluckinator|move: Protect
|
|-weather|SunnyDay|[upkeep]
|-ability|p1a: Cluckinator|Speed Boost|boost
|-boost|p1a: Cluckinator|spe|1
|upkeep
|turn|8
|
|t:|1743913339
|move|p1a: Cluckinator|Flare Blitz|p2a: Serperior
|-supereffective|p2a: Serperior
|-damage|p2a: Serperior|0 fnt
|faint|p2a: Serperior
|-damage|p1a: Cluckinator|69/100|[from] Recoil
|-damage|p1a: Cluckinator|59/100|[from] item: Life Orb
|
|-weather|none
|-ability|p1a: Cluckinator|Speed Boost|boost
|-boost|p1a: Cluckinator|spe|1
|upkeep
|inactive|mingkuo has 120 seconds left.
|
|t:|1743913358
|switch|p2a: Torkoal|Torkoal, F|100/100
|-weather|SunnyDay|[from] ability: Drought|[of] p2a: Torkoal
|turn|9
|
|t:|1743913365
|move|p1a: Cluckinator|Swords Dance|p1a: Cluckinator
|-boost|p1a: Cluckinator|atk|2
|move|p2a: Torkoal|Body Press|p1a: Cluckinator
|-damage|p1a: Cluckinator|7/100
|
|-weather|SunnyDay|[upkeep]
|-ability|p1a: Cluckinator|Speed Boost|boost
|-boost|p1a: Cluckinator|spe|1
|upkeep
|turn|10
|
|t:|1743913372
|move|p1a: Cluckinator|Close Combat|p2a: Torkoal
|-damage|p2a: Torkoal|8/100
|-unboost|p1a: Cluckinator|def|1
|-unboost|p1a: Cluckinator|spd|1
|-damage|p1a: Cluckinator|0 fnt|[from] item: Life Orb
|faint|p1a: Cluckinator
|move|p2a: Torkoal|Body Press|p1: Cluckinator|[notarget]
|-fail|p2a: Torkoal
|
|-weather|SunnyDay|[upkeep]
|upkeep
|
|t:|1743913382
|switch|p1a: Nigafied|Braviary-Hisui, M, shiny|100/100
|turn|11
|
|t:|1743913390
|move|p1a: Nigafied|Calm Mind|p1a: Nigafied
|-boost|p1a: Nigafied|spa|1
|-boost|p1a: Nigafied|spd|1
|move|p2a: Torkoal|Stealth Rock|p1a: Nigafied
|-sidestart|p1: theguyingreyhoodie|move: Stealth Rock
|
|-weather|SunnyDay|[upkeep]
|upkeep
|turn|12
|
|t:|1743913408
|move|p1a: Nigafied|Defog|p2a: Torkoal
|-unboost|p2a: Torkoal|evasion|1
|-sideend|p1: theguyingreyhoodie|Stealth Rock|[from] move: Defog|[of] p1a: Nigafied
|move|p2a: Torkoal|Body Press|p1a: Nigafied
|-resisted|p1a: Nigafied
|-damage|p1a: Nigafied|91/100
|
|-weather|SunnyDay|[upkeep]
|upkeep
|turn|13
|
|t:|1743913415
|switch|p2a: Walking Wake|Walking Wake|100/100
|-activate|p2a: Walking Wake|ability: Protosynthesis
|-start|p2a: Walking Wake|protosynthesisspe
|move|p1a: Nigafied|Calm Mind|p1a: Nigafied
|-boost|p1a: Nigafied|spa|1
|-boost|p1a: Nigafied|spd|1
|
|-weather|SunnyDay|[upkeep]
|upkeep
|turn|14
|
|t:|1743913422
|-terastallize|p2a: Walking Wake|Water
|move|p2a: Walking Wake|Hydro Steam|p1a: Nigafied
|-damage|p1a: Nigafied|26/100
|move|p1a: Nigafied|Esper Wing|p2a: Walking Wake
|-damage|p2a: Walking Wake|16/100
|-boost|p1a: Nigafied|spe|1
|
|-weather|SunnyDay|[upkeep]
|upkeep
|turn|15
|
|t:|1743913437
|move|p2a: Walking Wake|Hydro Steam|p1a: Nigafied
|-damage|p1a: Nigafied|0 fnt
|faint|p1a: Nigafied
|
|-weather|SunnyDay|[upkeep]
|upkeep
|
|t:|1743913442
|switch|p1a: GreatestShowman|Meowscarada, M|100/100
|turn|16
|
|t:|1743913446
|move|p1a: GreatestShowman|Sucker Punch|p2a: Walking Wake
|-start|p1a: GreatestShowman|typechange|Dark|[from] ability: Protean
|-damage|p2a: Walking Wake|0 fnt
|faint|p2a: Walking Wake
|-end|p2a: Walking Wake|Protosynthesis|[silent]
|-damage|p1a: GreatestShowman|91/100|[from] item: Life Orb
|
|-weather|none
|upkeep
|
|t:|1743913452
|switch|p2a: Blaziken|Blaziken, F|100/100
|turn|17
|
|t:|1743913463
|move|p2a: Blaziken|Protect|p2a: Blaziken
|-singleturn|p2a: Blaziken|Protect
|move|p1a: GreatestShowman|U-turn|p2a: Blaziken
|-activate|p2a: Blaziken|move: Protect
|
|-ability|p2a: Blaziken|Speed Boost|boost
|-boost|p2a: Blaziken|spe|1
|upkeep
|turn|18
|
|t:|1743913473
|switch|p1a: GRUPHY|Volbeat, M|100/100
|move|p2a: Blaziken|Swords Dance|p2a: Blaziken
|-boost|p2a: Blaziken|atk|2
|
|-ability|p2a: Blaziken|Speed Boost|boost
|-boost|p2a: Blaziken|spe|1
|upkeep
|turn|19
|
|t:|1743913478
|move|p1a: GRUPHY|Encore|p2a: Blaziken
|-start|p2a: Blaziken|Encore
|move|p2a: Blaziken|Swords Dance|p2a: Blaziken
|-boost|p2a: Blaziken|atk|2
|
|-ability|p2a: Blaziken|Speed Boost|boost
|-boost|p2a: Blaziken|spe|1
|upkeep
|turn|20
|
|t:|1743913487
|switch|p2a: Torkoal|Torkoal, F|8/100
|-weather|SunnyDay|[from] ability: Drought|[of] p2a: Torkoal
|move|p1a: GRUPHY|Thunder Wave|p2a: Torkoal
|-status|p2a: Torkoal|par
|
|-weather|SunnyDay|[upkeep]
|upkeep
|turn|21
|
|t:|1743913499
|move|p1a: GRUPHY|Bug Buzz|p2a: Torkoal
|-resisted|p2a: Torkoal
|-damage|p2a: Torkoal|0 fnt
|faint|p2a: Torkoal
|
|-weather|SunnyDay|[upkeep]
|upkeep
|
|t:|1743913502
|switch|p2a: Blaziken|Blaziken, F|100/100
|turn|22
|
|t:|1743913513
|move|p1a: GRUPHY|Thunder Wave|p2a: Blaziken
|-status|p2a: Blaziken|par
|move|p2a: Blaziken|Flare Blitz|p1a: GRUPHY
|-supereffective|p1a: GRUPHY
|-damage|p1a: GRUPHY|0 fnt
|faint|p1a: GRUPHY
|-damage|p2a: Blaziken|64/100 par|[from] Recoil
|-damage|p2a: Blaziken|54/100 par|[from] item: Life Orb
|
|-weather|SunnyDay|[upkeep]
|-ability|p2a: Blaziken|Speed Boost|boost
|-boost|p2a: Blaziken|spe|1
|upkeep
|
|t:|1743913522
|switch|p1a: 4 Legged Friend|Metagross|100/100
|turn|23
|
|t:|1743913539
|-terastallize|p1a: 4 Legged Friend|Poison
|cant|p2a: Blaziken|par
|move|p1a: 4 Legged Friend|Agility|p1a: 4 Legged Friend
|-boost|p1a: 4 Legged Friend|spe|2
|
|-weather|SunnyDay|[upkeep]
|-ability|p2a: Blaziken|Speed Boost|boost
|-boost|p2a: Blaziken|spe|1
|upkeep
|turn|24
|
|t:|1743913547
|move|p2a: Blaziken|Protect|p2a: Blaziken
|-singleturn|p2a: Blaziken|Protect
|move|p1a: 4 Legged Friend|Zen Headbutt|p2a: Blaziken
|-activate|p2a: Blaziken|move: Protect
|
|-weather|SunnyDay|[upkeep]
|-ability|p2a: Blaziken|Speed Boost|boost
|-boost|p2a: Blaziken|spe|1
|upkeep
|turn|25
|
|t:|1743913558
|move|p2a: Blaziken|Protect||[still]
|-fail|p2a: Blaziken
|move|p1a: 4 Legged Friend|Zen Headbutt|p2a: Blaziken
|-supereffective|p2a: Blaziken
|-damage|p2a: Blaziken|0 fnt
|faint|p2a: Blaziken
|
|-weather|SunnyDay|[upkeep]
|upkeep
|
|t:|1743913578
|switch|p2a: Kingambit|Kingambit, F|100/100
|-activate|p2a: Kingambit|ability: Supreme Overlord
|-start|p2a: Kingambit|fallen4|[silent]
|turn|26
|
|t:|1743913584
|move|p1a: 4 Legged Friend|Earthquake|p2a: Kingambit
|-supereffective|p2a: Kingambit
|-damage|p2a: Kingambit|41/100
|move|p2a: Kingambit|Swords Dance|p2a: Kingambit
|-boost|p2a: Kingambit|atk|2
|
|-weather|SunnyDay|[upkeep]
|upkeep
|turn|27
|
|t:|1743913590
|move|p2a: Kingambit|Sucker Punch|p1a: 4 Legged Friend
|-damage|p1a: 4 Legged Friend|0 fnt
|faint|p1a: 4 Legged Friend
|
|-weather|none
|upkeep
|
|t:|1743913597
|switch|p1a: GreatestShowman|Meowscarada, M|91/100
|turn|28
|
|t:|1743913600
|move|p2a: Kingambit|Sucker Punch|p1a: GreatestShowman
|-resisted|p1a: GreatestShowman
|-damage|p1a: GreatestShowman|0 fnt
|faint|p1a: GreatestShowman
|
|win|mingkuo
|raw|theguyingreyhoodie's rating: 1189 &rarr; <strong>1160</strong><br />(-29 for losing)
|raw|mingkuo's rating: 1137 &rarr; <strong>1166</strong><br />(+29 for winning)
|l|☆mingkuo
|player|p2|
|l|☆theguyingreyhoodie
|player|p1|
