|j|☆pellegrini333
|j|☆Andrewtre
|t:|1743788563
|gametype|singles
|player|p1|pellegrini333|hoopster|1206
|player|p2|Andrewtre|psychic-gen4|1209
|teamsize|p1|6
|teamsize|p2|6
|gen|9
|tier|[Gen 9] OU
|rated|
|rule|HP Percentage Mod: HP is shown in percentages
|rule|Endless Battle Clause: Forcing endless battles is banned
|rule|Species Clause: Limit one of each Pokémon
|rule|OHKO Clause: OHKO moves are banned
|rule|Evasion Items Clause: Evasion items are banned
|rule|Evasion Moves Clause: Evasion moves are banned
|rule|Sleep Moves Clause: Sleep-inducing moves are banned
|clearpoke
|poke|p1|Glimmora, M|
|poke|p1|Dragonite, M|
|poke|p1|Iron Moth|
|poke|p1|Hatterene, F|
|poke|p1|Kingambit, M|
|poke|p1|Primarina, M|
|poke|p2|Farigiraf, F|
|poke|p2|Golurk|
|poke|p2|Slowking, F|
|poke|p2|Gengar, F|
|poke|p2|Golduck, M|
|poke|p2|Hatterene, F|
|teampreview
|inactive|Battle timer is ON: inactive players will automatically lose when time's up. (requested by Andrewtre)
|inactive|pellegrini333 also wants the timer to be on.
|
|t:|1743788578
|start
|switch|p1a: Glimmora|Glimmora, M|100/100
|switch|p2a: Hatty|Hatterene, F|100/100
|turn|1
|
|t:|1743788586
|move|p1a: Glimmora|Stealth Rock|p2a: Hatty
|move|p2a: Hatty|Stealth Rock|p1a: Glimmora|[from] ability: Magic Bounce
|-sidestart|p1: pellegrini333|move: Stealth Rock
|move|p2a: Hatty|Trick Room|p2a: Hatty
|-fieldstart|move: Trick Room|[of] p2a: Hatty
|
|upkeep
|turn|2
|
|t:|1743788592
|move|p2a: Hatty|Psychic|p1a: Glimmora
|-supereffective|p1a: Glimmora
|-enditem|p1a: Glimmora|Focus Sash
|-damage|p1a: Glimmora|1/100
|move|p1a: Glimmora|Mortal Spin|p2a: Hatty
|-supereffective|p2a: Hatty
|-damage|p2a: Hatty|87/100
|-status|p2a: Hatty|psn
|-sideend|p1: pellegrini333|Stealth Rock|[from] move: Mortal Spin|[of] p1a: Glimmora
|
|-damage|p2a: Hatty|74/100 psn|[from] psn
|upkeep
|turn|3
|
|t:|1743788606
|move|p2a: Hatty|Draining Kiss|p1a: Glimmora
|-resisted|p1a: Glimmora
|-damage|p1a: Glimmora|0 fnt
|-heal|p2a: Hatty|75/100 psn|[from] drain|[of] p1a: Glimmora
|faint|p1a: Glimmora
|
|-damage|p2a: Hatty|62/100 psn|[from] psn
|upkeep
|c|☆pellegrini333|!weak hatterene
|c| pellegrini333|/raw <div class="infobox">Hatterene (ignoring abilities):<br /><span class="message-effect-weak">Weaknesses</span>: Ghost, Poison, Steel<br /><span class="message-effect-resist">Resistances</span>: <b>Fighting</b>, Psychic<br /><span class="message-effect-immune">Immunities</span>: Dragon</div>
|inactive|pellegrini333 has 120 seconds left.
|
|t:|1743788650
|switch|p1a: Primarina|Primarina, M|100/100
|turn|4
|
|t:|1743788658
|-terastallize|p1a: Primarina|Steel
|move|p2a: Hatty|Psychic|p1a: Primarina
|-resisted|p1a: Primarina
|-damage|p1a: Primarina|85/100
|move|p1a: Primarina|Surf|p2a: Hatty
|-damage|p2a: Hatty|10/100 psn
|
|-damage|p2a: Hatty|0 fnt|[from] psn
|faint|p2a: Hatty
|upkeep
|
|t:|1743788672
|switch|p2a: Queen|Slowking, F|100/100
|turn|5
|
|t:|1743788676
|move|p2a: Queen|Flamethrower|p1a: Primarina
|-supereffective|p1a: Primarina
|-damage|p1a: Primarina|34/100
|-damage|p2a: Queen|91/100|[from] item: Life Orb
|move|p1a: Primarina|Moonblast|p2a: Queen
|-damage|p2a: Queen|52/100
|-unboost|p2a: Queen|spa|1
|
|-fieldend|move: Trick Room
|upkeep
|turn|6
|
|t:|1743788690
|move|p1a: Primarina|Moonblast|p2a: Queen
|-damage|p2a: Queen|9/100
|-unboost|p2a: Queen|spa|1
|move|p2a: Queen|Trick Room|p2a: Queen
|-fieldstart|move: Trick Room|[of] p2a: Queen
|
|upkeep
|turn|7
|
|t:|1743788698
|move|p2a: Queen|Flamethrower|p1a: Primarina
|-supereffective|p1a: Primarina
|-damage|p1a: Primarina|8/100
|-damage|p2a: Queen|0 fnt|[from] item: Life Orb
|faint|p2a: Queen
|move|p1a: Primarina|Flip Turn|p2: Queen|[notarget]
|-fail|p1a: Primarina
|
|upkeep
|
|t:|1743788702
|switch|p2a: Golurk|Golurk|100/100
|turn|8
|
|t:|1743788707
|move|p2a: Golurk|Dynamic Punch|p1a: Primarina
|-supereffective|p1a: Primarina
|-damage|p1a: Primarina|0 fnt
|faint|p1a: Primarina
|-damage|p2a: Golurk|91/100|[from] item: Life Orb
|
|upkeep
|
|t:|1743788734
|switch|p1a: Hatterene|Hatterene, F|100/100
|turn|9
|
|t:|1743788740
|move|p1a: Hatterene|Draining Kiss|p2a: Golurk
|-damage|p2a: Golurk|64/100
|move|p2a: Golurk|Poltergeist|p1a: Hatterene
|-activate|p1a: Hatterene|move: Poltergeist|Leftovers
|-supereffective|p1a: Hatterene
|-damage|p1a: Hatterene|0 fnt
|faint|p1a: Hatterene
|-damage|p2a: Golurk|54/100|[from] item: Life Orb
|
|upkeep
|inactive|pellegrini333 has 120 seconds left.
|
|t:|1743788763
|switch|p1a: Dragonite|Dragonite, M|100/100
|turn|10
|inactive|pellegrini333 has 120 seconds left.
|
|t:|1743788770
|move|p2a: Golurk|Dynamic Punch|p1a: Dragonite
|-resisted|p1a: Dragonite
|-damage|p1a: Dragonite|88/100
|-start|p1a: Dragonite|confusion
|-damage|p2a: Golurk|44/100|[from] item: Life Orb
|-activate|p1a: Dragonite|confusion
|-damage|p1a: Dragonite|72/100|[from] confusion
|
|-fieldend|move: Trick Room
|upkeep
|turn|11
|inactive|pellegrini333 has 120 seconds left.
|
|t:|1743788782
|-activate|p1a: Dragonite|confusion
|-damage|p1a: Dragonite|53/100|[from] confusion
|move|p2a: Golurk|Stealth Rock|p1a: Dragonite
|-sidestart|p1: pellegrini333|move: Stealth Rock
|
|upkeep
|turn|12
|
|t:|1743788787
|-end|p1a: Dragonite|confusion
|move|p1a: Dragonite|Dragon Dance|p1a: Dragonite
|-boost|p1a: Dragonite|atk|1
|-boost|p1a: Dragonite|spe|1
|move|p2a: Golurk|Poltergeist|p1a: Dragonite
|-activate|p1a: Dragonite|move: Poltergeist|Heavy-Duty Boots
|-damage|p1a: Dragonite|0 fnt
|faint|p1a: Dragonite
|-damage|p2a: Golurk|35/100|[from] item: Life Orb
|
|upkeep
|
|t:|1743788797
|switch|p1a: Iron Moth|Iron Moth, shiny|100/100
|-damage|p1a: Iron Moth|76/100|[from] Stealth Rock
|-enditem|p1a: Iron Moth|Booster Energy
|-activate|p1a: Iron Moth|ability: Quark Drive|[fromitem]
|-start|p1a: Iron Moth|quarkdrivespe
|turn|13
|
|t:|1743788803
|move|p1a: Iron Moth|Fiery Dance|p2a: Golurk
|-damage|p2a: Golurk|0 fnt
|faint|p2a: Golurk
|
|upkeep
|
|t:|1743788808
|switch|p2a: Farigiraf|Farigiraf, F|100/100
|turn|14
|c|☆pellegrini333|!weak farigiraf
|c| pellegrini333|/raw <div class="infobox">Farigiraf (ignoring abilities):<br /><span class="message-effect-weak">Weaknesses</span>: Bug, Dark<br /><span class="message-effect-resist">Resistances</span>: Psychic<br /><span class="message-effect-immune">Immunities</span>: Ghost</div>
|
|t:|1743788824
|move|p1a: Iron Moth|Fiery Dance|p2a: Farigiraf
|-damage|p2a: Farigiraf|56/100
|-boost|p1a: Iron Moth|spa|1
|move|p2a: Farigiraf|Psychic Fangs|p1a: Iron Moth
|-supereffective|p1a: Iron Moth
|-damage|p1a: Iron Moth|0 fnt
|faint|p1a: Iron Moth
|-end|p1a: Iron Moth|Quark Drive|[silent]
|-damage|p2a: Farigiraf|46/100|[from] item: Life Orb
|
|upkeep
|
|t:|1743788833
|switch|p1a: Kingambit|Kingambit, M, shiny|100/100
|-damage|p1a: Kingambit|94/100|[from] Stealth Rock
|-activate|p1a: Kingambit|ability: Supreme Overlord
|-start|p1a: Kingambit|fallen5|[silent]
|turn|15
|
|t:|1743788848
|-terastallize|p2a: Farigiraf|Fighting
|move|p1a: Kingambit|Swords Dance|p1a: Kingambit
|-boost|p1a: Kingambit|atk|2
|move|p2a: Farigiraf|Tera Blast|p1a: Kingambit|[anim] Tera Blast Fighting
|-supereffective|p1a: Kingambit
|-damage|p1a: Kingambit|0 fnt
|faint|p1a: Kingambit
|-end|p1a: Kingambit|fallen5|[silent]
|-damage|p2a: Farigiraf|36/100|[from] item: Life Orb
|
|win|Andrewtre
|raw|pellegrini333's rating: 1206 &rarr; <strong>1181</strong><br />(-25 for losing)
|raw|Andrewtre's rating: 1209 &rarr; <strong>1234</strong><br />(+25 for winning)
|l|☆pellegrini333
|player|p1|
|l|☆Andrewtre
|player|p2|
