|j|☆ymddiheiriadau
|j|☆slimyterror04
|t:|1743801886
|gametype|singles
|player|p1|ymddiheiriadau|102|1193
|player|p2|slimyterror04|169|1182
|teamsize|p1|6
|teamsize|p2|6
|gen|9
|tier|[Gen 9] OU
|rated|
|rule|HP Percentage Mod: HP is shown in percentages
|rule|Endless Battle Clause: Forcing endless battles is banned
|rule|Species Clause: Limit one of each Pokémon
|rule|OHKO Clause: OHKO moves are banned
|rule|Evasion Items Clause: Evasion items are banned
|rule|Evasion Moves Clause: Evasion moves are banned
|rule|Sleep Moves Clause: Sleep-inducing moves are banned
|clearpoke
|poke|p1|Kingambit, M|
|poke|p1|Talonflame, M|
|poke|p1|Deoxys-Speed|
|poke|p1|Gliscor, M|
|poke|p1|Salazzle, F|
|poke|p1|Jolteon, F|
|poke|p2|Weavile, M|
|poke|p2|Pachirisu, F|
|poke|p2|Iron Treads|
|poke|p2|Dragonite, M|
|poke|p2|Dondozo, M|
|poke|p2|Iron Moth|
|teampreview
|inactive|Battle timer is ON: inactive players will automatically lose when time's up. (requested by ymddiheiriadau)
|j| NoobEpidemic04
|
|t:|1743801909
|start
|switch|p1a: Jolteon|Jolteon, F|100/100
|switch|p2a: Weavile|Weavile, M|100/100
|-ability|p2a: Weavile|Pressure
|turn|1
|
|t:|1743801923
|move|p1a: Jolteon|Discharge|p2a: Weavile
|-damage|p2a: Weavile|48/100
|move|p2a: Weavile|Knock Off|p1a: Jolteon
|-damage|p1a: Jolteon|16/100
|-enditem|p1a: Jolteon|Leftovers|[from] move: Knock Off|[of] p2a: Weavile
|
|upkeep
|turn|2
|
|t:|1743801931
|move|p2a: Weavile|Ice Shard|p1a: Jolteon
|-damage|p1a: Jolteon|0 fnt
|faint|p1a: Jolteon
|
|upkeep
|
|t:|1743801933
|switch|p1a: Talonflame|Talonflame, M|100/100
|turn|3
|
|t:|1743801939
|switch|p2a: Dondozo|Dondozo, M|100/100
|move|p1a: Talonflame|Air Slash|p2a: Dondozo
|-damage|p2a: Dondozo|72/100
|
|-heal|p2a: Dondozo|79/100|[from] item: Leftovers
|upkeep
|turn|4
|
|t:|1743801951
|switch|p1a: Salazzle|Salazzle, F|100/100
|move|p2a: Dondozo|Curse|p2a: Dondozo
|-unboost|p2a: Dondozo|spe|1
|-boost|p2a: Dondozo|atk|1
|-boost|p2a: Dondozo|def|1
|
|-heal|p2a: Dondozo|85/100|[from] item: Leftovers
|upkeep
|turn|5
|
|t:|1743801955
|move|p1a: Salazzle|Toxic|p2a: Dondozo
|-status|p2a: Dondozo|tox
|move|p2a: Dondozo|Aqua Tail|p1a: Salazzle
|-supereffective|p1a: Salazzle
|-enditem|p1a: Salazzle|Focus Sash
|-damage|p1a: Salazzle|1/100
|
|-heal|p2a: Dondozo|91/100 tox|[from] item: Leftovers
|-damage|p2a: Dondozo|85/100 tox|[from] psn
|upkeep
|turn|6
|
|t:|1743801958
|move|p1a: Salazzle|Endeavor|p2a: Dondozo
|-damage|p2a: Dondozo|1/100 tox
|move|p2a: Dondozo|Aqua Tail|p1a: Salazzle
|-supereffective|p1a: Salazzle
|-damage|p1a: Salazzle|0 fnt
|faint|p1a: Salazzle
|
|-heal|p2a: Dondozo|7/100 tox|[from] item: Leftovers
|-damage|p2a: Dondozo|0 fnt|[from] psn
|faint|p2a: Dondozo
|upkeep
|
|t:|1743801967
|switch|p1a: Deoxys|Deoxys-Speed|100/100
|switch|p2a: Pachirisu|Pachirisu, F|100/100
|-ability|p1a: Deoxys|Pressure
|turn|7
|
|t:|1743801974
|switch|p1a: Gliscor|Gliscor, M|100/100
|move|p2a: Pachirisu|Nuzzle|p1a: Gliscor
|-immune|p1a: Gliscor
|
|-status|p1a: Gliscor|tox|[from] item: Toxic Orb
|upkeep
|turn|8
|
|t:|1743801983
|move|p2a: Pachirisu|Super Fang|p1a: Gliscor
|-damage|p1a: Gliscor|50/100 tox
|move|p1a: Gliscor|Knock Off|p2a: Pachirisu
|-damage|p2a: Pachirisu|71/100
|-enditem|p2a: Pachirisu|Leftovers|[from] move: Knock Off|[of] p1a: Gliscor
|
|-heal|p1a: Gliscor|63/100 tox|[from] ability: Poison Heal
|upkeep
|turn|9
|
|t:|1743801990
|move|p1a: Gliscor|Toxic|p2a: Pachirisu
|-status|p2a: Pachirisu|tox
|move|p2a: Pachirisu|Super Fang|p1a: Gliscor|[miss]
|-miss|p2a: Pachirisu|p1a: Gliscor
|
|-damage|p2a: Pachirisu|65/100 tox|[from] psn
|-heal|p1a: Gliscor|75/100 tox|[from] ability: Poison Heal
|upkeep
|turn|10
|
|t:|1743801994
|move|p1a: Gliscor|Protect|p1a: Gliscor
|-singleturn|p1a: Gliscor|Protect
|move|p2a: Pachirisu|Super Fang|p1a: Gliscor
|-activate|p1a: Gliscor|move: Protect
|
|-damage|p2a: Pachirisu|52/100 tox|[from] psn
|-heal|p1a: Gliscor|88/100 tox|[from] ability: Poison Heal
|upkeep
|turn|11
|
|t:|1743801999
|move|p1a: Gliscor|Earthquake|p2a: Pachirisu
|-supereffective|p2a: Pachirisu
|-crit|p2a: Pachirisu
|-damage|p2a: Pachirisu|0 fnt
|faint|p2a: Pachirisu
|
|-heal|p1a: Gliscor|99/100 tox|[from] ability: Poison Heal
|upkeep
|
|t:|1743802009
|switch|p2a: Weavile|Weavile, M|48/100
|-ability|p2a: Weavile|Pressure
|turn|12
|
|t:|1743802020
|-terastallize|p1a: Gliscor|Water
|move|p2a: Weavile|Ice Shard|p1a: Gliscor
|-resisted|p1a: Gliscor
|-damage|p1a: Gliscor|93/100 tox
|move|p1a: Gliscor|Earthquake|p2a: Weavile
|-damage|p2a: Weavile|0 fnt
|faint|p2a: Weavile
|
|-heal|p1a: Gliscor|100/100 tox|[from] ability: Poison Heal
|upkeep
|
|t:|1743802024
|switch|p2a: Iron Moth|Iron Moth|100/100
|-enditem|p2a: Iron Moth|Booster Energy
|-activate|p2a: Iron Moth|ability: Quark Drive|[fromitem]
|-start|p2a: Iron Moth|quarkdrivespa
|turn|13
|
|t:|1743802038
|switch|p1a: Talonflame|Talonflame, M|100/100
|move|p2a: Iron Moth|Energy Ball|p1a: Talonflame
|-resisted|p1a: Talonflame
|-damage|p1a: Talonflame|83/100
|
|upkeep
|turn|14
|
|t:|1743802044
|move|p1a: Talonflame|Air Slash|p2a: Iron Moth
|-damage|p2a: Iron Moth|73/100
|move|p2a: Iron Moth|Discharge|p1a: Talonflame
|-supereffective|p1a: Talonflame
|-damage|p1a: Talonflame|0 fnt
|faint|p1a: Talonflame
|
|upkeep
|
|t:|1743802051
|switch|p1a: Deoxys|Deoxys-Speed|100/100
|-ability|p1a: Deoxys|Pressure
|turn|15
|
|t:|1743802055
|-terastallize|p2a: Iron Moth|Grass
|move|p1a: Deoxys|Thunder Wave|p2a: Iron Moth
|-status|p2a: Iron Moth|par
|move|p2a: Iron Moth|Fiery Dance|p1a: Deoxys
|-damage|p1a: Deoxys|29/100
|-boost|p2a: Iron Moth|spa|1
|
|upkeep
|turn|16
|
|t:|1743802064
|switch|p1a: Gliscor|Gliscor, M, tera:Water|100/100 tox
|move|p2a: Iron Moth|Fiery Dance|p1a: Gliscor
|-resisted|p1a: Gliscor
|-damage|p1a: Gliscor|50/100 tox
|-boost|p2a: Iron Moth|spa|1
|
|-heal|p1a: Gliscor|63/100 tox|[from] ability: Poison Heal
|upkeep
|turn|17
|
|t:|1743802069
|move|p1a: Gliscor|Knock Off|p2a: Iron Moth
|-damage|p2a: Iron Moth|46/100 par
|move|p2a: Iron Moth|Energy Ball|p1a: Gliscor
|-supereffective|p1a: Gliscor
|-damage|p1a: Gliscor|0 fnt
|faint|p1a: Gliscor
|
|upkeep
|
|t:|1743802076
|switch|p1a: Kingambit|Kingambit, M|100/100
|-activate|p1a: Kingambit|ability: Supreme Overlord
|-start|p1a: Kingambit|fallen4|[silent]
|turn|18
|
|t:|1743802081
|move|p2a: Iron Moth|Fiery Dance|p1a: Kingambit
|-supereffective|p1a: Kingambit
|-damage|p1a: Kingambit|0 fnt
|-boost|p2a: Iron Moth|spa|1
|faint|p1a: Kingambit
|-end|p1a: Kingambit|fallen4|[silent]
|
|upkeep
|
|t:|1743802083
|switch|p1a: Deoxys|Deoxys-Speed|29/100
|-ability|p1a: Deoxys|Pressure
|turn|19
|
|t:|1743802087
|move|p1a: Deoxys|Trick|p2a: Iron Moth
|-activate|p1a: Deoxys|move: Trick|[of] p2a: Iron Moth
|-item|p2a: Iron Moth|Choice Scarf|[from] move: Trick
|-enditem|p1a: Deoxys|Choice Scarf|[silent]|[from] move: Trick
|move|p2a: Iron Moth|Fiery Dance|p1a: Deoxys
|-damage|p1a: Deoxys|0 fnt
|-boost|p2a: Iron Moth|spa|1
|faint|p1a: Deoxys
|
|win|slimyterror04
|raw|ymddiheiriadau's rating: 1193 &rarr; <strong>1167</strong><br />(-26 for losing)
|raw|slimyterror04's rating: 1182 &rarr; <strong>1208</strong><br />(+26 for winning)
|l|☆ymddiheiriadau
|player|p1|
