|j|☆frifrifri
|j|☆TherealBR
|t:|1743852303
|gametype|singles
|player|p1|frifrifri|blackbelt-gen4dp|1312
|player|p2|TherealBR|blue|1316
|teamsize|p1|6
|teamsize|p2|6
|gen|9
|tier|[Gen 9] OU
|rated|
|rule|HP Percentage Mod: HP is shown in percentages
|rule|Endless Battle Clause: Forcing endless battles is banned
|rule|Species Clause: Limit one of each Pokémon
|rule|OHKO Clause: OHKO moves are banned
|rule|Evasion Items Clause: Evasion items are banned
|rule|Evasion Moves Clause: Evasion moves are banned
|rule|Sleep Moves Clause: Sleep-inducing moves are banned
|clearpoke
|poke|p1|Hoopa-Unbound|
|poke|p1|Ogerpon-Wellspring, F|
|poke|p1|Cinderace, F|
|poke|p1|Primarina, F|
|poke|p1|Corviknight, F|
|poke|p1|Landorus-Therian, M|
|poke|p2|Cinderace, F|
|poke|p2|Slowking-Galar, M|
|poke|p2|Great Tusk|
|poke|p2|Zoroark-Hisui, M|
|poke|p2|Grimmsnarl, M|
|poke|p2|Dragonite, M|
|teampreview
|inactive|Battle timer is ON: inactive players will automatically lose when time's up. (requested by TherealBR)
|
|t:|1743852325
|start
|switch|p1a: Cinderace|Cinderace, F|100/100
|switch|p2a: Loki|Grimmsnarl, M, shiny|100/100
|turn|1
|
|t:|1743852341
|switch|p1a: Landorus|Landorus-Therian, M|100/100
|-ability|p1a: Landorus|Intimidate|boost
|-unboost|p2a: Loki|atk|1
|move|p2a: Loki|Reflect|p2a: Loki
|-sidestart|p2: TherealBR|Reflect
|
|upkeep
|turn|2
|
|t:|1743852362
|move|p2a: Loki|Parting Shot|p1a: Landorus
|-unboost|p1a: Landorus|atk|1
|-unboost|p1a: Landorus|spa|1
|
|t:|1743852366
|switch|p2a: Connor|Great Tusk|100/100|[from] Parting Shot
|move|p1a: Landorus|U-turn|p2a: Connor
|-resisted|p2a: Connor
|-damage|p2a: Connor|98/100
|-damage|p1a: Landorus|84/100|[from] item: Rocky Helmet|[of] p2a: Connor
|inactive|frifrifri has 120 seconds left.
|
|t:|1743852386
|switch|p1a: Corviknight|Corviknight, F|100/100|[from] U-turn
|-ability|p1a: Corviknight|Pressure
|
|upkeep
|turn|3
|
|t:|1743852396
|-end|p2a: Connor|Protosynthesis|[silent]
|switch|p2a: Shelby|Slowking-Galar, M|100/100
|move|p1a: Corviknight|Iron Defense|p1a: Corviknight
|-boost|p1a: Corviknight|def|2
|
|upkeep
|turn|4
|
|t:|1743852410
|move|p1a: Corviknight|U-turn|p2a: Shelby
|-damage|p2a: Shelby|93/100
|
|t:|1743852412
|switch|p1a: Hoopa|Hoopa-Unbound|100/100|[from] U-turn
|move|p2a: Shelby|Psychic Noise|p1a: Hoopa
|-immune|p1a: Hoopa
|
|upkeep
|turn|5
|
|t:|1743852420
|switch|p2a: Loki|Grimmsnarl, M, shiny|100/100
|move|p1a: Hoopa|Dark Pulse|p2a: Loki
|-resisted|p2a: Loki
|-damage|p2a: Loki|80/100
|
|upkeep
|turn|6
|
|t:|1743852431
|switch|p1a: Corviknight|Corviknight, F|100/100
|-ability|p1a: Corviknight|Pressure
|move|p2a: Loki|Spirit Break|p1a: Corviknight
|-resisted|p1a: Corviknight
|-damage|p1a: Corviknight|91/100
|-unboost|p1a: Corviknight|spa|1
|-damage|p2a: Loki|63/100|[from] item: Rocky Helmet|[of] p1a: Corviknight
|
|upkeep
|turn|7
|
|t:|1743852440
|move|p2a: Loki|Parting Shot|p1a: Corviknight
|-unboost|p1a: Corviknight|atk|1
|-unboost|p1a: Corviknight|spa|1
|
|t:|1743852444
|switch|p2a: Shelby|Slowking-Galar, M|100/100|[from] Parting Shot
|move|p1a: Corviknight|U-turn|p2a: Shelby
|-damage|p2a: Shelby|96/100
|
|t:|1743852451
|switch|p1a: Hoopa|Hoopa-Unbound|100/100|[from] U-turn
|
|upkeep
|turn|8
|
|t:|1743852463
|-terastallize|p2a: Shelby|Water
|move|p1a: Hoopa|Dark Pulse|p2a: Shelby
|-damage|p2a: Shelby|55/100
|cant|p2a: Shelby|flinch
|
|-sideend|p2: TherealBR|Reflect
|upkeep
|turn|9
|
|t:|1743852469
|move|p1a: Hoopa|Dark Pulse|p2a: Shelby
|-damage|p2a: Shelby|14/100
|move|p2a: Shelby|Hydro Pump|p1a: Hoopa|[miss]
|-miss|p2a: Shelby|p1a: Hoopa
|
|upkeep
|turn|10
|
|t:|1743852474
|switch|p2a: Loki|Grimmsnarl, M, shiny|63/100
|move|p1a: Hoopa|Dark Pulse|p2a: Loki
|-resisted|p2a: Loki
|-damage|p2a: Loki|41/100
|
|upkeep
|turn|11
|
|t:|1743852480
|move|p2a: Loki|Light Screen|p2a: Loki
|-sidestart|p2: TherealBR|move: Light Screen
|move|p1a: Hoopa|Dark Pulse|p2a: Loki
|-resisted|p2a: Loki
|-damage|p2a: Loki|30/100
|
|upkeep
|turn|12
|
|t:|1743852484
|move|p1a: Hoopa|Dark Pulse|p2a: Loki
|-resisted|p2a: Loki
|-damage|p2a: Loki|19/100
|move|p2a: Loki|Spirit Break|p1a: Hoopa
|-supereffective|p1a: Hoopa
|-damage|p1a: Hoopa|0 fnt
|faint|p1a: Hoopa
|
|upkeep
|
|t:|1743852493
|switch|p1a: Landorus|Landorus-Therian, M|84/100
|-ability|p1a: Landorus|Intimidate|boost
|-unboost|p2a: Loki|atk|1
|turn|13
|
|t:|1743852497
|move|p2a: Loki|Parting Shot|p1a: Landorus
|-unboost|p1a: Landorus|atk|1
|-unboost|p1a: Landorus|spa|1
|
|t:|1743852501
|switch|p2a: Connor|Great Tusk|98/100|[from] Parting Shot
|move|p1a: Landorus|U-turn|p2a: Connor
|-resisted|p2a: Connor
|-damage|p2a: Connor|91/100
|-damage|p1a: Landorus|67/100|[from] item: Rocky Helmet|[of] p2a: Connor
|
|t:|1743852507
|switch|p1a: Corviknight|Corviknight, F|91/100|[from] U-turn
|-ability|p1a: Corviknight|Pressure
|
|upkeep
|turn|14
|
|t:|1743852511
|move|p2a: Connor|Stealth Rock|p1a: Corviknight
|-sidestart|p1: frifrifri|move: Stealth Rock
|move|p1a: Corviknight|Iron Defense|p1a: Corviknight
|-boost|p1a: Corviknight|def|2
|
|upkeep
|turn|15
|
|t:|1743852516
|-end|p2a: Connor|Protosynthesis|[silent]
|switch|p2a: Loki|Grimmsnarl, M, shiny|100/100
|move|p1a: Corviknight|Body Press|p2a: Loki
|-immune|p2a: Loki
|
|upkeep
|turn|16
|
|t:|1743852521
|switch|p1a: Primarina|Primarina, F|100/100
|-damage|p1a: Primarina|88/100|[from] Stealth Rock
|move|p2a: Loki|Flamethrower|p1a: Primarina
|-resisted|p1a: Primarina
|-damage|p1a: Primarina|80/100
|
|upkeep
|turn|17
|
|t:|1743852538
|switch|p2a: Apollo|Cinderace, F|100/100
|move|p1a: Primarina|Flip Turn|p2a: Apollo
|-supereffective|p2a: Apollo
|-damage|p2a: Apollo|68/100
|
|t:|1743852543
|switch|p1a: Landorus|Landorus-Therian, M|67/100|[from] Flip Turn
|-damage|p1a: Landorus|55/100|[from] Stealth Rock
|-ability|p1a: Landorus|Intimidate|boost
|-unboost|p2a: Apollo|atk|1
|
|upkeep
|turn|18
|
|t:|1743852546
|move|p1a: Landorus|Earthquake|p2a: Apollo
|-supereffective|p2a: Apollo
|-damage|p2a: Apollo|0 fnt
|faint|p2a: Apollo
|
|-sideend|p2: TherealBR|move: Light Screen
|upkeep
|
|t:|1743852565
|switch|p2a: Loki|Grimmsnarl, M, shiny|100/100
|turn|19
|inactive|frifrifri has 120 seconds left.
|
|t:|1743852599
|move|p2a: Loki|Flamethrower|p1a: Landorus
|-damage|p1a: Landorus|16/100
|move|p1a: Landorus|Earthquake|p2a: Loki
|-damage|p2a: Loki|0 fnt
|replace|p2a: Wayne|Zoroark-Hisui, M
|-end|p2a: Wayne|Illusion
|faint|p2a: Wayne
|
|upkeep
|
|t:|1743852605
|switch|p2a: Anakin|Dragonite, M|100/100
|turn|20
|
|t:|1743852610
|switch|p1a: Corviknight|Corviknight, F|91/100
|-damage|p1a: Corviknight|79/100|[from] Stealth Rock
|-ability|p1a: Corviknight|Pressure
|move|p2a: Anakin|Dragon Dance|p2a: Anakin
|-boost|p2a: Anakin|atk|1
|-boost|p2a: Anakin|spe|1
|
|upkeep
|turn|21
|
|t:|1743852616
|move|p2a: Anakin|Dragon Dance|p2a: Anakin
|-boost|p2a: Anakin|atk|1
|-boost|p2a: Anakin|spe|1
|move|p1a: Corviknight|Iron Defense|p1a: Corviknight
|-boost|p1a: Corviknight|def|2
|
|upkeep
|turn|22
|
|t:|1743852620
|move|p2a: Anakin|Ice Spinner|p1a: Corviknight
|-damage|p1a: Corviknight|56/100
|-damage|p2a: Anakin|84/100|[from] item: Rocky Helmet|[of] p1a: Corviknight
|-damage|p2a: Anakin|74/100|[from] item: Life Orb
|move|p1a: Corviknight|Iron Defense|p1a: Corviknight
|-boost|p1a: Corviknight|def|2
|
|upkeep
|turn|23
|
|t:|1743852624
|switch|p2a: Shelby|Slowking-Galar, M, tera:Water|47/100
|move|p1a: Corviknight|Roost|p1a: Corviknight
|-heal|p1a: Corviknight|100/100
|-singleturn|p1a: Corviknight|move: Roost
|
|upkeep
|turn|24
|
|t:|1743852627
|move|p1a: Corviknight|Body Press|p2a: Shelby
|-crit|p2a: Shelby
|-damage|p2a: Shelby|0 fnt
|faint|p2a: Shelby
|
|upkeep
|-message|TherealBR forfeited.
|
|win|frifrifri
|raw|frifrifri's rating: 1312 &rarr; <strong>1332</strong><br />(+20 for winning)
|raw|TherealBR's rating: 1316 &rarr; <strong>1296</strong><br />(-20 for losing)
|l|☆TherealBR
|player|p2|
|l|☆frifrifri
|player|p1|
