|j|☆Qwerty2012
|j|☆severalmodelos
|t:|1743933447
|gametype|singles
|player|p1|Qwerty2012|hiker-gen4|1000
|player|p2|severalmodelos|169|1032
|teamsize|p1|3
|teamsize|p2|5
|gen|9
|tier|[Gen 9] OU
|rated|
|rule|HP Percentage Mod: HP is shown in percentages
|rule|Endless Battle Clause: Forcing endless battles is banned
|rule|Species Clause: Limit one of each Pokémon
|rule|OHKO Clause: OHKO moves are banned
|rule|Evasion Items Clause: Evasion items are banned
|rule|Evasion Moves Clause: Evasion moves are banned
|rule|Sleep Moves Clause: Sleep-inducing moves are banned
|clearpoke
|poke|p1|Geodude, L1, M|
|poke|p1|Graveler, L25, M|
|poke|p1|Golem, L25, M|
|poke|p2|Suicune|
|poke|p2|Raikou|
|poke|p2|Entei|
|poke|p2|Regice|
|poke|p2|Magmortar, M|
|teampreview
|inactive|Battle timer is ON: inactive players will automatically lose when time's up. (requested by Qwerty2012)
|
|t:|1743933467
|start
|switch|p1a: Geodude|Geodude, L1, M|100/100
|switch|p2a: Suicune|Suicune|100/100
|-ability|p2a: Suicune|Pressure
|turn|1
|
|t:|1743933485
|-terastallize|p2a: Suicune|Ghost
|move|p2a: Suicune|Scald|p1a: Geodude
|-supereffective|p1a: Geodude
|-ability|p1a: Geodude|Sturdy
|-damage|p1a: Geodude|10/100
|move|p1a: Geodude|Rest|p1a: Geodude
|-status|p1a: Geodude|slp|[from] move: Rest
|-enditem|p1a: Geodude|Lum Berry|[eat]
|-curestatus|p1a: Geodude|slp|[msg]
|-heal|p1a: Geodude|100/100|[silent]
|
|upkeep
|turn|2
|
|t:|1743933499
|move|p2a: Suicune|Scald|p1a: Geodude
|-supereffective|p1a: Geodude
|-ability|p1a: Geodude|Sturdy
|-damage|p1a: Geodude|10/100
|move|p1a: Geodude|Rest|p1a: Geodude
|-status|p1a: Geodude|slp|[from] move: Rest
|-heal|p1a: Geodude|100/100 slp|[silent]
|
|upkeep
|turn|3
|
|t:|1743933519
|move|p2a: Suicune|Scald|p1a: Geodude
|-supereffective|p1a: Geodude
|-ability|p1a: Geodude|Sturdy
|-damage|p1a: Geodude|10/100 slp
|cant|p1a: Geodude|slp
|
|upkeep
|turn|4
|
|t:|1743933540
|move|p2a: Suicune|Scald|p1a: Geodude
|-supereffective|p1a: Geodude
|-damage|p1a: Geodude|0 fnt
|faint|p1a: Geodude
|
|upkeep
|
|t:|1743933544
|switch|p1a: Graveler|Graveler, L25, M|100/100
|turn|5
|
|t:|1743933547
|move|p2a: Suicune|Scald|p1a: Graveler
|-supereffective|p1a: Graveler
|-ability|p1a: Graveler|Sturdy
|-damage|p1a: Graveler|2/100
|-status|p1a: Graveler|brn
|-enditem|p1a: Graveler|Lum Berry|[eat]
|-curestatus|p1a: Graveler|brn|[msg]
|move|p1a: Graveler|Rest|p1a: Graveler
|-status|p1a: Graveler|slp|[from] move: Rest
|-heal|p1a: Graveler|100/100 slp|[silent]
|
|upkeep
|turn|6
|
|t:|1743933561
|move|p2a: Suicune|Calm Mind|p2a: Suicune
|-boost|p2a: Suicune|spa|1
|-boost|p2a: Suicune|spd|1
|cant|p1a: Graveler|slp
|
|upkeep
|turn|7
|
|t:|1743933566
|move|p2a: Suicune|Calm Mind|p2a: Suicune
|-boost|p2a: Suicune|spa|1
|-boost|p2a: Suicune|spd|1
|cant|p1a: Graveler|slp
|
|upkeep
|turn|8
|
|t:|1743933570
|move|p2a: Suicune|Calm Mind|p2a: Suicune
|-boost|p2a: Suicune|spa|1
|-boost|p2a: Suicune|spd|1
|-curestatus|p1a: Graveler|slp|[msg]
|move|p1a: Graveler|Rest|p1a: Graveler
|-fail|p1a: Graveler|heal
|
|upkeep
|turn|9
|
|t:|1743933577
|move|p2a: Suicune|Calm Mind|p2a: Suicune
|-boost|p2a: Suicune|spa|1
|-boost|p2a: Suicune|spd|1
|move|p1a: Graveler|Rest|p1a: Graveler
|-fail|p1a: Graveler|heal
|
|upkeep
|turn|10
|
|t:|1743933584
|move|p2a: Suicune|Calm Mind|p2a: Suicune
|-boost|p2a: Suicune|spa|1
|-boost|p2a: Suicune|spd|1
|move|p1a: Graveler|Rest|p1a: Graveler
|-fail|p1a: Graveler|heal
|
|upkeep
|turn|11
|
|t:|1743933590
|move|p2a: Suicune|Calm Mind|p2a: Suicune
|-boost|p2a: Suicune|spa|1
|-boost|p2a: Suicune|spd|1
|move|p1a: Graveler|Rest|p1a: Graveler
|-fail|p1a: Graveler|heal
|
|upkeep
|turn|12
|
|t:|1743933595
|move|p2a: Suicune|Calm Mind|p2a: Suicune
|-boost|p2a: Suicune|spa|0
|-boost|p2a: Suicune|spd|0
|move|p1a: Graveler|Rest|p1a: Graveler
|-fail|p1a: Graveler|heal
|
|upkeep
|turn|13
|
|t:|1743933600
|move|p2a: Suicune|Calm Mind|p2a: Suicune
|-boost|p2a: Suicune|spa|0
|-boost|p2a: Suicune|spd|0
|move|p1a: Graveler|Rest|p1a: Graveler
|-fail|p1a: Graveler|heal
|
|upkeep
|turn|14
|
|t:|1743933605
|move|p2a: Suicune|Calm Mind|p2a: Suicune
|-boost|p2a: Suicune|spa|0
|-boost|p2a: Suicune|spd|0
|move|p1a: Graveler|Rest|p1a: Graveler
|-fail|p1a: Graveler|heal
|
|upkeep
|turn|15
|
|t:|1743933610
|move|p2a: Suicune|Calm Mind|p2a: Suicune
|-boost|p2a: Suicune|spa|0
|-boost|p2a: Suicune|spd|0
|move|p1a: Graveler|Sleep Talk||[still]
|-fail|p1a: Graveler
|
|upkeep
|turn|16
|
|t:|1743933615
|move|p2a: Suicune|Calm Mind|p2a: Suicune
|-boost|p2a: Suicune|spa|0
|-boost|p2a: Suicune|spd|0
|move|p1a: Graveler|Sleep Talk||[still]
|-fail|p1a: Graveler
|
|upkeep
|turn|17
|
|t:|1743933622
|move|p2a: Suicune|Calm Mind|p2a: Suicune
|-boost|p2a: Suicune|spa|0
|-boost|p2a: Suicune|spd|0
|move|p1a: Graveler|Sleep Talk||[still]
|-fail|p1a: Graveler
|
|upkeep
|turn|18
|
|t:|1743933627
|move|p2a: Suicune|Calm Mind|p2a: Suicune
|-boost|p2a: Suicune|spa|0
|-boost|p2a: Suicune|spd|0
|move|p1a: Graveler|Sleep Talk||[still]
|-fail|p1a: Graveler
|
|upkeep
|turn|19
|
|t:|1743933632
|move|p2a: Suicune|Calm Mind|p2a: Suicune
|-boost|p2a: Suicune|spa|0
|-boost|p2a: Suicune|spd|0
|move|p1a: Graveler|Sleep Talk||[still]
|-fail|p1a: Graveler
|
|upkeep
|turn|20
|
|t:|1743933638
|move|p2a: Suicune|Calm Mind|p2a: Suicune
|-boost|p2a: Suicune|spa|0
|-boost|p2a: Suicune|spd|0
|move|p1a: Graveler|Sleep Talk||[still]
|-fail|p1a: Graveler
|
|upkeep
|turn|21
|
|t:|1743933643
|move|p2a: Suicune|Scald|p1a: Graveler
|-supereffective|p1a: Graveler
|-ability|p1a: Graveler|Sturdy
|-damage|p1a: Graveler|2/100
|move|p1a: Graveler|Sleep Talk||[still]
|-fail|p1a: Graveler
|
|upkeep
|turn|22
|
|t:|1743933650
|move|p2a: Suicune|Calm Mind|p2a: Suicune
|-boost|p2a: Suicune|spa|0
|-boost|p2a: Suicune|spd|0
|move|p1a: Graveler|Sleep Talk||[still]
|-fail|p1a: Graveler
|
|upkeep
|turn|23
|
|t:|1743933657
|move|p2a: Suicune|Calm Mind|p2a: Suicune
|-boost|p2a: Suicune|spa|0
|-boost|p2a: Suicune|spd|0
|move|p1a: Graveler|Sleep Talk||[still]
|-fail|p1a: Graveler
|
|upkeep
|turn|24
|
|t:|1743933662
|move|p2a: Suicune|Calm Mind|p2a: Suicune
|-boost|p2a: Suicune|spa|0
|-boost|p2a: Suicune|spd|0
|move|p1a: Graveler|Sleep Talk||[still]
|-fail|p1a: Graveler
|
|upkeep
|turn|25
|
|t:|1743933667
|move|p2a: Suicune|Calm Mind|p2a: Suicune
|-boost|p2a: Suicune|spa|0
|-boost|p2a: Suicune|spd|0
|move|p1a: Graveler|Sleep Talk||[still]
|-fail|p1a: Graveler
|
|upkeep
|turn|26
|
|t:|1743933672
|move|p2a: Suicune|Scald|p1a: Graveler
|-supereffective|p1a: Graveler
|-damage|p1a: Graveler|0 fnt
|faint|p1a: Graveler
|
|upkeep
|
|t:|1743933678
|switch|p1a: Golem|Golem, L25, M|100/100
|turn|27
|
|t:|1743933684
|-terastallize|p1a: Golem|Stellar
|move|p2a: Suicune|Calm Mind|p2a: Suicune
|-boost|p2a: Suicune|spa|0
|-boost|p2a: Suicune|spd|0
|move|p1a: Golem|Rest|p1a: Golem
|-fail|p1a: Golem|heal
|
|upkeep
|turn|28
|
|t:|1743933691
|move|p2a: Suicune|Calm Mind|p2a: Suicune
|-boost|p2a: Suicune|spa|0
|-boost|p2a: Suicune|spd|0
|move|p1a: Golem|Sleep Talk||[still]
|-fail|p1a: Golem
|
|upkeep
|turn|29
|
|t:|1743933696
|move|p2a: Suicune|Calm Mind|p2a: Suicune
|-boost|p2a: Suicune|spa|0
|-boost|p2a: Suicune|spd|0
|move|p1a: Golem|Sleep Talk||[still]
|-fail|p1a: Golem
|
|upkeep
|turn|30
|
|t:|1743933702
|move|p2a: Suicune|Calm Mind|p2a: Suicune
|-boost|p2a: Suicune|spa|0
|-boost|p2a: Suicune|spd|0
|move|p1a: Golem|Rest|p1a: Golem
|-fail|p1a: Golem|heal
|
|upkeep
|turn|31
|
|t:|1743933708
|move|p2a: Suicune|Shadow Ball|p1a: Golem
|-ability|p1a: Golem|Sturdy
|-damage|p1a: Golem|2/100
|move|p1a: Golem|Sleep Talk||[still]
|-fail|p1a: Golem
|
|upkeep
|turn|32
|
|t:|1743933715
|move|p2a: Suicune|Calm Mind|p2a: Suicune
|-boost|p2a: Suicune|spa|0
|-boost|p2a: Suicune|spd|0
|move|p1a: Golem|Rest|p1a: Golem
|-status|p1a: Golem|slp|[from] move: Rest
|-enditem|p1a: Golem|Lum Berry|[eat]
|-curestatus|p1a: Golem|slp|[msg]
|-heal|p1a: Golem|100/100|[silent]
|
|upkeep
|turn|33
|
|t:|1743933724
|move|p2a: Suicune|Calm Mind|p2a: Suicune
|-boost|p2a: Suicune|spa|0
|-boost|p2a: Suicune|spd|0
|move|p1a: Golem|Sleep Talk||[still]
|-fail|p1a: Golem
|
|upkeep
|turn|34
|
|t:|1743933730
|move|p2a: Suicune|Scald|p1a: Golem
|-supereffective|p1a: Golem
|-ability|p1a: Golem|Sturdy
|-damage|p1a: Golem|2/100
|move|p1a: Golem|Rest|p1a: Golem
|-status|p1a: Golem|slp|[from] move: Rest
|-heal|p1a: Golem|100/100 slp|[silent]
|
|upkeep
|turn|35
|
|t:|1743933738
|move|p2a: Suicune|Calm Mind|p2a: Suicune
|-boost|p2a: Suicune|spa|0
|-boost|p2a: Suicune|spd|0
|cant|p1a: Golem|slp
|move|p1a: Golem|Sleep Talk|p1a: Golem
|move|p1a: Golem|Rest||[from] move: Sleep Talk|[still]
|-fail|p1a: Golem
|
|upkeep
|turn|36
|
|t:|1743933745
|move|p2a: Suicune|Scald|p1a: Golem
|-supereffective|p1a: Golem
|-ability|p1a: Golem|Sturdy
|-damage|p1a: Golem|2/100 slp
|cant|p1a: Golem|slp
|move|p1a: Golem|Sleep Talk|p1a: Golem
|move|p1a: Golem|Rest||[from] move: Sleep Talk|[still]
|-fail|p1a: Golem
|
|upkeep
|turn|37
|
|t:|1743933756
|move|p2a: Suicune|Calm Mind|p2a: Suicune
|-boost|p2a: Suicune|spa|0
|-boost|p2a: Suicune|spd|0
|-curestatus|p1a: Golem|slp|[msg]
|move|p1a: Golem|Sleep Talk||[still]
|-fail|p1a: Golem
|
|upkeep
|turn|38
|
|t:|1743933763
|move|p2a: Suicune|Calm Mind|p2a: Suicune
|-boost|p2a: Suicune|spa|0
|-boost|p2a: Suicune|spd|0
|move|p1a: Golem|Rest|p1a: Golem
|-status|p1a: Golem|slp|[from] move: Rest
|-heal|p1a: Golem|100/100 slp|[silent]
|
|upkeep
|turn|39
|
|t:|1743933771
|move|p2a: Suicune|Scald|p1a: Golem
|-supereffective|p1a: Golem
|-ability|p1a: Golem|Sturdy
|-damage|p1a: Golem|2/100 slp
|cant|p1a: Golem|slp
|move|p1a: Golem|Sleep Talk|p1a: Golem
|move|p1a: Golem|Rest||[from] move: Sleep Talk|[still]
|-fail|p1a: Golem
|
|upkeep
|turn|40
|-message|severalmodelos forfeited.
|
|win|Qwerty2012
|raw|Qwerty2012's rating: 1000 &rarr; <strong>1044</strong><br />(+44 for winning)
|raw|severalmodelos's rating: 1032 &rarr; <strong>1016</strong><br />(-16 for losing)
|l|☆severalmodelos
|player|p2|
