|j|☆jp8 the marth main
|j|☆firecreepr
|t:|1743789801
|gametype|singles
|player|p1|jp8 the marth main|2|1432
|player|p2|firecreepr|silver|1373
|teamsize|p1|6
|teamsize|p2|6
|gen|9
|tier|[Gen 9] OU
|rated|
|rule|HP Percentage Mod: HP is shown in percentages
|rule|Endless Battle Clause: Forcing endless battles is banned
|rule|Species Clause: Limit one of each Pokémon
|rule|OHKO Clause: OHKO moves are banned
|rule|Evasion Items Clause: Evasion items are banned
|rule|Evasion Moves Clause: Evasion moves are banned
|rule|Sleep Moves Clause: Sleep-inducing moves are banned
|clearpoke
|poke|p1|Fezandipiti, M|
|poke|p1|Great Tusk|
|poke|p1|Corviknight, M|
|poke|p1|Hydrapple, F|
|poke|p1|Raging Bolt|
|poke|p1|Salazzle, F|
|poke|p2|Ninetales, M|
|poke|p2|Hatterene, F|
|poke|p2|Great Tusk|
|poke|p2|Walking Wake|
|poke|p2|Heatran, F|
|poke|p2|Weavile, M|
|teampreview
|inactive|Battle timer is ON: inactive players will automatically lose when time's up. (requested by firecreepr)
|
|t:|1743789810
|start
|switch|p1a: Salazzle|Salazzle, F|100/100
|switch|p2a: Heatran|Heatran, F|100/100
|-item|p2a: Heatran|Air Balloon
|turn|1
|
|t:|1743789825
|-terastallize|p1a: Salazzle|Flying
|move|p1a: Salazzle|Toxic|p2a: Heatran
|-status|p2a: Heatran|tox
|move|p2a: Heatran|Earth Power|p1a: Salazzle
|-immune|p1a: Salazzle
|
|-damage|p2a: Heatran|94/100 tox|[from] psn
|upkeep
|turn|2
|
|t:|1743789834
|move|p1a: Salazzle|Encore|p2a: Heatran
|-start|p2a: Heatran|Encore
|move|p2a: Heatran|Earth Power|p1a: Salazzle
|-immune|p1a: Salazzle
|
|-damage|p2a: Heatran|82/100 tox|[from] psn
|upkeep
|turn|3
|
|t:|1743789843
|switch|p1a: Corviknight|Corviknight, M|100/100
|switch|p2a: nobara|Hatterene, F|100/100
|
|upkeep
|turn|4
|
|t:|1743789851
|move|p1a: Corviknight|Iron Head|p2a: nobara
|-supereffective|p2a: nobara
|-damage|p2a: nobara|47/100
|move|p2a: nobara|Nuzzle|p1a: Corviknight
|-supereffective|p1a: Corviknight
|-damage|p1a: Corviknight|95/100
|-status|p1a: Corviknight|par
|-damage|p2a: nobara|30/100|[from] item: Rocky Helmet|[of] p1a: Corviknight
|
|upkeep
|turn|5
|
|t:|1743789860
|move|p2a: nobara|Mystical Fire|p1a: Corviknight
|-supereffective|p1a: Corviknight
|-damage|p1a: Corviknight|34/100 par
|-ability|p1a: Corviknight|Mirror Armor
|-unboost|p2a: nobara|spa|1
|move|p1a: Corviknight|Iron Head|p2a: nobara
|-supereffective|p2a: nobara
|-damage|p2a: nobara|0 fnt
|faint|p2a: nobara
|
|upkeep
|
|t:|1743789873
|switch|p2a: yuuta|Walking Wake|100/100
|turn|6
|
|t:|1743789882
|switch|p1a: Hydrapple|Hydrapple, F, shiny|100/100
|move|p2a: yuuta|Flamethrower|p1a: Hydrapple
|-damage|p1a: Hydrapple|54/100
|
|upkeep
|turn|7
|
|t:|1743789891
|-end|p2a: yuuta|Protosynthesis|[silent]
|switch|p2a: uzumaki|Ninetales, M|100/100
|-weather|SunnyDay|[from] ability: Drought|[of] p2a: uzumaki
|move|p1a: Hydrapple|Fickle Beam|p2a: uzumaki
|-damage|p2a: uzumaki|60/100
|
|-weather|SunnyDay|[upkeep]
|upkeep
|turn|8
|
|t:|1743789905
|switch|p1a: Corviknight|Corviknight, M|34/100 par
|move|p2a: uzumaki|Will-O-Wisp|p1a: Corviknight|[miss]
|-miss|p2a: uzumaki|p1a: Corviknight
|
|-weather|SunnyDay|[upkeep]
|upkeep
|turn|9
|
|t:|1743789910
|move|p2a: uzumaki|Flamethrower|p1a: Corviknight
|-supereffective|p1a: Corviknight
|-damage|p1a: Corviknight|0 fnt
|faint|p1a: Corviknight
|
|-weather|SunnyDay|[upkeep]
|upkeep
|
|t:|1743789916
|switch|p1a: Salazzle|Salazzle, F, tera:Flying|100/100
|turn|10
|
|t:|1743789921
|switch|p2a: Heatran|Heatran, F|82/100 tox
|-item|p2a: Heatran|Air Balloon
|move|p1a: Salazzle|Sludge Wave|p2a: Heatran
|-immune|p2a: Heatran
|
|-weather|SunnyDay|[upkeep]
|-damage|p2a: Heatran|76/100 tox|[from] psn
|upkeep
|turn|11
|
|t:|1743789935
|switch|p1a: Great Tusk|Great Tusk|100/100
|-activate|p1a: Great Tusk|ability: Protosynthesis
|-start|p1a: Great Tusk|protosynthesisatk
|move|p2a: Heatran|Magma Storm|p1a: Great Tusk
|-damage|p1a: Great Tusk|0 fnt
|faint|p1a: Great Tusk
|-end|p1a: Great Tusk|Protosynthesis|[silent]
|
|-weather|SunnyDay|[upkeep]
|-damage|p2a: Heatran|64/100 tox|[from] psn
|upkeep
|
|t:|1743789948
|switch|p1a: Raging Bolt|Raging Bolt|100/100
|-activate|p1a: Raging Bolt|ability: Protosynthesis
|-start|p1a: Raging Bolt|protosynthesisspa
|turn|12
|
|t:|1743789956
|move|p2a: Heatran|Magma Storm|p1a: Raging Bolt|[miss]
|-miss|p2a: Heatran|p1a: Raging Bolt
|move|p1a: Raging Bolt|Thunderbolt|p2a: Heatran
|-damage|p2a: Heatran|19/100 tox
|-enditem|p2a: Heatran|Air Balloon
|
|-weather|SunnyDay|[upkeep]
|-damage|p2a: Heatran|1/100 tox|[from] psn
|upkeep
|turn|13
|
|t:|1743789966
|move|p1a: Raging Bolt|Thunderclap||[still]
|-fail|p1a: Raging Bolt
|move|p2a: Heatran|Taunt|p1a: Raging Bolt
|-start|p1a: Raging Bolt|move: Taunt
|
|-weather|SunnyDay|[upkeep]
|-damage|p2a: Heatran|0 fnt|[from] psn
|faint|p2a: Heatran
|upkeep
|
|t:|1743789979
|switch|p2a: Weavile|Weavile, M|100/100
|-ability|p2a: Weavile|Pressure
|turn|14
|
|t:|1743789988
|move|p2a: Weavile|Swords Dance|p2a: Weavile
|-boost|p2a: Weavile|atk|2
|move|p1a: Raging Bolt|Thunderbolt|p2a: Weavile
|-crit|p2a: Weavile
|-damage|p2a: Weavile|0 fnt
|faint|p2a: Weavile
|
|-weather|none
|-end|p1a: Raging Bolt|Protosynthesis
|upkeep
|-enditem|p1a: Raging Bolt|Booster Energy
|-activate|p1a: Raging Bolt|ability: Protosynthesis|[fromitem]
|-start|p1a: Raging Bolt|protosynthesisspa
|
|t:|1743789999
|switch|p2a: uzumaki|Ninetales, M|60/100
|-weather|SunnyDay|[from] ability: Drought|[of] p2a: uzumaki
|turn|15
|
|t:|1743790013
|switch|p2a: itadori yuji|Great Tusk|100/100
|-activate|p2a: itadori yuji|ability: Protosynthesis
|-start|p2a: itadori yuji|protosynthesisdef
|move|p1a: Raging Bolt|Draco Meteor|p2a: itadori yuji
|-damage|p2a: itadori yuji|0 fnt
|-unboost|p1a: Raging Bolt|spa|2
|faint|p2a: itadori yuji
|-end|p2a: itadori yuji|Protosynthesis|[silent]
|
|-weather|SunnyDay|[upkeep]
|upkeep
|
|t:|1743790023
|switch|p2a: yuuta|Walking Wake|100/100
|-activate|p2a: yuuta|ability: Protosynthesis
|-start|p2a: yuuta|protosynthesisspe
|turn|16
|
|t:|1743790032
|-end|p1a: Raging Bolt|Protosynthesis|[silent]
|switch|p1a: Fezandipiti|Fezandipiti, M|100/100
|move|p2a: yuuta|Dragon Pulse|p1a: Fezandipiti
|-immune|p1a: Fezandipiti
|
|-weather|SunnyDay|[upkeep]
|upkeep
|turn|17
|
|t:|1743790038
|-end|p2a: yuuta|Protosynthesis|[silent]
|switch|p2a: uzumaki|Ninetales, M|60/100
|move|p1a: Fezandipiti|Poison Jab|p2a: uzumaki
|-damage|p2a: uzumaki|2/100
|-status|p2a: uzumaki|psn
|
|-weather|SunnyDay|[upkeep]
|-damage|p2a: uzumaki|0 fnt|[from] psn
|faint|p2a: uzumaki
|upkeep
|
|t:|1743790047
|switch|p2a: yuuta|Walking Wake|100/100
|-activate|p2a: yuuta|ability: Protosynthesis
|-start|p2a: yuuta|protosynthesisspe
|turn|18
|
|t:|1743790054
|move|p2a: yuuta|Flamethrower|p1a: Fezandipiti
|-damage|p1a: Fezandipiti|44/100
|move|p1a: Fezandipiti|Poison Jab|p2a: yuuta
|-damage|p2a: yuuta|43/100
|
|-weather|SunnyDay|[upkeep]
|upkeep
|turn|19
|
|t:|1743790060
|switch|p1a: Salazzle|Salazzle, F, tera:Flying|100/100
|move|p2a: yuuta|Flamethrower|p1a: Salazzle
|-damage|p1a: Salazzle|0 fnt
|faint|p1a: Salazzle
|
|-weather|SunnyDay|[upkeep]
|upkeep
|
|t:|1743790065
|switch|p1a: Raging Bolt|Raging Bolt|100/100
|-activate|p1a: Raging Bolt|ability: Protosynthesis
|-start|p1a: Raging Bolt|protosynthesisspa
|turn|20
|
|t:|1743790075
|move|p1a: Raging Bolt|Thunderclap|p2a: yuuta
|-damage|p2a: yuuta|0 fnt
|faint|p2a: yuuta
|-end|p2a: yuuta|Protosynthesis|[silent]
|
|win|jp8 the marth main
|raw|jp8 the marth main's rating: 1432 &rarr; <strong>1449</strong><br />(+17 for winning)
|raw|firecreepr's rating: 1373 &rarr; <strong>1356</strong><br />(-17 for losing)
|l|☆jp8 the marth main
|player|p1|
|l|☆firecreepr
|player|p2|
