|j|☆Dr. Drake6782
|j|☆Sergay_Is_Gay
|t:|1743882151
|gametype|singles
|player|p1|Dr. Drake6782|lance-lgpe|1179
|player|p2|Sergay_Is_Gay|170|1206
|teamsize|p1|6
|teamsize|p2|6
|gen|9
|tier|[Gen 9] OU
|rated|
|rule|HP Percentage Mod: HP is shown in percentages
|rule|Endless Battle Clause: Forcing endless battles is banned
|rule|Species Clause: Limit one of each Pokémon
|rule|OHKO Clause: OHKO moves are banned
|rule|Evasion Items Clause: Evasion items are banned
|rule|Evasion Moves Clause: Evasion moves are banned
|rule|Sleep Moves Clause: Sleep-inducing moves are banned
|clearpoke
|poke|p1|Alomomola, F|
|poke|p1|Weezing-Galar, F|
|poke|p1|Garganacl, M|
|poke|p1|Kyurem|
|poke|p1|Ting-Lu|
|poke|p1|Ogerpon-Wellspring, F|
|poke|p2|Gholdengo|
|poke|p2|Garganacl, M|
|poke|p2|Dragapult, M|
|poke|p2|Ogerpon-Wellspring, F|
|poke|p2|Great Tusk|
|poke|p2|Moltres|
|teampreview
|inactive|Battle timer is ON: inactive players will automatically lose when time's up. (requested by Dr. Drake6782)
|inactive|Dr. Drake6782 has 120 seconds left.
|inactive|Sergay_Is_Gay has 120 seconds left.
|
|t:|1743882199
|start
|switch|p1a: Ogerpon|Ogerpon-Wellspring, F|100/100
|switch|p2a: Garganacl|Garganacl, M|100/100
|turn|1
|
|t:|1743882205
|-terastallize|p1a: Ogerpon|Water
|detailschange|p1a: Ogerpon|Ogerpon-Wellspring-Tera, F, tera:Water
|-ability|p1a: Ogerpon|Embody Aspect (Wellspring)|boost
|-boost|p1a: Ogerpon|spd|1
|move|p1a: Ogerpon|Ivy Cudgel|p2a: Garganacl|[anim] Ivy Cudgel Water
|-supereffective|p2a: Garganacl
|-damage|p2a: Garganacl|13/100
|move|p2a: Garganacl|Salt Cure|p1a: Ogerpon
|-damage|p1a: Ogerpon|83/100
|-start|p1a: Ogerpon|Salt Cure
|
|-heal|p2a: Garganacl|19/100|[from] item: Leftovers
|-damage|p1a: Ogerpon|58/100|[from] Salt Cure
|upkeep
|turn|2
|
|t:|1743882214
|move|p2a: Garganacl|Protect|p2a: Garganacl
|-singleturn|p2a: Garganacl|Protect
|move|p1a: Ogerpon|Swords Dance|p1a: Ogerpon
|-boost|p1a: Ogerpon|atk|2
|
|-heal|p2a: Garganacl|25/100|[from] item: Leftovers
|-damage|p1a: Ogerpon|33/100|[from] Salt Cure
|upkeep
|turn|3
|
|t:|1743882220
|switch|p2a: Ogerpon|Ogerpon-Wellspring, F|100/100
|move|p1a: Ogerpon|Power Whip|p2a: Ogerpon
|-damage|p2a: Ogerpon|0 fnt
|faint|p2a: Ogerpon
|
|-damage|p1a: Ogerpon|8/100|[from] Salt Cure
|upkeep
|
|t:|1743882226
|switch|p2a: Garganacl|Garganacl, M|25/100
|turn|4
|
|t:|1743882230
|switch|p1a: Kyurem|Kyurem, shiny|100/100
|-ability|p1a: Kyurem|Pressure
|move|p2a: Garganacl|Protect||[still]
|-fail|p2a: Garganacl
|
|-heal|p2a: Garganacl|31/100|[from] item: Leftovers
|upkeep
|turn|5
|
|t:|1743882237
|move|p1a: Kyurem|Ice Beam|p2a: Garganacl
|-damage|p2a: Garganacl|0 fnt
|faint|p2a: Garganacl
|
|upkeep
|
|t:|1743882245
|switch|p2a: Moltres|Moltres|100/100
|turn|6
|
|t:|1743882270
|switch|p1a: Alomomola|Alomomola, F|100/100
|move|p2a: Moltres|Flamethrower|p1a: Alomomola
|-resisted|p1a: Alomomola
|-damage|p1a: Alomomola|79/100
|
|upkeep
|turn|7
|
|t:|1743882277
|move|p2a: Moltres|Tailwind|p2a: Moltres
|-sidestart|p2: Sergay_Is_Gay|move: Tailwind
|move|p1a: Alomomola|Wish|p1a: Alomomola
|
|upkeep
|turn|8
|c|☆Dr. Drake6782|sing up on da grun
|
|t:|1743882288
|switch|p2a: Dragapult|Dragapult, M|100/100
|move|p1a: Alomomola|Flip Turn|p2a: Dragapult
|-resisted|p2a: Dragapult
|-damage|p2a: Dragapult|89/100
|c|☆Dr. Drake6782|sing up on da grind
|
|t:|1743882292
|switch|p1a: Ogerpon|Ogerpon-Wellspring-Tera, F, tera:Water|8/100|[from] Flip Turn
|-ability|p1a: Ogerpon|Embody Aspect (Wellspring)|boost
|-boost|p1a: Ogerpon|spd|1
|
|-heal|p1a: Ogerpon|87/100|[from] move: Wish|[wisher] Alomomola
|upkeep
|turn|9
|
|t:|1743882316
|switch|p1a: Ting-Lu|Ting-Lu|100/100
|-ability|p1a: Ting-Lu|Vessel of Ruin
|move|p2a: Dragapult|Dragon Pulse|p1a: Ting-Lu
|-crit|p1a: Ting-Lu
|-damage|p1a: Ting-Lu|77/100
|
|-heal|p1a: Ting-Lu|83/100|[from] item: Leftovers
|upkeep
|turn|10
|
|t:|1743882330
|switch|p2a: Moltres|Moltres|100/100
|move|p1a: Ting-Lu|Stealth Rock|p2a: Moltres
|-sidestart|p2: Sergay_Is_Gay|move: Stealth Rock
|
|-heal|p1a: Ting-Lu|89/100|[from] item: Leftovers
|-sideend|p2: Sergay_Is_Gay|move: Tailwind
|upkeep
|turn|11
|l|☆Sergay_Is_Gay
|inactive|Sergay_Is_Gay disconnected and has a minute to reconnect!
|player|p2|
|
|t:|1743882358
|switch|p1a: Garganacl|Garganacl, M, shiny|100/100
|move|p2a: Moltres|Air Slash|p1a: Garganacl
|-resisted|p1a: Garganacl
|-damage|p1a: Garganacl|88/100
|
|-heal|p1a: Garganacl|94/100|[from] item: Leftovers
|upkeep
|turn|12
|inactive|Dr. Drake6782 has 120 seconds left.
|inactive|Sergay_Is_Gay has 30 seconds to reconnect!
|inactive|Sergay_Is_Gay has 20 seconds to reconnect!
|inactive|Dr. Drake6782 has 90 seconds left.
|inactive|Sergay_Is_Gay has 15 seconds to reconnect!
|inactive|Sergay_Is_Gay has 10 seconds to reconnect!
|inactive|Sergay_Is_Gay has 5 seconds to reconnect!
|-message|Sergay_Is_Gay lost due to inactivity.
|
|win|Dr. Drake6782
|raw|Dr. Drake6782's rating: 1179 &rarr; <strong>1206</strong><br />(+27 for winning)
|raw|Sergay_Is_Gay's rating: 1206 &rarr; <strong>1179</strong><br />(-27 for losing)
