|j|☆ven2zama
|j|☆Dr. Drake6782
|t:|1743883497
|gametype|singles
|player|p1|ven2zama|101|1223
|player|p2|Dr. Drake6782|lance-lgpe|1158
|teamsize|p1|6
|teamsize|p2|6
|gen|9
|tier|[Gen 9] OU
|rated|
|rule|HP Percentage Mod: HP is shown in percentages
|rule|Endless Battle Clause: Forcing endless battles is banned
|rule|Species Clause: Limit one of each Pokémon
|rule|OHKO Clause: OHKO moves are banned
|rule|Evasion Items Clause: Evasion items are banned
|rule|Evasion Moves Clause: Evasion moves are banned
|rule|Sleep Moves Clause: Sleep-inducing moves are banned
|clearpoke
|poke|p1|Iron Moth|
|poke|p1|Mamoswine, M|
|poke|p1|Iron Crown|
|poke|p1|Iron Hands|
|poke|p1|Meowscarada, M|
|poke|p1|Primarina, M|
|poke|p2|Alomomola, F|
|poke|p2|Weezing-Galar, M|
|poke|p2|Garganacl, F|
|poke|p2|Kyurem|
|poke|p2|Ting-Lu|
|poke|p2|Ogerpon-Wellspring, F|
|teampreview
|inactive|Battle timer is ON: inactive players will automatically lose when time's up. (requested by Dr. Drake6782)
|inactive|Dr. Drake6782 has 120 seconds left.
|
|t:|1743883528
|start
|switch|p1a: Liberacy|Meowscarada, M, shiny|100/100
|switch|p2a: Ogerpon|Ogerpon-Wellspring, F|100/100
|turn|1
|
|t:|1743883534
|switch|p2a: Weezing|Weezing-Galar, M, shiny|100/100
|-ability|p2a: Weezing|Neutralizing Gas
|move|p1a: Liberacy|U-turn|p2a: Weezing
|-resisted|p2a: Weezing
|-damage|p2a: Weezing|97/100
|
|t:|1743883539
|switch|p1a: Behemoth|Mamoswine, M, shiny|100/100|[from] U-turn
|
|upkeep
|turn|2
|
|t:|1743883541
|move|p1a: Behemoth|Earthquake|p2a: Weezing
|-supereffective|p2a: Weezing
|-damage|p2a: Weezing|24/100
|move|p2a: Weezing|Will-O-Wisp|p1a: Behemoth
|-status|p1a: Behemoth|brn
|
|-damage|p1a: Behemoth|94/100 brn|[from] brn
|upkeep
|turn|3
|
|t:|1743883547
|-end|p2a: Weezing|ability: Neutralizing Gas
|switch|p2a: Alomomola|Alomomola, F|100/100
|move|p1a: Behemoth|Stealth Rock|p2a: Alomomola
|-sidestart|p2: Dr. Drake6782|move: Stealth Rock
|
|-damage|p1a: Behemoth|88/100 brn|[from] brn
|upkeep
|turn|4
|
|t:|1743883559
|move|p1a: Behemoth|Earthquake|p2a: Alomomola
|-damage|p2a: Alomomola|84/100
|move|p2a: Alomomola|Wish|p2a: Alomomola
|
|-damage|p1a: Behemoth|82/100 brn|[from] brn
|upkeep
|turn|5
|
|t:|1743883573
|move|p1a: Behemoth|Earthquake|p2a: Alomomola
|-damage|p2a: Alomomola|68/100
|move|p2a: Alomomola|Flip Turn|p1a: Behemoth
|-supereffective|p1a: Behemoth
|-damage|p1a: Behemoth|47/100 brn
|j| blip exists
|
|t:|1743883581
|switch|p2a: Weezing|Weezing-Galar, M, shiny|24/100|[from] Flip Turn
|-ability|p2a: Weezing|Neutralizing Gas
|
|-heal|p2a: Weezing|95/100|[from] move: Wish|[wisher] Alomomola
|-damage|p1a: Behemoth|41/100 brn|[from] brn
|upkeep
|turn|6
|
|t:|1743883587
|-end|p2a: Weezing|ability: Neutralizing Gas
|switch|p2a: Alomomola|Alomomola, F|100/100
|move|p1a: Behemoth|Earthquake|p2a: Alomomola
|-damage|p2a: Alomomola|84/100
|
|-damage|p1a: Behemoth|35/100 brn|[from] brn
|upkeep
|turn|7
|
|t:|1743883596
|move|p1a: Behemoth|Endeavor|p2a: Alomomola
|-damage|p2a: Alomomola|26/100
|move|p2a: Alomomola|Flip Turn|p1a: Behemoth
|-supereffective|p1a: Behemoth
|-damage|p1a: Behemoth|0 fnt
|faint|p1a: Behemoth
|
|t:|1743883604
|switch|p2a: Kyurem|Kyurem, shiny|100/100|[from] Flip Turn
|-damage|p2a: Kyurem|76/100|[from] Stealth Rock
|-ability|p2a: Kyurem|Pressure
|
|upkeep
|
|t:|1743883621
|switch|p1a: Braveheart|Iron Crown|100/100
|turn|8
|
|t:|1743883624
|switch|p2a: Ting-Lu|Ting-Lu|100/100
|-damage|p2a: Ting-Lu|94/100|[from] Stealth Rock
|-ability|p2a: Ting-Lu|Vessel of Ruin
|move|p1a: Braveheart|Tachyon Cutter|p2a: Ting-Lu
|-damage|p2a: Ting-Lu|79/100
|-damage|p2a: Ting-Lu|63/100
|-hitcount|p2a: Ting-Lu|2
|
|-heal|p2a: Ting-Lu|69/100|[from] item: Leftovers
|upkeep
|turn|9
|
|t:|1743883638
|-end|p1a: Braveheart|Quark Drive|[silent]
|switch|p1a: Liberacy|Meowscarada, M, shiny|100/100
|move|p2a: Ting-Lu|Stealth Rock|p1a: Liberacy
|-sidestart|p1: ven2zama|move: Stealth Rock
|
|-heal|p2a: Ting-Lu|75/100|[from] item: Leftovers
|upkeep
|turn|10
|
|t:|1743883646
|switch|p2a: Alomomola|Alomomola, F|60/100
|move|p1a: Liberacy|Trick|p2a: Alomomola
|-start|p1a: Liberacy|typechange|Psychic|[from] ability: Protean
|-activate|p1a: Liberacy|move: Trick|[of] p2a: Alomomola
|-item|p2a: Alomomola|Choice Scarf|[from] move: Trick
|-item|p1a: Liberacy|Heavy-Duty Boots|[from] move: Trick
|
|upkeep
|turn|11
|
|t:|1743883655
|move|p1a: Liberacy|U-turn|p2a: Alomomola
|-crit|p2a: Alomomola
|-damage|p2a: Alomomola|41/100
|
|t:|1743883667
|switch|p1a: Celestine|Primarina, M, shiny|100/100|[from] U-turn
|-damage|p1a: Celestine|88/100|[from] Stealth Rock
|move|p2a: Alomomola|Flip Turn|p1a: Celestine
|-resisted|p1a: Celestine
|-damage|p1a: Celestine|81/100
|
|t:|1743883677
|switch|p2a: Ogerpon|Ogerpon-Wellspring, F|100/100|[from] Flip Turn
|-damage|p2a: Ogerpon|88/100|[from] Stealth Rock
|
|-heal|p1a: Celestine|87/100|[from] item: Leftovers
|upkeep
|turn|12
|
|t:|1743883683
|switch|p1a: Terminator|Iron Hands, shiny|100/100
|-damage|p1a: Terminator|94/100|[from] Stealth Rock
|-enditem|p1a: Terminator|Booster Energy
|-activate|p1a: Terminator|ability: Quark Drive|[fromitem]
|-start|p1a: Terminator|quarkdriveatk
|move|p2a: Ogerpon|Spikes|p1a: Terminator
|-sidestart|p1: ven2zama|Spikes
|
|upkeep
|turn|13
|
|t:|1743883694
|move|p2a: Ogerpon|U-turn|p1a: Terminator
|-resisted|p1a: Terminator
|-damage|p1a: Terminator|85/100
|
|t:|1743883703
|switch|p2a: Weezing|Weezing-Galar, M, shiny|95/100|[from] U-turn
|-ability|p2a: Weezing|Neutralizing Gas
|move|p1a: Terminator|Wild Charge|p2a: Weezing
|-damage|p2a: Weezing|56/100
|-damage|p1a: Terminator|79/100|[from] Recoil
|
|upkeep
|turn|14
|inactive|ven2zama has 120 seconds left.
|
|t:|1743883738
|-end|p1a: Terminator|Quark Drive|[silent]
|switch|p1a: Symbolism|Iron Moth, shiny|100/100
|-damage|p1a: Symbolism|76/100|[from] Stealth Rock
|-damage|p1a: Symbolism|63/100|[from] Spikes
|move|p2a: Weezing|Will-O-Wisp|p1a: Symbolism
|-immune|p1a: Symbolism
|
|upkeep
|turn|15
|
|t:|1743883749
|-end|p2a: Weezing|ability: Neutralizing Gas
|switch|p2a: Garganacl|Garganacl, F, shiny|100/100
|-enditem|p1a: Symbolism|Booster Energy
|-activate|p1a: Symbolism|ability: Quark Drive|[fromitem]
|-start|p1a: Symbolism|quarkdrivespe
|-damage|p2a: Garganacl|88/100|[from] Stealth Rock
|move|p1a: Symbolism|Substitute|p1a: Symbolism
|-start|p1a: Symbolism|Substitute
|-damage|p1a: Symbolism|38/100
|
|-heal|p2a: Garganacl|94/100|[from] item: Leftovers
|upkeep
|turn|16
|
|t:|1743883754
|-terastallize|p1a: Symbolism|Ground
|move|p1a: Symbolism|Tera Blast|p2a: Garganacl|[anim] Tera Blast Ground
|-supereffective|p2a: Garganacl
|-damage|p2a: Garganacl|45/100
|move|p2a: Garganacl|Salt Cure|p1a: Symbolism
|-resisted|p1a: Symbolism
|-activate|p1a: Symbolism|move: Substitute|[damage]
|
|-heal|p2a: Garganacl|51/100|[from] item: Leftovers
|upkeep
|turn|17
|
|t:|1743883763
|switch|p2a: Ting-Lu|Ting-Lu|75/100
|-damage|p2a: Ting-Lu|69/100|[from] Stealth Rock
|-ability|p2a: Ting-Lu|Vessel of Ruin
|move|p1a: Symbolism|Tera Blast|p2a: Ting-Lu|[anim] Tera Blast Ground
|-damage|p2a: Ting-Lu|53/100
|
|-heal|p2a: Ting-Lu|59/100|[from] item: Leftovers
|upkeep
|turn|18
|
|t:|1743883772
|move|p1a: Symbolism|Fiery Dance|p2a: Ting-Lu
|-damage|p2a: Ting-Lu|43/100
|-boost|p1a: Symbolism|spa|1
|move|p2a: Ting-Lu|Whirlwind|p1a: Symbolism
|-end|p1a: Symbolism|Quark Drive|[silent]
|drag|p1a: Braveheart|Iron Crown|100/100
|-damage|p1a: Braveheart|94/100|[from] Stealth Rock
|-damage|p1a: Braveheart|82/100|[from] Spikes
|
|-heal|p2a: Ting-Lu|49/100|[from] item: Leftovers
|upkeep
|turn|19
|
|t:|1743883782
|move|p1a: Braveheart|Focus Blast|p2a: Ting-Lu
|-supereffective|p2a: Ting-Lu
|-damage|p2a: Ting-Lu|0 fnt
|faint|p2a: Ting-Lu
|
|upkeep
|
|t:|1743883792
|switch|p2a: Ogerpon|Ogerpon-Wellspring, F|88/100
|-damage|p2a: Ogerpon|76/100|[from] Stealth Rock
|turn|20
|
|t:|1743883806
|move|p2a: Ogerpon|Knock Off|p1a: Braveheart
|-supereffective|p1a: Braveheart
|-damage|p1a: Braveheart|0 fnt
|-enditem|p1a: Braveheart|Choice Specs|[from] move: Knock Off|[of] p2a: Ogerpon
|faint|p1a: Braveheart
|-end|p1a: Braveheart|Quark Drive|[silent]
|
|upkeep
|
|t:|1743883811
|switch|p1a: Liberacy|Meowscarada, M, shiny|100/100
|turn|21
|
|t:|1743883816
|switch|p2a: Alomomola|Alomomola, F|74/100
|-damage|p2a: Alomomola|61/100|[from] Stealth Rock
|move|p1a: Liberacy|U-turn|p2a: Alomomola
|-start|p1a: Liberacy|typechange|Bug|[from] ability: Protean
|-damage|p2a: Alomomola|41/100
|
|t:|1743883837
|switch|p1a: Celestine|Primarina, M, shiny|87/100|[from] U-turn
|-damage|p1a: Celestine|74/100|[from] Stealth Rock
|-damage|p1a: Celestine|62/100|[from] Spikes
|
|-heal|p1a: Celestine|68/100|[from] item: Leftovers
|upkeep
|turn|22
|
|t:|1743883845
|move|p2a: Alomomola|Flip Turn|p1a: Celestine
|-resisted|p1a: Celestine
|-damage|p1a: Celestine|61/100
|
|t:|1743883854
|switch|p2a: Ogerpon|Ogerpon-Wellspring, F|76/100|[from] Flip Turn
|-damage|p2a: Ogerpon|64/100|[from] Stealth Rock
|move|p1a: Celestine|Substitute|p1a: Celestine
|-start|p1a: Celestine|Substitute
|-damage|p1a: Celestine|37/100
|
|-heal|p1a: Celestine|43/100|[from] item: Leftovers
|upkeep
|turn|23
|
|t:|1743883863
|move|p2a: Ogerpon|Ivy Cudgel|p1a: Celestine|[anim] Ivy Cudgel Water
|-resisted|p1a: Celestine
|-end|p1a: Celestine|Substitute
|move|p1a: Celestine|Draining Kiss|p2a: Ogerpon
|-damage|p2a: Ogerpon|38/100
|-heal|p1a: Celestine|59/100|[from] drain|[of] p2a: Ogerpon
|
|-heal|p1a: Celestine|65/100|[from] item: Leftovers
|upkeep
|turn|24
|
|t:|1743883872
|move|p2a: Ogerpon|Knock Off|p1a: Celestine
|-resisted|p1a: Celestine
|-damage|p1a: Celestine|50/100
|-enditem|p1a: Celestine|Leftovers|[from] move: Knock Off|[of] p2a: Ogerpon
|move|p1a: Celestine|Draining Kiss|p2a: Ogerpon
|-damage|p2a: Ogerpon|15/100
|-heal|p1a: Celestine|64/100|[from] drain|[of] p2a: Ogerpon
|
|upkeep
|turn|25
|
|t:|1743883879
|move|p2a: Ogerpon|Ivy Cudgel|p1a: Celestine|[anim] Ivy Cudgel Water
|-resisted|p1a: Celestine
|-damage|p1a: Celestine|39/100
|move|p1a: Celestine|Draining Kiss|p2a: Ogerpon
|-damage|p2a: Ogerpon|0 fnt
|-heal|p1a: Celestine|49/100|[from] drain|[of] p2a: Ogerpon
|faint|p2a: Ogerpon
|
|upkeep
|
|t:|1743883882
|switch|p2a: Kyurem|Kyurem, shiny|76/100
|-damage|p2a: Kyurem|51/100|[from] Stealth Rock
|-ability|p2a: Kyurem|Pressure
|turn|26
|
|t:|1743883890
|-terastallize|p2a: Kyurem|Ice
|move|p2a: Kyurem|Freeze-Dry|p1a: Celestine
|-supereffective|p1a: Celestine
|-damage|p1a: Celestine|0 fnt
|faint|p1a: Celestine
|
|upkeep
|
|t:|1743883896
|switch|p1a: Symbolism|Iron Moth, shiny, tera:Ground|38/100
|-damage|p1a: Symbolism|32/100|[from] Stealth Rock
|-damage|p1a: Symbolism|20/100|[from] Spikes
|turn|27
|
|t:|1743883898
|move|p2a: Kyurem|Freeze-Dry|p1a: Symbolism
|-supereffective|p1a: Symbolism
|-crit|p1a: Symbolism
|-damage|p1a: Symbolism|0 fnt
|faint|p1a: Symbolism
|-end|p1a: Symbolism|Quark Drive|[silent]
|
|upkeep
|
|t:|1743883905
|switch|p1a: Terminator|Iron Hands, shiny|79/100
|-damage|p1a: Terminator|73/100|[from] Stealth Rock
|-damage|p1a: Terminator|60/100|[from] Spikes
|turn|28
|
|t:|1743883911
|switch|p2a: Weezing|Weezing-Galar, M, shiny|56/100
|-ability|p2a: Weezing|Neutralizing Gas
|move|p1a: Terminator|Wild Charge|p2a: Weezing
|-damage|p2a: Weezing|22/100
|-damage|p1a: Terminator|55/100|[from] Recoil
|
|upkeep
|turn|29
|
|t:|1743883919
|move|p2a: Weezing|Will-O-Wisp|p1a: Terminator
|-status|p1a: Terminator|brn
|move|p1a: Terminator|Wild Charge|p2a: Weezing
|-damage|p2a: Weezing|3/100
|-damage|p1a: Terminator|52/100 brn|[from] Recoil
|
|-damage|p1a: Terminator|46/100 brn|[from] brn
|upkeep
|turn|30
|
|t:|1743883927
|move|p2a: Weezing|Strange Steam|p1a: Terminator|[miss]
|-miss|p2a: Weezing|p1a: Terminator
|move|p1a: Terminator|Wild Charge|p2a: Weezing
|-damage|p2a: Weezing|0 fnt
|faint|p2a: Weezing
|-end|p2a: Weezing|ability: Neutralizing Gas
|-damage|p1a: Terminator|45/100 brn|[from] Recoil
|
|-damage|p1a: Terminator|39/100 brn|[from] brn
|upkeep
|
|t:|1743883936
|switch|p2a: Kyurem|Kyurem, shiny, tera:Ice|51/100
|-damage|p2a: Kyurem|26/100|[from] Stealth Rock
|-ability|p2a: Kyurem|Pressure
|turn|31
|
|t:|1743883940
|move|p2a: Kyurem|Ice Beam|p1a: Terminator
|-damage|p1a: Terminator|0 fnt
|faint|p1a: Terminator
|-end|p1a: Terminator|Quark Drive|[silent]
|
|upkeep
|
|t:|1743883944
|switch|p1a: Liberacy|Meowscarada, M, shiny|100/100
|turn|32
|
|t:|1743883954
|move|p2a: Kyurem|Ice Beam|p1a: Liberacy
|-supereffective|p1a: Liberacy
|-damage|p1a: Liberacy|0 fnt
|faint|p1a: Liberacy
|
|win|Dr. Drake6782
|raw|ven2zama's rating: 1223 &rarr; <strong>1195</strong><br />(-28 for losing)
|raw|Dr. Drake6782's rating: 1180 &rarr; <strong>1208</strong><br />(+28 for winning)
