|j|☆ian_yo
|j|☆Shadow4cTest3r
|t:|1743891730
|gametype|singles
|player|p1|ian_yo|skier|1513
|player|p2|Shadow4cTest3r|170|1498
|teamsize|p1|6
|teamsize|p2|6
|gen|9
|tier|[Gen 9] OU
|rated|
|rule|HP Percentage Mod: HP is shown in percentages
|rule|Endless Battle Clause: Forcing endless battles is banned
|rule|Species Clause: Limit one of each Pokémon
|rule|OHKO Clause: OHKO moves are banned
|rule|Evasion Items Clause: Evasion items are banned
|rule|Evasion Moves Clause: Evasion moves are banned
|rule|Sleep Moves Clause: Sleep-inducing moves are banned
|clearpoke
|poke|p1|Torkoal, M|
|poke|p1|Klefki, M|
|poke|p1|Hatterene, F|
|poke|p1|Cresselia, F|
|poke|p1|Rabsca, M|
|poke|p1|Hattrem, F|
|poke|p2|Garganacl, M|
|poke|p2|Hydrapple, F|
|poke|p2|Iron Valiant|
|poke|p2|Ting-Lu|
|poke|p2|Slowking-Galar, F|
|poke|p2|Weezing-Galar, F|
|teampreview
|inactive|Battle timer is ON: inactive players will automatically lose when time's up. (requested by ian_yo)
|
|t:|1743891750
|start
|switch|p1a: Klefki|Klefki, M|100/100
|switch|p2a: Garganacl|Garganacl, M|100/100
|turn|1
|
|t:|1743891756
|move|p1a: Klefki|Spikes|p2a: Garganacl
|-sidestart|p2: Shadow4cTest3r|Spikes
|move|p2a: Garganacl|Salt Cure|p1a: Klefki
|-resisted|p1a: Klefki
|-damage|p1a: Klefki|93/100
|-start|p1a: Klefki|Salt Cure
|
|-damage|p1a: Klefki|68/100|[from] Salt Cure
|upkeep
|turn|2
|
|t:|1743891761
|move|p1a: Klefki|Spikes|p2a: Garganacl
|-sidestart|p2: Shadow4cTest3r|Spikes
|move|p2a: Garganacl|Curse|p2a: Garganacl
|-unboost|p2a: Garganacl|spe|1
|-boost|p2a: Garganacl|atk|1
|-boost|p2a: Garganacl|def|1
|
|-damage|p1a: Klefki|43/100|[from] Salt Cure
|upkeep
|turn|3
|
|t:|1743891763
|move|p2a: Garganacl|Curse|p2a: Garganacl
|-unboost|p2a: Garganacl|spe|1
|-boost|p2a: Garganacl|atk|1
|-boost|p2a: Garganacl|def|1
|move|p1a: Klefki|Trick Room|p1a: Klefki
|-fieldstart|move: Trick Room|[of] p1a: Klefki
|
|-damage|p1a: Klefki|18/100|[from] Salt Cure
|upkeep
|turn|4
|
|t:|1743891765
|move|p2a: Garganacl|Salt Cure|p1a: Klefki
|-resisted|p1a: Klefki
|-damage|p1a: Klefki|2/100
|move|p1a: Klefki|Steel Beam|p2a: Garganacl
|-supereffective|p2a: Garganacl
|-damage|p2a: Garganacl|29/100
|-damage|p1a: Klefki|0 fnt|[from] steelbeam
|faint|p1a: Klefki
|
|-heal|p2a: Garganacl|35/100|[from] item: Leftovers
|upkeep
|
|t:|1743891770
|switch|p1a: Torkoal|Torkoal, M|100/100
|-weather|SunnyDay|[from] ability: Drought|[of] p1a: Torkoal
|turn|5
|
|t:|1743891776
|-terastallize|p1a: Torkoal|Fire
|move|p1a: Torkoal|Weather Ball|p2a: Garganacl
|-resisted|p2a: Garganacl
|-damage|p2a: Garganacl|0 fnt
|faint|p2a: Garganacl
|
|-weather|SunnyDay|[upkeep]
|upkeep
|
|t:|1743891780
|switch|p2a: Slowking|Slowking-Galar, F|100/100
|turn|6
|
|t:|1743891783
|-terastallize|p2a: Slowking|Water
|move|p1a: Torkoal|Weather Ball|p2a: Slowking
|-resisted|p2a: Slowking
|-damage|p2a: Slowking|63/100
|move|p2a: Slowking|Psychic Noise|p1a: Torkoal
|-damage|p1a: Torkoal|63/100
|-start|p1a: Torkoal|move: Heal Block
|
|-weather|SunnyDay|[upkeep]
|upkeep
|turn|7
|
|t:|1743891788
|switch|p1a: Hatterene|Hatterene, F|100/100
|move|p2a: Slowking|Future Sight|p1a: Hatterene
|-start|p2a: Slowking|move: Future Sight
|
|-weather|SunnyDay|[upkeep]
|-fieldend|move: Trick Room
|upkeep
|turn|8
|
|t:|1743891790
|move|p2a: Slowking|Sludge Bomb|p1a: Hatterene
|-supereffective|p1a: Hatterene
|-damage|p1a: Hatterene|36/100
|move|p1a: Hatterene|Psyshock|p2a: Slowking
|-damage|p2a: Slowking|18/100
|
|-weather|SunnyDay|[upkeep]
|upkeep
|turn|9
|
|t:|1743891793
|move|p2a: Slowking|Sludge Bomb|p1a: Hatterene
|-supereffective|p1a: Hatterene
|-damage|p1a: Hatterene|0 fnt
|faint|p1a: Hatterene
|
|-weather|none
|-hint|Future Sight did not hit because the target is fainted.
|upkeep
|
|t:|1743891797
|switch|p1a: Torkoal|Torkoal, M, tera:Fire|63/100
|-weather|SunnyDay|[from] ability: Drought|[of] p1a: Torkoal
|turn|10
|
|t:|1743891801
|-prepare|p2a: Slowking|Chilly Reception|[premajor]
|move|p2a: Slowking|Chilly Reception|p2a: Slowking
|-weather|Snowscape
|
|t:|1743891804
|switch|p2a: Ting-Lu|Ting-Lu|100/100|[from] Chilly Reception
|-damage|p2a: Ting-Lu|84/100|[from] Spikes
|-ability|p2a: Ting-Lu|Vessel of Ruin
|move|p1a: Torkoal|Weather Ball|p2a: Ting-Lu
|-supereffective|p2a: Ting-Lu
|-damage|p2a: Ting-Lu|49/100
|
|-weather|Snowscape|[upkeep]
|-heal|p2a: Ting-Lu|55/100|[from] item: Leftovers
|upkeep
|turn|11
|
|t:|1743891810
|switch|p1a: Hattrem|Hattrem, F|100/100
|move|p2a: Ting-Lu|Stealth Rock|p1a: Hattrem
|move|p1a: Hattrem|Stealth Rock|p2a: Ting-Lu|[from] ability: Magic Bounce
|-sidestart|p2: Shadow4cTest3r|move: Stealth Rock
|
|-weather|Snowscape|[upkeep]
|-heal|p2a: Ting-Lu|61/100|[from] item: Leftovers
|upkeep
|turn|12
|
|t:|1743891812
|switch|p2a: Weezing|Weezing-Galar, F|100/100
|-ability|p2a: Weezing|Neutralizing Gas
|-damage|p2a: Weezing|84/100|[from] Spikes
|-damage|p2a: Weezing|72/100|[from] Stealth Rock
|move|p1a: Hattrem|Trick Room|p1a: Hattrem
|-fieldstart|move: Trick Room|[of] p1a: Hattrem
|
|-weather|Snowscape|[upkeep]
|-heal|p2a: Weezing|78/100|[from] item: Leftovers
|upkeep
|turn|13
|
|t:|1743891814
|move|p1a: Hattrem|Healing Wish|p1a: Hattrem
|faint|p1a: Hattrem
|move|p2a: Weezing|Defog|p1: Hattrem|[notarget]
|-fail|p2a: Weezing
|
|-weather|Snowscape|[upkeep]
|-heal|p2a: Weezing|84/100|[from] item: Leftovers
|upkeep
|
|t:|1743891816
|switch|p1a: Torkoal|Torkoal, M, tera:Fire|63/100
|-heal|p1a: Torkoal|100/100|[from] move: Healing Wish
|turn|14
|
|t:|1743891818
|move|p1a: Torkoal|Eruption|p2a: Weezing
|-damage|p2a: Weezing|0 fnt
|faint|p2a: Weezing
|-end|p2a: Weezing|ability: Neutralizing Gas
|-weather|SunnyDay|[from] ability: Drought|[of] p1a: Torkoal
|
|-weather|SunnyDay|[upkeep]
|upkeep
|
|t:|1743891823
|switch|p2a: Slowking|Slowking-Galar, F, tera:Water|52/100
|turn|15
|
|t:|1743891827
|move|p1a: Torkoal|Eruption|p2a: Slowking
|-resisted|p2a: Slowking
|-damage|p2a: Slowking|0 fnt
|faint|p2a: Slowking
|
|-weather|SunnyDay|[upkeep]
|upkeep
|
|t:|1743891831
|switch|p2a: Ting-Lu|Ting-Lu|61/100
|-damage|p2a: Ting-Lu|45/100|[from] Spikes
|-damage|p2a: Ting-Lu|39/100|[from] Stealth Rock
|-ability|p2a: Ting-Lu|Vessel of Ruin
|turn|16
|
|t:|1743891835
|move|p1a: Torkoal|Eruption|p2a: Ting-Lu
|-damage|p2a: Ting-Lu|0 fnt
|faint|p2a: Ting-Lu
|
|-weather|SunnyDay|[upkeep]
|-fieldend|move: Trick Room
|upkeep
|
|t:|1743891839
|switch|p2a: Hydrapple|Hydrapple, F|100/100
|turn|17
|
|t:|1743891848
|switch|p1a: Cresselia|Cresselia, F|100/100
|move|p2a: Hydrapple|Nasty Plot|p2a: Hydrapple
|-boost|p2a: Hydrapple|spa|2
|
|-weather|SunnyDay|[upkeep]
|upkeep
|turn|18
|
|t:|1743891851
|move|p2a: Hydrapple|Draco Meteor|p1a: Cresselia
|-damage|p1a: Cresselia|49/100
|-unboost|p2a: Hydrapple|spa|2
|move|p1a: Cresselia|Trick Room|p1a: Cresselia
|-fieldstart|move: Trick Room|[of] p1a: Cresselia
|
|-weather|none
|upkeep
|turn|19
|
|t:|1743891860
|move|p2a: Hydrapple|Nasty Plot|p2a: Hydrapple
|-boost|p2a: Hydrapple|spa|2
|move|p1a: Cresselia|Lunar Dance|p1a: Cresselia
|faint|p1a: Cresselia
|
|upkeep
|
|t:|1743891862
|switch|p1a: Torkoal|Torkoal, M, tera:Fire|100/100
|-heal|p1a: Torkoal|100/100|[from] move: Lunar Dance
|-weather|SunnyDay|[from] ability: Drought|[of] p1a: Torkoal
|turn|20
|
|t:|1743891863
|move|p1a: Torkoal|Eruption|p2a: Hydrapple
|-damage|p2a: Hydrapple|0 fnt
|faint|p2a: Hydrapple
|
|-weather|SunnyDay|[upkeep]
|upkeep
|-message|Shadow4cTest3r forfeited.
|
|win|ian_yo
|raw|ian_yo's rating: 1513 &rarr; <strong>1532</strong><br />(+19 for winning)
|raw|Shadow4cTest3r's rating: 1498 &rarr; <strong>1479</strong><br />(-19 for losing)
|l|☆Shadow4cTest3r
|player|p2|
|l|☆ian_yo
|player|p1|
