|j|☆Mangorenjii
|j|☆popswrong4laughing
|t:|1743914931
|gametype|singles
|player|p1|Mangorenjii|miku-water|1441
|player|p2|popswrong4laughing|galacticgrunt|1389
|teamsize|p1|6
|teamsize|p2|6
|gen|9
|tier|[Gen 9] OU
|rated|
|rule|HP Percentage Mod: HP is shown in percentages
|rule|Endless Battle Clause: Forcing endless battles is banned
|rule|Species Clause: Limit one of each Pokémon
|rule|OHKO Clause: OHKO moves are banned
|rule|Evasion Items Clause: Evasion items are banned
|rule|Evasion Moves Clause: Evasion moves are banned
|rule|Sleep Moves Clause: Sleep-inducing moves are banned
|clearpoke
|poke|p1|Lokix, M|
|poke|p1|Scizor, F|
|poke|p1|Gliscor, M|
|poke|p1|Slowking-Galar, F|
|poke|p1|Dragapult, F|
|poke|p1|Weavile, F|
|poke|p2|Meowscarada, F|
|poke|p2|Ting-Lu|
|poke|p2|Weezing-Galar, M|
|poke|p2|Scizor, F|
|poke|p2|Primarina, M|
|poke|p2|Zapdos|
|teampreview
|
|t:|1743914942
|start
|switch|p1a: Gliscor|Gliscor, M|100/100
|switch|p2a: Scizor|Scizor, F|100/100
|turn|1
|
|t:|1743914944
|switch|p2a: Zapdos|Zapdos|100/100
|move|p1a: Gliscor|Protect||[still]
|-fail|p1a: Gliscor
|
|-status|p1a: Gliscor|tox|[from] item: Toxic Orb
|upkeep
|turn|2
|
|t:|1743914947
|switch|p1a: Slowking|Slowking-Galar, F|100/100
|move|p2a: Zapdos|Hurricane|p1a: Slowking
|-damage|p1a: Slowking|69/100
|
|upkeep
|turn|3
|
|t:|1743914951
|move|p2a: Zapdos|Volt Switch|p1a: Slowking
|-damage|p1a: Slowking|48/100
|
|t:|1743914964
|switch|p2a: Ting-Lu|Ting-Lu|100/100|[from] Volt Switch
|-ability|p2a: Ting-Lu|Vessel of Ruin
|move|p1a: Slowking|Toxic|p2a: Ting-Lu
|-status|p2a: Ting-Lu|tox
|
|-damage|p2a: Ting-Lu|94/100 tox|[from] psn
|upkeep
|turn|4
|
|t:|1743914970
|switch|p2a: Zapdos|Zapdos|100/100
|switch|p1a: Gliscor|Gliscor, M|100/100 tox
|
|upkeep
|turn|5
|
|t:|1743914974
|move|p1a: Gliscor|Protect|p1a: Gliscor
|-singleturn|p1a: Gliscor|Protect
|move|p2a: Zapdos|Hurricane|p1a: Gliscor
|-activate|p1a: Gliscor|move: Protect
|
|upkeep
|turn|6
|
|t:|1743914978
|switch|p1a: Slowking|Slowking-Galar, F|81/100
|move|p2a: Zapdos|Hurricane|p1a: Slowking|[miss]
|-miss|p2a: Zapdos|p1a: Slowking
|
|upkeep
|turn|7
|
|t:|1743914981
|move|p2a: Zapdos|Volt Switch|p1a: Slowking
|-damage|p1a: Slowking|61/100
|
|t:|1743914983
|switch|p2a: Ting-Lu|Ting-Lu|94/100 tox|[from] Volt Switch
|-ability|p2a: Ting-Lu|Vessel of Ruin
|-prepare|p1a: Slowking|Chilly Reception|[premajor]
|move|p1a: Slowking|Chilly Reception|p1a: Slowking
|-weather|Snowscape
|
|t:|1743914990
|switch|p1a: Scizor|Scizor, F|100/100|[from] Chilly Reception
|
|-weather|Snowscape|[upkeep]
|-heal|p2a: Ting-Lu|100/100 tox|[from] item: Leftovers
|-damage|p2a: Ting-Lu|94/100 tox|[from] psn
|upkeep
|turn|8
|
|t:|1743914995
|switch|p2a: Zapdos|Zapdos|100/100
|move|p1a: Scizor|U-turn|p2a: Zapdos
|-resisted|p2a: Zapdos
|-damage|p2a: Zapdos|66/100
|-status|p1a: Scizor|par|[from] ability: Static|[of] p2a: Zapdos
|
|t:|1743914999
|switch|p1a: Weavile|Weavile, F|100/100|[from] U-turn
|-ability|p1a: Weavile|Pressure
|
|-weather|Snowscape|[upkeep]
|upkeep
|turn|9
|
|t:|1743915003
|switch|p2a: Primarina|Primarina, M|100/100
|move|p1a: Weavile|Triple Axel|p2a: Primarina
|-resisted|p2a: Primarina
|-damage|p2a: Primarina|96/100
|-resisted|p2a: Primarina
|-damage|p2a: Primarina|84/100
|-resisted|p2a: Primarina
|-damage|p2a: Primarina|69/100
|-hitcount|p2a: Primarina|3
|
|-weather|Snowscape|[upkeep]
|-heal|p2a: Primarina|75/100|[from] item: Leftovers
|upkeep
|turn|10
|
|t:|1743915008
|switch|p1a: Slowking|Slowking-Galar, F|94/100
|switch|p2a: Scizor|Scizor, F|100/100
|
|-weather|Snowscape|[upkeep]
|upkeep
|turn|11
|
|t:|1743915015
|switch|p1a: Gliscor|Gliscor, M|100/100 tox
|move|p2a: Scizor|Knock Off|p1a: Gliscor
|-damage|p1a: Gliscor|67/100 tox
|-enditem|p1a: Gliscor|Toxic Orb|[from] move: Knock Off|[of] p2a: Scizor
|
|-weather|none
|-heal|p1a: Gliscor|80/100 tox|[from] ability: Poison Heal
|upkeep
|turn|12
|
|t:|1743915019
|switch|p2a: Meowscarada|Meowscarada, F|100/100
|move|p1a: Gliscor|Stealth Rock|p2a: Meowscarada
|-sidestart|p2: popswrong4laughing|move: Stealth Rock
|
|-heal|p1a: Gliscor|92/100 tox|[from] ability: Poison Heal
|upkeep
|turn|13
|
|t:|1743915024
|move|p1a: Gliscor|Protect|p1a: Gliscor
|-singleturn|p1a: Gliscor|Protect
|move|p2a: Meowscarada|Triple Axel|p1a: Gliscor
|-start|p2a: Meowscarada|typechange|Ice|[from] ability: Protean
|-activate|p1a: Gliscor|move: Protect
|
|-heal|p1a: Gliscor|100/100 tox|[from] ability: Poison Heal
|upkeep
|turn|14
|
|t:|1743915031
|-terastallize|p1a: Gliscor|Water
|move|p2a: Meowscarada|Triple Axel|p1a: Gliscor
|-resisted|p1a: Gliscor
|-damage|p1a: Gliscor|96/100 tox
|-resisted|p1a: Gliscor
|-damage|p1a: Gliscor|87/100 tox
|-resisted|p1a: Gliscor
|-damage|p1a: Gliscor|73/100 tox
|-hitcount|p1a: Gliscor|3
|move|p1a: Gliscor|U-turn|p2a: Meowscarada
|-damage|p2a: Meowscarada|77/100
|
|t:|1743915037
|switch|p1a: Scizor|Scizor, F|100/100 par|[from] U-turn
|
|upkeep
|turn|15
|
|t:|1743915048
|switch|p2a: Ting-Lu|Ting-Lu|94/100 tox
|-damage|p2a: Ting-Lu|88/100 tox|[from] Stealth Rock
|-ability|p2a: Ting-Lu|Vessel of Ruin
|cant|p1a: Scizor|par
|
|-heal|p2a: Ting-Lu|94/100 tox|[from] item: Leftovers
|-damage|p2a: Ting-Lu|88/100 tox|[from] psn
|upkeep
|turn|16
|
|t:|1743915053
|switch|p2a: Zapdos|Zapdos|66/100
|move|p1a: Scizor|U-turn|p2a: Zapdos
|-resisted|p2a: Zapdos
|-crit|p2a: Zapdos
|-damage|p2a: Zapdos|19/100
|
|t:|1743915059
|switch|p1a: Weavile|Weavile, F|100/100|[from] U-turn
|-ability|p1a: Weavile|Pressure
|
|upkeep
|turn|17
|
|t:|1743915064
|switch|p2a: Primarina|Primarina, M|75/100
|-damage|p2a: Primarina|62/100|[from] Stealth Rock
|move|p1a: Weavile|Ice Shard|p2a: Primarina
|-resisted|p2a: Primarina
|-crit|p2a: Primarina
|-damage|p2a: Primarina|46/100
|
|-heal|p2a: Primarina|52/100|[from] item: Leftovers
|upkeep
|turn|18
|
|t:|1743915072
|switch|p1a: Slowking|Slowking-Galar, F|100/100
|switch|p2a: Scizor|Scizor, F|100/100
|-damage|p2a: Scizor|88/100|[from] Stealth Rock
|
|upkeep
|turn|19
|
|t:|1743915079
|switch|p1a: Gliscor|Gliscor, M, tera:Water|73/100 tox
|move|p2a: Scizor|U-turn|p1a: Gliscor
|-crit|p1a: Gliscor
|-damage|p1a: Gliscor|18/100 tox
|
|t:|1743915081
|switch|p2a: Zapdos|Zapdos|19/100|[from] U-turn
|
|-heal|p1a: Gliscor|30/100 tox|[from] ability: Poison Heal
|upkeep
|turn|20
|
|t:|1743915084
|move|p1a: Gliscor|Protect|p1a: Gliscor
|-singleturn|p1a: Gliscor|Protect
|move|p2a: Zapdos|Roost|p2a: Zapdos
|-heal|p2a: Zapdos|69/100
|-singleturn|p2a: Zapdos|move: Roost
|
|-heal|p1a: Gliscor|43/100 tox|[from] ability: Poison Heal
|upkeep
|turn|21
|
|t:|1743915087
|switch|p1a: Slowking|Slowking-Galar, F|100/100
|move|p2a: Zapdos|Volt Switch|p1a: Slowking
|-damage|p1a: Slowking|81/100
|
|t:|1743915093
|switch|p2a: Scizor|Scizor, F|88/100|[from] Volt Switch
|-damage|p2a: Scizor|76/100|[from] Stealth Rock
|
|upkeep
|turn|22
|
|t:|1743915116
|switch|p1a: Lokix|Lokix, M|100/100
|move|p2a: Scizor|Knock Off|p1a: Lokix
|-resisted|p1a: Lokix
|-damage|p1a: Lokix|57/100
|-enditem|p1a: Lokix|Heavy-Duty Boots|[from] move: Knock Off|[of] p2a: Scizor
|
|upkeep
|turn|23
|
|t:|1743915124
|switch|p1a: Scizor|Scizor, F|100/100 par
|switch|p2a: Weezing|Weezing-Galar, M|100/100
|-ability|p2a: Weezing|Neutralizing Gas
|
|upkeep
|turn|24
|
|t:|1743915132
|-end|p2a: Weezing|ability: Neutralizing Gas
|switch|p2a: Ting-Lu|Ting-Lu|88/100 tox
|-damage|p2a: Ting-Lu|82/100 tox|[from] Stealth Rock
|-ability|p2a: Ting-Lu|Vessel of Ruin
|cant|p1a: Scizor|par
|
|-heal|p2a: Ting-Lu|88/100 tox|[from] item: Leftovers
|-damage|p2a: Ting-Lu|82/100 tox|[from] psn
|upkeep
|turn|25
|
|t:|1743915137
|move|p2a: Ting-Lu|Earthquake|p1a: Scizor
|-damage|p1a: Scizor|62/100 par
|move|p1a: Scizor|Knock Off|p2a: Ting-Lu
|-resisted|p2a: Ting-Lu
|-damage|p2a: Ting-Lu|67/100 tox
|-enditem|p2a: Ting-Lu|Leftovers|[from] move: Knock Off|[of] p1a: Scizor
|
|-damage|p2a: Ting-Lu|54/100 tox|[from] psn
|upkeep
|turn|26
|
|t:|1743915144
|switch|p2a: Zapdos|Zapdos|69/100
|switch|p1a: Gliscor|Gliscor, M, tera:Water|43/100 tox
|
|-heal|p1a: Gliscor|55/100 tox|[from] ability: Poison Heal
|upkeep
|turn|27
|
|t:|1743915147
|move|p1a: Gliscor|Protect|p1a: Gliscor
|-singleturn|p1a: Gliscor|Protect
|move|p2a: Zapdos|Volt Switch|p1a: Gliscor
|-activate|p1a: Gliscor|move: Protect
|
|-heal|p1a: Gliscor|67/100 tox|[from] ability: Poison Heal
|upkeep
|turn|28
|
|t:|1743915151
|switch|p1a: Slowking|Slowking-Galar, F|100/100
|move|p2a: Zapdos|Hurricane|p1a: Slowking
|-damage|p1a: Slowking|68/100
|
|upkeep
|turn|29
|
|t:|1743915155
|move|p2a: Zapdos|Volt Switch|p1a: Slowking
|-damage|p1a: Slowking|46/100
|
|t:|1743915158
|switch|p2a: Ting-Lu|Ting-Lu|54/100 tox|[from] Volt Switch
|-damage|p2a: Ting-Lu|48/100 tox|[from] Stealth Rock
|-ability|p2a: Ting-Lu|Vessel of Ruin
|-prepare|p1a: Slowking|Chilly Reception|[premajor]
|move|p1a: Slowking|Chilly Reception|p1a: Slowking
|-weather|Snowscape
|
|t:|1743915161
|switch|p1a: Weavile|Weavile, F|100/100|[from] Chilly Reception
|-ability|p1a: Weavile|Pressure
|
|-weather|Snowscape|[upkeep]
|-damage|p2a: Ting-Lu|42/100 tox|[from] psn
|upkeep
|turn|30
|
|t:|1743915167
|move|p1a: Weavile|Triple Axel|p2a: Ting-Lu
|-supereffective|p2a: Ting-Lu
|-damage|p2a: Ting-Lu|31/100 tox
|-supereffective|p2a: Ting-Lu
|-damage|p2a: Ting-Lu|9/100 tox
|-supereffective|p2a: Ting-Lu
|-damage|p2a: Ting-Lu|0 fnt
|faint|p2a: Ting-Lu
|-hitcount|p2: Ting-Lu|3
|
|-weather|Snowscape|[upkeep]
|upkeep
|
|t:|1743915170
|switch|p2a: Scizor|Scizor, F|76/100
|-damage|p2a: Scizor|64/100|[from] Stealth Rock
|turn|31
|
|t:|1743915178
|switch|p1a: Slowking|Slowking-Galar, F|80/100
|move|p2a: Scizor|U-turn|p1a: Slowking
|-damage|p1a: Slowking|19/100
|
|t:|1743915185
|switch|p2a: Meowscarada|Meowscarada, F|77/100|[from] U-turn
|-damage|p2a: Meowscarada|65/100|[from] Stealth Rock
|
|-weather|Snowscape|[upkeep]
|upkeep
|turn|32
|
|t:|1743915196
|switch|p1a: Scizor|Scizor, F|62/100 par
|move|p2a: Meowscarada|U-turn|p1a: Scizor
|-start|p2a: Meowscarada|typechange|Bug|[from] ability: Protean
|-resisted|p1a: Scizor
|-damage|p1a: Scizor|34/100 par
|
|t:|1743915201
|switch|p2a: Zapdos|Zapdos|69/100|[from] U-turn
|
|-weather|Snowscape|[upkeep]
|upkeep
|turn|33
|
|t:|1743915216
|switch|p1a: Dragapult|Dragapult, F|100/100
|move|p2a: Zapdos|Hurricane|p1a: Dragapult
|-damage|p1a: Dragapult|34/100
|
|-weather|none
|upkeep
|turn|34
|
|t:|1743915225
|switch|p2a: Primarina|Primarina, M|52/100
|-damage|p2a: Primarina|40/100|[from] Stealth Rock
|move|p1a: Dragapult|Draco Meteor|p2a: Primarina
|-immune|p2a: Primarina
|
|-heal|p2a: Primarina|46/100|[from] item: Leftovers
|upkeep
|turn|35
|
|t:|1743915232
|move|p1a: Dragapult|U-turn|p2a: Primarina
|-resisted|p2a: Primarina
|-damage|p2a: Primarina|36/100
|
|t:|1743915235
|switch|p1a: Slowking|Slowking-Galar, F|52/100|[from] U-turn
|move|p2a: Primarina|Substitute|p2a: Primarina
|-start|p2a: Primarina|Substitute
|-damage|p2a: Primarina|11/100
|
|-heal|p2a: Primarina|17/100|[from] item: Leftovers
|upkeep
|turn|36
|
|t:|1743915243
|move|p2a: Primarina|Surf|p1a: Slowking
|-damage|p1a: Slowking|10/100
|move|p1a: Slowking|Grass Knot|p2a: Primarina
|-supereffective|p2a: Primarina
|-activate|p2a: Primarina|move: Substitute|[damage]
|
|-heal|p2a: Primarina|23/100|[from] item: Leftovers
|upkeep
|turn|37
|
|t:|1743915252
|switch|p1a: Gliscor|Gliscor, M, tera:Water|67/100 tox
|move|p2a: Primarina|Surf|p1a: Gliscor
|-resisted|p1a: Gliscor
|-damage|p1a: Gliscor|31/100 tox
|
|-heal|p2a: Primarina|29/100|[from] item: Leftovers
|-heal|p1a: Gliscor|43/100 tox|[from] ability: Poison Heal
|upkeep
|turn|38
|
|t:|1743915258
|move|p1a: Gliscor|U-turn|p2a: Primarina
|-resisted|p2a: Primarina
|-end|p2a: Primarina|Substitute
|
|t:|1743915266
|switch|p1a: Scizor|Scizor, F|34/100 par|[from] U-turn
|move|p2a: Primarina|Surf|p1a: Scizor
|-damage|p1a: Scizor|0 fnt
|faint|p1a: Scizor
|
|-heal|p2a: Primarina|35/100|[from] item: Leftovers
|upkeep
|
|t:|1743915270
|switch|p1a: Lokix|Lokix, M|57/100
|turn|39
|
|t:|1743915272
|switch|p2a: Weezing|Weezing-Galar, M|100/100
|-ability|p2a: Weezing|Neutralizing Gas
|move|p1a: Lokix|Knock Off|p2a: Weezing
|-resisted|p2a: Weezing
|-damage|p2a: Weezing|86/100
|-enditem|p2a: Weezing|Heavy-Duty Boots|[from] move: Knock Off|[of] p1a: Lokix
|
|upkeep
|turn|40
|
|t:|1743915276
|move|p1a: Lokix|U-turn|p2a: Weezing
|-resisted|p2a: Weezing
|-damage|p2a: Weezing|81/100
|
|t:|1743915279
|switch|p1a: Slowking|Slowking-Galar, F|43/100|[from] U-turn
|move|p2a: Weezing|Defog|p1a: Slowking
|-unboost|p1a: Slowking|evasion|1
|-sideend|p2: popswrong4laughing|Stealth Rock|[from] move: Defog|[of] p2a: Weezing
|
|upkeep
|turn|41
|
|t:|1743915287
|-end|p2a: Weezing|ability: Neutralizing Gas
|switch|p2a: Scizor|Scizor, F|64/100
|move|p1a: Slowking|Future Sight|p2a: Scizor
|-start|p1a: Slowking|move: Future Sight
|
|upkeep
|turn|42
|
|t:|1743915292
|switch|p1a: Gliscor|Gliscor, M, tera:Water|43/100 tox
|move|p2a: Scizor|U-turn|p1a: Gliscor
|-damage|p1a: Gliscor|6/100 tox
|
|t:|1743915295
|switch|p2a: Meowscarada|Meowscarada, F|65/100|[from] U-turn
|
|-heal|p1a: Gliscor|18/100 tox|[from] ability: Poison Heal
|upkeep
|turn|43
|
|t:|1743915320
|move|p1a: Gliscor|Protect|p1a: Gliscor
|-singleturn|p1a: Gliscor|Protect
|move|p2a: Meowscarada|Knock Off|p1a: Gliscor
|-start|p2a: Meowscarada|typechange|Dark|[from] ability: Protean
|-activate|p1a: Gliscor|move: Protect
|
|-end|p2a: Meowscarada|move: Future Sight
|-immune|p2a: Meowscarada
|-heal|p1a: Gliscor|31/100 tox|[from] ability: Poison Heal
|upkeep
|turn|44
|
|t:|1743915340
|move|p2a: Meowscarada|Knock Off|p1a: Gliscor
|-damage|p1a: Gliscor|3/100 tox
|move|p1a: Gliscor|U-turn|p2a: Meowscarada
|-supereffective|p2a: Meowscarada
|-damage|p2a: Meowscarada|16/100
|
|t:|1743915355
|switch|p1a: Lokix|Lokix, M|57/100|[from] U-turn
|
|upkeep
|turn|45
|
|t:|1743915359
|switch|p2a: Weezing|Weezing-Galar, M|81/100
|-ability|p2a: Weezing|Neutralizing Gas
|move|p1a: Lokix|First Impression|p2a: Weezing
|-resisted|p2a: Weezing
|-damage|p2a: Weezing|74/100
|
|upkeep
|turn|46
|
|t:|1743915364
|switch|p1a: Slowking|Slowking-Galar, F|77/100
|move|p2a: Weezing|Will-O-Wisp|p1a: Slowking
|-status|p1a: Slowking|brn
|
|-damage|p1a: Slowking|70/100 brn|[from] brn
|upkeep
|turn|47
|
|t:|1743915370
|-end|p2a: Weezing|ability: Neutralizing Gas
|switch|p2a: Meowscarada|Meowscarada, F|16/100
|move|p1a: Slowking|Future Sight|p2a: Meowscarada
|-start|p1a: Slowking|move: Future Sight
|
|-damage|p1a: Slowking|64/100 brn|[from] brn
|upkeep
|turn|48
|
|t:|1743915374
|switch|p1a: Gliscor|Gliscor, M, tera:Water|3/100 tox
|move|p2a: Meowscarada|Knock Off|p1a: Gliscor
|-start|p2a: Meowscarada|typechange|Dark|[from] ability: Protean
|-crit|p1a: Gliscor
|-damage|p1a: Gliscor|0 fnt
|faint|p1a: Gliscor
|
|upkeep
|
|t:|1743915376
|switch|p1a: Weavile|Weavile, F|100/100
|-ability|p1a: Weavile|Pressure
|turn|49
|
|t:|1743915382
|move|p1a: Weavile|Triple Axel|p2a: Meowscarada
|-damage|p2a: Meowscarada|2/100
|-damage|p2a: Meowscarada|0 fnt
|faint|p2a: Meowscarada
|-hitcount|p2: Meowscarada|2
|
|-hint|Future Sight did not hit because the target is fainted.
|upkeep
|
|t:|1743915387
|switch|p2a: Scizor|Scizor, F|64/100
|turn|50
|
|t:|1743915397
|switch|p1a: Dragapult|Dragapult, F|34/100
|move|p2a: Scizor|Bullet Punch|p1a: Dragapult
|-damage|p1a: Dragapult|0 fnt
|faint|p1a: Dragapult
|
|upkeep
|
|t:|1743915398
|switch|p1a: Slowking|Slowking-Galar, F|98/100 brn
|turn|51
|
|t:|1743915406
|-terastallize|p2a: Scizor|Steel
|move|p2a: Scizor|Bullet Punch|p1a: Slowking
|-damage|p1a: Slowking|38/100 brn
|move|p1a: Slowking|Future Sight|p2a: Scizor
|-start|p1a: Slowking|move: Future Sight
|
|-damage|p1a: Slowking|32/100 brn|[from] brn
|upkeep
|turn|52
|
|t:|1743915411
|move|p2a: Scizor|Bullet Punch|p1a: Slowking
|-damage|p1a: Slowking|0 fnt
|faint|p1a: Slowking
|
|upkeep
|
|t:|1743915419
|switch|p1a: Lokix|Lokix, M|57/100
|turn|53
|
|t:|1743915423
|switch|p2a: Primarina|Primarina, M|35/100
|move|p1a: Lokix|First Impression|p2a: Primarina
|-resisted|p2a: Primarina
|-damage|p2a: Primarina|0 fnt
|faint|p2a: Primarina
|
|-hint|Future Sight did not hit because the target is fainted.
|upkeep
|
|t:|1743915431
|switch|p2a: Weezing|Weezing-Galar, M|74/100
|-ability|p2a: Weezing|Neutralizing Gas
|turn|54
|
|t:|1743915436
|move|p1a: Lokix|U-turn|p2a: Weezing
|-resisted|p2a: Weezing
|-damage|p2a: Weezing|68/100
|
|t:|1743915438
|switch|p1a: Weavile|Weavile, F|100/100|[from] U-turn
|move|p2a: Weezing|Will-O-Wisp|p1a: Weavile
|-status|p1a: Weavile|brn
|
|-damage|p1a: Weavile|94/100 brn|[from] brn
|upkeep
|turn|55
|-message|Mangorenjii forfeited.
|
|win|popswrong4laughing
|raw|Mangorenjii's rating: 1441 &rarr; <strong>1418</strong><br />(-23 for losing)
|raw|popswrong4laughing's rating: 1389 &rarr; <strong>1412</strong><br />(+23 for winning)
|l|☆Mangorenjii
|player|p1|
