|j|☆chewfive
|j|☆D3NiR
|t:|1743874170
|gametype|singles
|player|p1|chewfive|265|1133
|player|p2|D3NiR|marlon|1196
|teamsize|p1|6
|teamsize|p2|6
|gen|9
|tier|[Gen 9] OU
|rated|
|rule|HP Percentage Mod: HP is shown in percentages
|rule|Endless Battle Clause: Forcing endless battles is banned
|rule|Species Clause: Limit one of each Pokémon
|rule|OHKO Clause: OHKO moves are banned
|rule|Evasion Items Clause: Evasion items are banned
|rule|Evasion Moves Clause: Evasion moves are banned
|rule|Sleep Moves Clause: Sleep-inducing moves are banned
|clearpoke
|poke|p1|Hoopa-Unbound|
|poke|p1|Torterra, F|
|poke|p1|Skuntank, F|
|poke|p1|Sinistcha|
|poke|p1|Hitmonlee, M|
|poke|p1|Smeargle, M|
|poke|p2|Alomomola, F|
|poke|p2|Slowking-Galar, M|
|poke|p2|Tornadus-Therian, M|
|poke|p2|Gliscor, M|
|poke|p2|Jumpluff, F|
|poke|p2|Iron Treads|
|teampreview
|inactive|Battle timer is ON: inactive players will automatically lose when time's up. (requested by D3NiR)
|inactive|chewfive has 120 seconds left.
|
|t:|1743874205
|start
|switch|p1a: almighty skunk|Skuntank, F|100/100
|switch|p2a: Gliscor|Gliscor, M|100/100
|turn|1
|
|t:|1743874213
|move|p2a: Gliscor|Protect|p2a: Gliscor
|-singleturn|p2a: Gliscor|Protect
|move|p1a: almighty skunk|Toxic Spikes|p2a: Gliscor
|-sidestart|p2: D3NiR|move: Toxic Spikes
|
|-status|p2a: Gliscor|tox|[from] item: Toxic Orb
|upkeep
|turn|2
|
|t:|1743874231
|switch|p1a: TERA DEATH|Torterra, F|100/100
|move|p2a: Gliscor|Spikes|p1a: TERA DEATH
|-sidestart|p1: chewfive|Spikes
|
|upkeep
|turn|3
|
|t:|1743874238
|-terastallize|p1a: TERA DEATH|Poison
|move|p2a: Gliscor|Ice Fang|p1a: TERA DEATH
|-damage|p1a: TERA DEATH|92/100
|move|p1a: TERA DEATH|Stockpile|p1a: TERA DEATH
|-start|p1a: TERA DEATH|stockpile1
|-boost|p1a: TERA DEATH|def|1
|-boost|p1a: TERA DEATH|spd|1
|
|upkeep
|turn|4
|
|t:|1743874254
|switch|p2a: Jumpluff|Jumpluff, F|100/100
|move|p1a: TERA DEATH|Stockpile|p1a: TERA DEATH
|-start|p1a: TERA DEATH|stockpile2
|-boost|p1a: TERA DEATH|def|1
|-boost|p1a: TERA DEATH|spd|1
|
|upkeep
|turn|5
|
|t:|1743874262
|move|p2a: Jumpluff|Encore|p1a: TERA DEATH
|-start|p1a: TERA DEATH|Encore
|move|p1a: TERA DEATH|Stockpile|p1a: TERA DEATH
|-start|p1a: TERA DEATH|stockpile3
|-boost|p1a: TERA DEATH|def|1
|-boost|p1a: TERA DEATH|spd|1
|
|upkeep
|turn|6
|
|t:|1743874271
|switch|p2a: Slowking|Slowking-Galar, M|100/100
|-sideend|p2: D3NiR|move: Toxic Spikes|[of] p2a: Slowking
|switch|p1a: almighty skunk|Skuntank, F|100/100
|-damage|p1a: almighty skunk|88/100|[from] Spikes
|
|upkeep
|turn|7
|
|t:|1743874279
|switch|p2a: Alomomola|Alomomola, F|100/100
|move|p1a: almighty skunk|Foul Play|p2a: Alomomola
|-damage|p2a: Alomomola|85/100
|
|upkeep
|turn|8
|
|t:|1743874291
|move|p1a: almighty skunk|Toxic Spikes|p2a: Alomomola
|-sidestart|p2: D3NiR|move: Toxic Spikes
|move|p2a: Alomomola|Flip Turn|p1a: almighty skunk
|-damage|p1a: almighty skunk|75/100
|
|t:|1743874295
|switch|p2a: Slowking|Slowking-Galar, M|100/100|[from] Flip Turn
|-sideend|p2: D3NiR|move: Toxic Spikes|[of] p2a: Slowking
|
|upkeep
|turn|9
|
|t:|1743874299
|move|p1a: almighty skunk|Substitute|p1a: almighty skunk
|-start|p1a: almighty skunk|Substitute
|-damage|p1a: almighty skunk|50/100
|move|p2a: Slowking|Thunder Wave||[still]
|-fail|p2a: Slowking
|
|upkeep
|turn|10
|
|t:|1743874307
|switch|p2a: Jumpluff|Jumpluff, F|100/100
|move|p1a: almighty skunk|Toxic Spikes|p2a: Jumpluff
|-sidestart|p2: D3NiR|move: Toxic Spikes
|
|upkeep
|turn|11
|
|t:|1743874313
|move|p2a: Jumpluff|Encore|p1a: almighty skunk
|-start|p1a: almighty skunk|Encore
|move|p1a: almighty skunk|Toxic Spikes|p2a: Jumpluff
|-sidestart|p2: D3NiR|move: Toxic Spikes
|
|upkeep
|turn|12
|
|t:|1743874333
|switch|p2a: Slowking|Slowking-Galar, M|100/100
|-sideend|p2: D3NiR|move: Toxic Spikes|[of] p2a: Slowking
|switch|p1a: glegle|Smeargle, M|100/100
|-damage|p1a: glegle|88/100|[from] Spikes
|
|upkeep
|turn|13
|
|t:|1743874347
|move|p1a: glegle|Belly Drum|p1a: glegle
|-damage|p1a: glegle|38/100
|-setboost|p1a: glegle|atk|6|[from] move: Belly Drum
|move|p2a: Slowking|Future Sight|p1a: glegle
|-start|p2a: Slowking|move: Future Sight
|
|upkeep
|turn|14
|
|t:|1743874359
|switch|p2a: Alomomola|Alomomola, F|100/100
|move|p1a: glegle|Shadow Sneak|p2a: Alomomola
|-damage|p2a: Alomomola|83/100
|
|upkeep
|turn|15
|
|t:|1743874366
|move|p1a: glegle|Rapid Spin|p2a: Alomomola
|-damage|p2a: Alomomola|47/100
|-boost|p1a: glegle|spe|1
|-sideend|p1: chewfive|Spikes|[from] move: Rapid Spin|[of] p1a: glegle
|move|p2a: Alomomola|Scald|p1a: glegle
|-damage|p1a: glegle|6/100
|-status|p1a: glegle|brn
|
|-end|p1a: glegle|move: Future Sight
|-damage|p1a: glegle|0 fnt
|faint|p1a: glegle
|upkeep
|inactive|chewfive has 120 seconds left.
|
|t:|1743874403
|switch|p1a: critter skitter|Hoopa-Unbound|100/100
|turn|16
|inactive|D3NiR has 120 seconds left.
|
|t:|1743874449
|move|p2a: Alomomola|Protect|p2a: Alomomola
|-singleturn|p2a: Alomomola|Protect
|move|p1a: critter skitter|Trick Room|p1a: critter skitter
|-fieldstart|move: Trick Room|[of] p1a: critter skitter
|
|upkeep
|turn|17
|inactive|chewfive has 120 seconds left.
|
|t:|1743874481
|move|p1a: critter skitter|Psychic|p2a: Alomomola
|-damage|p2a: Alomomola|0 fnt
|faint|p2a: Alomomola
|
|upkeep
|
|t:|1743874491
|switch|p2a: Slowking|Slowking-Galar, M|100/100
|turn|18
|
|t:|1743874499
|move|p2a: Slowking|Sludge Bomb|p1a: critter skitter
|-damage|p1a: critter skitter|76/100
|move|p1a: critter skitter|Hyperspace Fury|p2a: Slowking
|-supereffective|p2a: Slowking
|-damage|p2a: Slowking|0 fnt
|-unboost|p1a: critter skitter|def|1
|faint|p2a: Slowking
|
|upkeep
|
|t:|1743874510
|switch|p2a: Gliscor|Gliscor, M|100/100 tox
|turn|19
|
|t:|1743874515
|move|p2a: Gliscor|Protect|p2a: Gliscor
|-singleturn|p2a: Gliscor|Protect
|move|p1a: critter skitter|Psychic|p2a: Gliscor
|-activate|p2a: Gliscor|move: Protect
|
|upkeep
|turn|20
|inactive|D3NiR has 120 seconds left.
|
|t:|1743874523
|move|p1a: critter skitter|Destiny Bond|p1a: critter skitter
|-singlemove|p1a: critter skitter|Destiny Bond
|move|p2a: Gliscor|Toxic|p1a: critter skitter|[miss]
|-miss|p2a: Gliscor|p1a: critter skitter
|
|-fieldend|move: Trick Room
|upkeep
|turn|21
|
|t:|1743874539
|switch|p1a: almighty skunk|Skuntank, F|50/100
|move|p2a: Gliscor|Toxic|p1a: almighty skunk
|-immune|p1a: almighty skunk
|
|upkeep
|turn|22
|
|t:|1743874557
|switch|p2a: Jumpluff|Jumpluff, F|100/100
|move|p1a: almighty skunk|Foul Play|p2a: Jumpluff
|-damage|p2a: Jumpluff|68/100
|
|upkeep
|turn|23
|
|t:|1743874564
|move|p2a: Jumpluff|Leech Seed|p1a: almighty skunk
|-start|p1a: almighty skunk|move: Leech Seed
|move|p1a: almighty skunk|Poison Jab|p2a: Jumpluff
|-supereffective|p2a: Jumpluff
|-damage|p2a: Jumpluff|0 fnt
|faint|p2a: Jumpluff
|
|upkeep
|
|t:|1743874575
|switch|p2a: Tornadus|Tornadus-Therian, M|100/100
|turn|24
|c|☆chewfive|jumpluff is really cool
|c|☆chewfive|its a cool pick
|inactive|chewfive has 120 seconds left.
|
|t:|1743874619
|switch|p1a: TERA DEATH|Torterra, F, tera:Poison|92/100
|move|p2a: Tornadus|U-turn|p1a: TERA DEATH
|-resisted|p1a: TERA DEATH
|-damage|p1a: TERA DEATH|88/100
|c|☆D3NiR|was my first evo 3 pokemon I had in a playthrough in silver over 20 years ago 😜
|inactive|D3NiR has 120 seconds left.
|c|☆chewfive|no wonder
|c|☆chewfive|i dont c it used often
|c|☆chewfive|nice pick
|
|t:|1743874652
|switch|p2a: Gliscor|Gliscor, M|100/100 tox|[from] U-turn
|
|upkeep
|turn|25
|c|☆chewfive|mine was skuntank
|c|☆chewfive|lol
|
|t:|1743874670
|move|p2a: Gliscor|Ice Fang|p1a: TERA DEATH
|-damage|p1a: TERA DEATH|79/100
|-status|p1a: TERA DEATH|frz
|cant|p1a: TERA DEATH|frz
|
|upkeep
|turn|26
|
|t:|1743874680
|switch|p2a: Iron Treads|Iron Treads|100/100
|-curestatus|p1a: TERA DEATH|frz|[msg]
|move|p1a: TERA DEATH|Leech Seed|p2a: Iron Treads
|-start|p2a: Iron Treads|move: Leech Seed
|
|-damage|p2a: Iron Treads|88/100|[from] Leech Seed|[of] p1a: TERA DEATH
|-heal|p1a: TERA DEATH|89/100|[silent]
|upkeep
|turn|27
|
|t:|1743874688
|switch|p1a: u ready?|Sinistcha|100/100
|move|p2a: Iron Treads|Earthquake|p1a: u ready?
|-resisted|p1a: u ready?
|-damage|p1a: u ready?|79/100
|
|-heal|p2a: Iron Treads|94/100|[from] item: Leftovers
|-damage|p2a: Iron Treads|82/100|[from] Leech Seed|[of] p1a: u ready?
|-heal|p1a: u ready?|94/100|[silent]
|upkeep
|turn|28
|inactive|chewfive has 120 seconds left.
|c|☆D3NiR|ha nice :)
|inactive|D3NiR has 120 seconds left.
|c|☆chewfive|no one uses him
|c|☆chewfive|they always use the same few pokes
|c|☆chewfive|i wna use snorlax too
|inactive|D3NiR has 90 seconds left.
|
|t:|1743874737
|move|p2a: Iron Treads|Knock Off|p1a: u ready?
|-supereffective|p1a: u ready?
|-damage|p1a: u ready?|38/100
|-enditem|p1a: u ready?|Big Root|[from] move: Knock Off|[of] p2a: Iron Treads
|move|p1a: u ready?|Trick Room|p1a: u ready?
|-fieldstart|move: Trick Room|[of] p1a: u ready?
|
|-heal|p2a: Iron Treads|88/100|[from] item: Leftovers
|-damage|p2a: Iron Treads|76/100|[from] Leech Seed|[of] p1a: u ready?
|-heal|p1a: u ready?|50/100|[silent]
|upkeep
|turn|29
|inactive|chewfive has 120 seconds left.
|inactive|D3NiR has 90 seconds left.
|
|t:|1743874748
|move|p1a: u ready?|Matcha Gotcha|p2a: Iron Treads
|-damage|p2a: Iron Treads|12/100
|-heal|p1a: u ready?|79/100|[from] drain|[of] p2a: Iron Treads
|move|p2a: Iron Treads|Knock Off|p1a: u ready?
|-supereffective|p1a: u ready?
|-damage|p1a: u ready?|41/100
|
|-heal|p2a: Iron Treads|18/100|[from] item: Leftovers
|-damage|p2a: Iron Treads|6/100|[from] Leech Seed|[of] p1a: u ready?
|-heal|p1a: u ready?|53/100|[silent]
|upkeep
|turn|30
|inactive|chewfive has 120 seconds left.
|inactive|D3NiR has 90 seconds left.
|
|t:|1743874762
|move|p1a: u ready?|Hex|p2a: Iron Treads
|-damage|p2a: Iron Treads|0 fnt
|faint|p2a: Iron Treads
|-end|p2a: Iron Treads|Quark Drive|[silent]
|
|upkeep
|
|t:|1743874764
|switch|p2a: Tornadus|Tornadus-Therian, M|100/100
|turn|31
|
|t:|1743874770
|move|p1a: u ready?|Hex|p2a: Tornadus
|-damage|p2a: Tornadus|72/100
|move|p2a: Tornadus|Bleakwind Storm|p1a: u ready?
|-supereffective|p1a: u ready?
|-damage|p1a: u ready?|0 fnt
|faint|p1a: u ready?
|
|upkeep
|
|t:|1743874777
|switch|p1a: critter skitter|Hoopa-Unbound|76/100
|turn|32
|
|t:|1743874792
|-terastallize|p2a: Tornadus|Steel
|move|p1a: critter skitter|Hyperspace Fury|p2a: Tornadus
|-damage|p2a: Tornadus|0 fnt
|-unboost|p1a: critter skitter|def|1
|faint|p2a: Tornadus
|
|-fieldend|move: Trick Room
|upkeep
|
|t:|1743874796
|switch|p2a: Gliscor|Gliscor, M|100/100 tox
|turn|33
|c|☆D3NiR|gg
|c|☆chewfive|gg
|-message|D3NiR forfeited.
|
|win|chewfive
|raw|chewfive's rating: 1133 &rarr; <strong>1162</strong><br />(+29 for winning)
|raw|D3NiR's rating: 1196 &rarr; <strong>1167</strong><br />(-29 for losing)
|l|☆D3NiR
|player|p2|
|l|☆chewfive
|player|p1|
