|j|☆totoaku
|j|‽tinho461237
|t:|1743790199
|gametype|singles
|player|p1|totoaku|swimmerf-gen4|1115
|player|p2|tinho461237|1|1128
|teamsize|p1|6
|teamsize|p2|6
|gen|9
|tier|[Gen 9] OU
|rated|
|rule|HP Percentage Mod: HP is shown in percentages
|rule|Endless Battle Clause: Forcing endless battles is banned
|rule|Species Clause: Limit one of each Pokémon
|rule|OHKO Clause: OHKO moves are banned
|rule|Evasion Items Clause: Evasion items are banned
|rule|Evasion Moves Clause: Evasion moves are banned
|rule|Sleep Moves Clause: Sleep-inducing moves are banned
|clearpoke
|poke|p1|Blaziken, M|
|poke|p1|Glimmora, F|
|poke|p1|Meowscarada, M|
|poke|p1|Kingambit, F|
|poke|p1|Great Tusk|
|poke|p1|Toxtricity-Low-Key, F|
|poke|p2|Tinkaton, F|
|poke|p2|Cinderace, F|
|poke|p2|Dragapult, F|
|poke|p2|Ogerpon-Wellspring, F|
|poke|p2|Gliscor, F|
|poke|p2|Zamazenta-*|
|teampreview
|inactive|Battle timer is ON: inactive players will automatically lose when time's up. (requested by tinho461237)
|
|t:|1743790232
|start
|switch|p1a: Meowscarada|Meowscarada, M, shiny|100/100
|switch|p2a: Tinkaton|Tinkaton, F|100/100
|-item|p2a: Tinkaton|Air Balloon
|turn|1
|
|t:|1743790254
|move|p1a: Meowscarada|U-turn|p2a: Tinkaton
|-start|p1a: Meowscarada|typechange|Bug|[from] ability: Protean
|-resisted|p2a: Tinkaton
|-damage|p2a: Tinkaton|91/100
|-enditem|p2a: Tinkaton|Air Balloon
|-enditem|p1a: Meowscarada|Sitrus Berry|[silent]|[from] ability: Pickpocket|[of] p1a: Meowscarada
|-item|p2a: Tinkaton|Sitrus Berry|[from] ability: Pickpocket|[of] p1a: Meowscarada
|
|t:|1743790264
|switch|p1a: Glimmora|Glimmora, F, shiny|100/100|[from] U-turn
|move|p2a: Tinkaton|Stealth Rock|p1a: Glimmora
|-sidestart|p1: totoaku|move: Stealth Rock
|
|upkeep
|turn|2
|inactive|tinho461237 has 120 seconds left.
|
|t:|1743790290
|move|p2a: Tinkaton|Thunder Wave|p1a: Glimmora
|-status|p1a: Glimmora|par
|move|p1a: Glimmora|Earth Power|p2a: Tinkaton
|-supereffective|p2a: Tinkaton
|-damage|p2a: Tinkaton|48/100
|-enditem|p2a: Tinkaton|Sitrus Berry|[eat]
|-heal|p2a: Tinkaton|72/100|[from] item: Sitrus Berry
|
|upkeep
|turn|3
|
|t:|1743790300
|move|p2a: Tinkaton|Gigaton Hammer|p1a: Glimmora
|-supereffective|p1a: Glimmora
|-damage|p1a: Glimmora|9/100 par
|-activate|p1a: Glimmora|ability: Toxic Debris
|-sidestart|p2: tinho461237|move: Toxic Spikes
|move|p1a: Glimmora|Earth Power|p2a: Tinkaton
|-supereffective|p2a: Tinkaton
|-damage|p2a: Tinkaton|27/100
|
|upkeep
|turn|4
|
|t:|1743790314
|move|p2a: Tinkaton|Thunder Wave|p1a: Glimmora
|-fail|p1a: Glimmora|par
|move|p1a: Glimmora|Earth Power|p2a: Tinkaton
|-supereffective|p2a: Tinkaton
|-damage|p2a: Tinkaton|0 fnt
|faint|p2a: Tinkaton
|
|upkeep
|inactive|tinho461237 has 120 seconds left.
|
|t:|1743790325
|switch|p2a: Gliscor|Gliscor, F|100/100
|turn|5
|inactive|tinho461237 has 120 seconds left.
|
|t:|1743790336
|move|p2a: Gliscor|Knock Off|p1a: Glimmora
|-damage|p1a: Glimmora|0 fnt
|-activate|p1a: Glimmora|ability: Toxic Debris
|-sidestart|p2: tinho461237|move: Toxic Spikes
|-enditem|p1a: Glimmora|Focus Sash|[from] move: Knock Off|[of] p2a: Gliscor
|faint|p1a: Glimmora
|
|-status|p2a: Gliscor|tox|[from] item: Toxic Orb
|upkeep
|inactive|totoaku has 120 seconds left.
|
|t:|1743790368
|switch|p1a: Great Tusk|Great Tusk|100/100
|-damage|p1a: Great Tusk|98/100|[from] Stealth Rock
|-enditem|p1a: Great Tusk|Booster Energy
|-activate|p1a: Great Tusk|ability: Protosynthesis|[fromitem]
|-start|p1a: Great Tusk|protosynthesisspe
|turn|6
|
|t:|1743790379
|-terastallize|p2a: Gliscor|Normal
|move|p1a: Great Tusk|Close Combat|p2a: Gliscor
|-supereffective|p2a: Gliscor
|-damage|p2a: Gliscor|24/100 tox
|-unboost|p1a: Great Tusk|def|1
|-unboost|p1a: Great Tusk|spd|1
|move|p2a: Gliscor|Swords Dance|p2a: Gliscor
|-boost|p2a: Gliscor|atk|2
|
|-heal|p2a: Gliscor|36/100 tox|[from] ability: Poison Heal
|upkeep
|turn|7
|
|t:|1743790391
|move|p2a: Gliscor|Protect|p2a: Gliscor
|-singleturn|p2a: Gliscor|Protect
|move|p1a: Great Tusk|Close Combat|p2a: Gliscor
|-activate|p2a: Gliscor|move: Protect
|
|-heal|p2a: Gliscor|49/100 tox|[from] ability: Poison Heal
|upkeep
|turn|8
|
|t:|1743790402
|move|p1a: Great Tusk|Close Combat|p2a: Gliscor
|-supereffective|p2a: Gliscor
|-damage|p2a: Gliscor|0 fnt
|-unboost|p1a: Great Tusk|def|1
|-unboost|p1a: Great Tusk|spd|1
|faint|p2a: Gliscor
|
|upkeep
|inactive|tinho461237 has 120 seconds left.
|
|t:|1743790431
|switch|p2a: Cinderace|Cinderace, F|100/100
|turn|9
|
|t:|1743790437
|move|p1a: Great Tusk|Headlong Rush|p2a: Cinderace
|-supereffective|p2a: Cinderace
|-damage|p2a: Cinderace|0 fnt
|-unboost|p1a: Great Tusk|def|1
|-unboost|p1a: Great Tusk|spd|1
|faint|p2a: Cinderace
|
|upkeep
|inactive|tinho461237 has 120 seconds left.
|
|t:|1743790448
|switch|p2a: Ogerpon|Ogerpon-Wellspring, F|100/100
|-status|p2a: Ogerpon|tox
|turn|10
|inactive|tinho461237 has 120 seconds left.
|
|t:|1743790466
|move|p1a: Great Tusk|Rapid Spin|p2a: Ogerpon
|-damage|p2a: Ogerpon|82/100 tox
|-boost|p1a: Great Tusk|spe|1
|-sideend|p1: totoaku|Stealth Rock|[from] move: Rapid Spin|[of] p1a: Great Tusk
|move|p2a: Ogerpon|Ivy Cudgel|p1a: Great Tusk|[anim] Ivy Cudgel Water
|-supereffective|p1a: Great Tusk
|-damage|p1a: Great Tusk|0 fnt
|faint|p1a: Great Tusk
|-end|p1a: Great Tusk|Protosynthesis|[silent]
|
|-damage|p2a: Ogerpon|76/100 tox|[from] psn
|upkeep
|
|t:|1743790492
|switch|p1a: Toxtricity|Toxtricity-Low-Key, F|100/100
|turn|11
|inactive|tinho461237 has 120 seconds left.
|
|t:|1743790512
|move|p2a: Ogerpon|Power Whip|p1a: Toxtricity|[miss]
|-miss|p2a: Ogerpon|p1a: Toxtricity
|move|p1a: Toxtricity|Charge Beam|p2a: Ogerpon
|-damage|p2a: Ogerpon|33/100 tox
|-boost|p1a: Toxtricity|spa|1
|
|-damage|p2a: Ogerpon|21/100 tox|[from] psn
|upkeep
|turn|12
|
|t:|1743790522
|move|p2a: Ogerpon|Power Whip|p1a: Toxtricity
|-resisted|p1a: Toxtricity
|-damage|p1a: Toxtricity|44/100
|move|p1a: Toxtricity|Acid Spray|p2a: Ogerpon
|-supereffective|p2a: Ogerpon
|-damage|p2a: Ogerpon|0 fnt
|faint|p2a: Ogerpon
|
|upkeep
|-message|tinho461237 forfeited.
|
|win|totoaku
|raw|totoaku's rating: 1115 &rarr; <strong>1141</strong><br />(+26 for winning)
|raw|tinho461237's rating: 1128 &rarr; <strong>1102</strong><br />(-26 for losing)
|l|‽tinho461237
|player|p2|
|l|☆totoaku
|player|p1|
