|j|☆massivesket
|j|☆scrimbongulusprime
|t:|1743783886
|gametype|singles
|player|p1|massivesket|lucas|1204
|player|p2|scrimbongulusprime|swimmer-gen4dp|1150
|teamsize|p1|6
|teamsize|p2|6
|gen|9
|tier|[Gen 9] OU
|rated|
|rule|HP Percentage Mod: HP is shown in percentages
|rule|Endless Battle Clause: Forcing endless battles is banned
|rule|Species Clause: Limit one of each Pokémon
|rule|OHKO Clause: OHKO moves are banned
|rule|Evasion Items Clause: Evasion items are banned
|rule|Evasion Moves Clause: Evasion moves are banned
|rule|Sleep Moves Clause: Sleep-inducing moves are banned
|clearpoke
|poke|p1|Azumarill, M|
|poke|p1|Serperior, M|
|poke|p1|Great Tusk|
|poke|p1|Garganacl, M|
|poke|p1|Moltres|
|poke|p1|Kingambit, M|
|poke|p2|Dragonite, M|
|poke|p2|Kommo-o, M|
|poke|p2|Weavile, M|
|poke|p2|Landorus-Therian, M|
|poke|p2|Magnezone|
|poke|p2|Dragapult, F|
|teampreview
|inactive|Battle timer is ON: inactive players will automatically lose when time's up. (requested by massivesket)
|
|t:|1743783893
|start
|switch|p1a: Femboy IX|Azumarill, M, shiny|100/100
|switch|p2a: Where is my pipe|Landorus-Therian, M|100/100
|-ability|p2a: Where is my pipe|Intimidate|boost
|-unboost|p1a: Femboy IX|atk|1
|turn|1
|
|t:|1743783902
|move|p2a: Where is my pipe|U-turn|p1a: Femboy IX
|-resisted|p1a: Femboy IX
|-damage|p1a: Femboy IX|87/100
|
|t:|1743783906
|switch|p2a: Bone zone|Magnezone, shiny|100/100|[from] U-turn
|move|p1a: Femboy IX|Belly Drum|p1a: Femboy IX
|-damage|p1a: Femboy IX|37/100
|-setboost|p1a: Femboy IX|atk|6|[from] move: Belly Drum
|-enditem|p1a: Femboy IX|Sitrus Berry|[eat]
|-heal|p1a: Femboy IX|62/100|[from] item: Sitrus Berry
|
|upkeep
|turn|2
|
|t:|1743783916
|move|p1a: Femboy IX|Aqua Jet|p2a: Bone zone
|-damage|p2a: Bone zone|9/100
|move|p2a: Bone zone|Thunderbolt|p1a: Femboy IX
|-supereffective|p1a: Femboy IX
|-damage|p1a: Femboy IX|0 fnt
|faint|p1a: Femboy IX
|
|upkeep
|
|t:|1743783922
|switch|p1a: My White Ass|Great Tusk|100/100
|turn|3
|
|t:|1743783929
|move|p1a: My White Ass|Rapid Spin|p2a: Bone zone
|-resisted|p2a: Bone zone
|-damage|p2a: Bone zone|1/100
|-boost|p1a: My White Ass|spe|1
|move|p2a: Bone zone|Flash Cannon|p1a: My White Ass
|-damage|p1a: My White Ass|35/100
|
|upkeep
|turn|4
|
|t:|1743783940
|move|p1a: My White Ass|Rapid Spin|p2a: Bone zone
|-resisted|p2a: Bone zone
|-damage|p2a: Bone zone|0 fnt
|-boost|p1a: My White Ass|spe|1
|faint|p2a: Bone zone
|
|upkeep
|
|t:|1743783948
|switch|p2a: Dragapult|Dragapult, F, shiny|100/100
|turn|5
|
|t:|1743783957
|-terastallize|p2a: Dragapult|Fire
|move|p1a: My White Ass|Ice Spinner|p2a: Dragapult
|-resisted|p2a: Dragapult
|-damage|p2a: Dragapult|83/100
|move|p2a: Dragapult|Hydro Pump|p1a: My White Ass
|-supereffective|p1a: My White Ass
|-damage|p1a: My White Ass|0 fnt
|faint|p1a: My White Ass
|-end|p1a: My White Ass|Protosynthesis|[silent]
|
|upkeep
|
|t:|1743783961
|switch|p1a: Raw Chicken|Moltres, shiny|100/100
|turn|6
|
|t:|1743783970
|switch|p1a: in garg we trust|Garganacl, M|100/100
|move|p2a: Dragapult|Hydro Pump|p1a: in garg we trust
|-supereffective|p1a: in garg we trust
|-damage|p1a: in garg we trust|42/100
|
|-heal|p1a: in garg we trust|48/100|[from] item: Leftovers
|upkeep
|turn|7
|
|t:|1743783979
|-terastallize|p1a: in garg we trust|Ghost
|move|p2a: Dragapult|Hydro Pump|p1a: in garg we trust
|-damage|p1a: in garg we trust|14/100
|move|p1a: in garg we trust|Recover|p1a: in garg we trust
|-heal|p1a: in garg we trust|64/100
|
|-heal|p1a: in garg we trust|70/100|[from] item: Leftovers
|upkeep
|turn|8
|
|t:|1743783990
|switch|p2a: Where is my pipe|Landorus-Therian, M|100/100
|-ability|p2a: Where is my pipe|Intimidate|boost
|-unboost|p1a: in garg we trust|atk|1
|move|p1a: in garg we trust|Salt Cure|p2a: Where is my pipe
|-crit|p2a: Where is my pipe
|-damage|p2a: Where is my pipe|76/100
|-start|p2a: Where is my pipe|Salt Cure
|
|-heal|p1a: in garg we trust|76/100|[from] item: Leftovers
|-damage|p2a: Where is my pipe|64/100|[from] Salt Cure
|upkeep
|turn|9
|
|t:|1743784009
|move|p2a: Where is my pipe|Rock Slide|p1a: in garg we trust
|-damage|p1a: in garg we trust|56/100
|move|p1a: in garg we trust|Iron Defense|p1a: in garg we trust
|-boost|p1a: in garg we trust|def|2
|
|-heal|p1a: in garg we trust|63/100|[from] item: Leftovers
|-damage|p2a: Where is my pipe|52/100|[from] Salt Cure
|upkeep
|turn|10
|
|t:|1743784018
|move|p2a: Where is my pipe|Earthquake|p1a: in garg we trust
|-damage|p1a: in garg we trust|44/100
|move|p1a: in garg we trust|Iron Defense|p1a: in garg we trust
|-boost|p1a: in garg we trust|def|2
|
|-heal|p1a: in garg we trust|50/100|[from] item: Leftovers
|-damage|p2a: Where is my pipe|39/100|[from] Salt Cure
|upkeep
|turn|11
|
|t:|1743784028
|switch|p2a: Boom tang tang|Kommo-o, M|100/100
|move|p1a: in garg we trust|Recover|p1a: in garg we trust
|-heal|p1a: in garg we trust|99/100
|
|-heal|p1a: in garg we trust|100/100|[from] item: Leftovers
|upkeep
|turn|12
|
|t:|1743784037
|move|p2a: Boom tang tang|Substitute|p2a: Boom tang tang
|-start|p2a: Boom tang tang|Substitute
|-damage|p2a: Boom tang tang|75/100
|move|p1a: in garg we trust|Salt Cure|p2a: Boom tang tang
|-resisted|p2a: Boom tang tang
|-activate|p2a: Boom tang tang|move: Substitute|[damage]
|
|upkeep
|turn|13
|
|t:|1743784045
|move|p2a: Boom tang tang|Clangorous Soul|p2a: Boom tang tang
|-boost|p2a: Boom tang tang|atk|1
|-boost|p2a: Boom tang tang|def|1
|-boost|p2a: Boom tang tang|spa|1
|-boost|p2a: Boom tang tang|spd|1
|-boost|p2a: Boom tang tang|spe|1
|-damage|p2a: Boom tang tang|43/100
|move|p1a: in garg we trust|Iron Defense|p1a: in garg we trust
|-boost|p1a: in garg we trust|def|2
|
|upkeep
|turn|14
|
|t:|1743784056
|move|p2a: Boom tang tang|Clangorous Soul|p2a: Boom tang tang
|-boost|p2a: Boom tang tang|atk|1
|-boost|p2a: Boom tang tang|def|1
|-boost|p2a: Boom tang tang|spa|1
|-boost|p2a: Boom tang tang|spd|1
|-boost|p2a: Boom tang tang|spe|1
|-damage|p2a: Boom tang tang|10/100
|move|p1a: in garg we trust|Body Press|p2a: Boom tang tang
|-end|p2a: Boom tang tang|Substitute
|
|upkeep
|turn|15
|
|t:|1743784066
|move|p2a: Boom tang tang|Iron Head|p1a: in garg we trust
|-damage|p1a: in garg we trust|92/100
|move|p1a: in garg we trust|Body Press|p2a: Boom tang tang
|-damage|p2a: Boom tang tang|0 fnt
|faint|p2a: Boom tang tang
|
|-heal|p1a: in garg we trust|99/100|[from] item: Leftovers
|upkeep
|
|t:|1743784076
|switch|p2a: The critter|Weavile, M|100/100
|-ability|p2a: The critter|Pressure
|turn|16
|
|t:|1743784081
|move|p2a: The critter|Knock Off|p1a: in garg we trust
|-supereffective|p1a: in garg we trust
|-damage|p1a: in garg we trust|77/100
|-enditem|p1a: in garg we trust|Leftovers|[from] move: Knock Off|[of] p2a: The critter
|-damage|p2a: The critter|91/100|[from] item: Life Orb
|move|p1a: in garg we trust|Body Press|p2a: The critter
|-supereffective|p2a: The critter
|-damage|p2a: The critter|0 fnt
|faint|p2a: The critter
|
|upkeep
|-message|scrimbongulusprime forfeited.
|
|win|massivesket
|raw|massivesket's rating: 1204 &rarr; <strong>1225</strong><br />(+21 for winning)
|raw|scrimbongulusprime's rating: 1150 &rarr; <strong>1129</strong><br />(-21 for losing)
|l|☆scrimbongulusprime
|player|p2|
