|j|☆shupple
|j|☆nube4real
|t:|1743851143
|gametype|singles
|player|p1|shupple|elesa|1206
|player|p2|nube4real|170|1220
|teamsize|p1|6
|teamsize|p2|6
|gen|9
|tier|[Gen 9] OU
|rated|
|rule|HP Percentage Mod: HP is shown in percentages
|rule|Endless Battle Clause: Forcing endless battles is banned
|rule|Species Clause: Limit one of each Pokémon
|rule|OHKO Clause: OHKO moves are banned
|rule|Evasion Items Clause: Evasion items are banned
|rule|Evasion Moves Clause: Evasion moves are banned
|rule|Sleep Moves Clause: Sleep-inducing moves are banned
|clearpoke
|poke|p1|Bellibolt, M|
|poke|p1|Rillaboom, F|
|poke|p1|Great Tusk|
|poke|p1|Dragapult, F|
|poke|p1|Kingambit, M|
|poke|p1|Cloyster, M|
|poke|p2|Mandibuzz, F|
|poke|p2|Cloyster, F|
|poke|p2|Meowscarada, F|
|poke|p2|Blissey, F|
|poke|p2|Gliscor, F|
|poke|p2|Dragonite, F|
|teampreview
|
|t:|1743851167
|start
|switch|p1a: Cloyster|Cloyster, M|100/100
|switch|p2a: Gliscor|Gliscor, F, shiny|100/100
|turn|1
|
|t:|1743851193
|switch|p2a: Blissey|Blissey, F|100/100
|move|p1a: Cloyster|Shell Smash|p1a: Cloyster
|-unboost|p1a: Cloyster|def|1
|-unboost|p1a: Cloyster|spd|1
|-boost|p1a: Cloyster|atk|2
|-boost|p1a: Cloyster|spa|2
|-boost|p1a: Cloyster|spe|2
|
|upkeep
|turn|2
|
|t:|1743851211
|-terastallize|p1a: Cloyster|Ghost
|move|p1a: Cloyster|Shell Smash|p1a: Cloyster
|-unboost|p1a: Cloyster|def|1
|-unboost|p1a: Cloyster|spd|1
|-boost|p1a: Cloyster|atk|2
|-boost|p1a: Cloyster|spa|2
|-boost|p1a: Cloyster|spe|2
|move|p2a: Blissey|Echoed Voice|p1a: Cloyster
|-immune|p1a: Cloyster
|
|upkeep
|turn|3
|
|t:|1743851229
|move|p1a: Cloyster|Shell Smash|p1a: Cloyster
|-unboost|p1a: Cloyster|def|1
|-unboost|p1a: Cloyster|spd|1
|-boost|p1a: Cloyster|atk|2
|-boost|p1a: Cloyster|spa|2
|-boost|p1a: Cloyster|spe|2
|move|p2a: Blissey|Psychic|p1a: Cloyster
|-enditem|p1a: Cloyster|Focus Sash
|-damage|p1a: Cloyster|1/100
|
|upkeep
|turn|4
|
|t:|1743851239
|move|p1a: Cloyster|Icicle Spear|p2a: Blissey
|-damage|p2a: Blissey|54/100
|-damage|p2a: Blissey|8/100
|-damage|p2a: Blissey|0 fnt
|faint|p2a: Blissey
|-hitcount|p2: Blissey|3
|
|upkeep
|
|t:|1743851270
|switch|p2a: Cloyster|Cloyster, F, shiny|100/100
|turn|5
|
|t:|1743851281
|move|p1a: Cloyster|Ice Shard|p2a: Cloyster
|-resisted|p2a: Cloyster
|-damage|p2a: Cloyster|89/100
|move|p2a: Cloyster|Rock Blast|p1a: Cloyster|[miss]
|-miss|p2a: Cloyster|p1a: Cloyster
|
|upkeep
|turn|6
|
|t:|1743851307
|move|p1a: Cloyster|Icicle Spear|p2a: Cloyster
|-resisted|p2a: Cloyster
|-damage|p2a: Cloyster|81/100
|-resisted|p2a: Cloyster
|-damage|p2a: Cloyster|74/100
|-resisted|p2a: Cloyster
|-damage|p2a: Cloyster|67/100
|-resisted|p2a: Cloyster
|-damage|p2a: Cloyster|59/100
|-resisted|p2a: Cloyster
|-damage|p2a: Cloyster|51/100
|-hitcount|p2a: Cloyster|5
|move|p2a: Cloyster|Icicle Spear|p1a: Cloyster
|-damage|p1a: Cloyster|0 fnt
|faint|p1a: Cloyster
|-hitcount|p1: Cloyster|1
|-heal|p2a: Cloyster|51/100|[from] item: Shell Bell|[of] p1: Cloyster
|
|upkeep
|
|t:|1743851328
|switch|p1a: Dragapult|Dragapult, F|100/100
|turn|7
|
|t:|1743851341
|move|p1a: Dragapult|Thunderbolt|p2a: Cloyster
|-supereffective|p2a: Cloyster
|-damage|p2a: Cloyster|0 fnt
|faint|p2a: Cloyster
|-damage|p1a: Dragapult|91/100|[from] item: Life Orb
|
|upkeep
|
|t:|1743851375
|switch|p2a: Meowscarada|Meowscarada, F|100/100
|turn|8
|
|t:|1743851384
|move|p2a: Meowscarada|Sucker Punch|p1a: Dragapult
|-start|p2a: Meowscarada|typechange|Dark|[from] ability: Protean
|-supereffective|p1a: Dragapult
|-damage|p1a: Dragapult|0 fnt
|faint|p1a: Dragapult
|
|upkeep
|
|t:|1743851396
|switch|p1a: Great Tusk|Great Tusk|100/100
|turn|9
|
|t:|1743851416
|-end|p1a: Great Tusk|Protosynthesis|[silent]
|switch|p1a: Rillaboom|Rillaboom, F|100/100
|-fieldstart|move: Grassy Terrain|[from] ability: Grassy Surge|[of] p1a: Rillaboom
|move|p2a: Meowscarada|Flower Trick|p1a: Rillaboom
|-resisted|p1a: Rillaboom
|-crit|p1a: Rillaboom
|-damage|p1a: Rillaboom|79/100
|
|-heal|p1a: Rillaboom|85/100|[from] Grassy Terrain
|upkeep
|turn|10
|
|t:|1743851434
|switch|p2a: Mandibuzz|Mandibuzz, F|100/100
|move|p1a: Rillaboom|Knock Off|p2a: Mandibuzz
|-resisted|p2a: Mandibuzz
|-damage|p2a: Mandibuzz|82/100
|-ability|p2a: Mandibuzz|Weak Armor|boost
|-unboost|p2a: Mandibuzz|def|1
|-boost|p2a: Mandibuzz|spe|2
|-enditem|p2a: Mandibuzz|Leftovers|[from] move: Knock Off|[of] p1a: Rillaboom
|-damage|p1a: Rillaboom|75/100|[from] item: Life Orb
|
|-heal|p1a: Rillaboom|81/100|[from] Grassy Terrain
|upkeep
|turn|11
|
|t:|1743851452
|switch|p1a: Bellibolt|Bellibolt, M, shiny|100/100
|move|p2a: Mandibuzz|Brave Bird|p1a: Bellibolt
|-resisted|p1a: Bellibolt
|-damage|p1a: Bellibolt|81/100
|-start|p1a: Bellibolt|Charge|Brave Bird|[from] ability: Electromorphosis
|-damage|p2a: Mandibuzz|76/100|[from] Recoil
|
|-heal|p1a: Bellibolt|87/100|[from] Grassy Terrain
|upkeep
|turn|12
|
|t:|1743851464
|move|p2a: Mandibuzz|Knock Off|p1a: Bellibolt
|-damage|p1a: Bellibolt|56/100
|-start|p1a: Bellibolt|Charge|Knock Off|[from] ability: Electromorphosis
|-enditem|p1a: Bellibolt|Heavy-Duty Boots|[from] move: Knock Off|[of] p2a: Mandibuzz
|move|p1a: Bellibolt|Soak|p2a: Mandibuzz
|-start|p2a: Mandibuzz|typechange|Water
|
|-heal|p2a: Mandibuzz|82/100|[from] Grassy Terrain
|-heal|p1a: Bellibolt|62/100|[from] Grassy Terrain
|upkeep
|turn|13
|
|t:|1743851477
|switch|p2a: Gliscor|Gliscor, F, shiny|100/100
|move|p1a: Bellibolt|Slack Off|p1a: Bellibolt
|-heal|p1a: Bellibolt|100/100
|
|-fieldend|move: Grassy Terrain
|-status|p2a: Gliscor|tox|[from] item: Toxic Orb
|upkeep
|turn|14
|
|t:|1743851495
|move|p2a: Gliscor|Earthquake|p1a: Bellibolt
|-supereffective|p1a: Bellibolt
|-damage|p1a: Bellibolt|42/100
|-start|p1a: Bellibolt|Charge|Earthquake|[from] ability: Electromorphosis
|move|p1a: Bellibolt|Soak|p2a: Gliscor
|-start|p2a: Gliscor|typechange|Water
|
|upkeep
|turn|15
|
|t:|1743851515
|switch|p2a: Dragonite|Dragonite, F|100/100
|switch|p1a: Great Tusk|Great Tusk|100/100
|
|upkeep
|turn|16
|
|t:|1743851524
|move|p1a: Great Tusk|Ice Spinner|p2a: Dragonite
|-supereffective|p2a: Dragonite
|-damage|p2a: Dragonite|38/100
|move|p2a: Dragonite|Dragon Dance|p2a: Dragonite
|-boost|p2a: Dragonite|atk|1
|-boost|p2a: Dragonite|spe|1
|
|-heal|p2a: Dragonite|44/100|[from] item: Leftovers
|upkeep
|turn|17
|
|t:|1743851538
|move|p2a: Dragonite|Dragon Dance|p2a: Dragonite
|-boost|p2a: Dragonite|atk|1
|-boost|p2a: Dragonite|spe|1
|move|p1a: Great Tusk|Ice Spinner|p2a: Dragonite
|-supereffective|p2a: Dragonite
|-damage|p2a: Dragonite|0 fnt
|faint|p2a: Dragonite
|
|upkeep
|
|t:|1743851545
|switch|p2a: Meowscarada|Meowscarada, F|100/100
|turn|18
|
|t:|1743851554
|-end|p1a: Great Tusk|Protosynthesis|[silent]
|switch|p1a: Rillaboom|Rillaboom, F|81/100
|-fieldstart|move: Grassy Terrain|[from] ability: Grassy Surge|[of] p1a: Rillaboom
|move|p2a: Meowscarada|Acrobatics|p1a: Rillaboom
|-start|p2a: Meowscarada|typechange|Flying|[from] ability: Protean
|-supereffective|p1a: Rillaboom
|-damage|p1a: Rillaboom|31/100
|
|-heal|p1a: Rillaboom|37/100|[from] Grassy Terrain
|upkeep
|turn|19
|
|t:|1743851572
|switch|p1a: Bellibolt|Bellibolt, M, shiny|42/100
|move|p2a: Meowscarada|Flower Trick|p1a: Bellibolt
|-crit|p1a: Bellibolt
|-damage|p1a: Bellibolt|13/100
|-start|p1a: Bellibolt|Charge|Flower Trick|[from] ability: Electromorphosis
|
|-heal|p1a: Bellibolt|20/100|[from] Grassy Terrain
|upkeep
|turn|20
|
|t:|1743851583
|move|p2a: Meowscarada|Flower Trick|p1a: Bellibolt
|-crit|p1a: Bellibolt
|-damage|p1a: Bellibolt|0 fnt
|faint|p1a: Bellibolt
|
|upkeep
|
|t:|1743851593
|switch|p1a: Kingambit|Kingambit, M|100/100
|-activate|p1a: Kingambit|ability: Supreme Overlord
|-start|p1a: Kingambit|fallen3|[silent]
|turn|21
|
|t:|1743851605
|move|p1a: Kingambit|Sucker Punch|p2a: Meowscarada
|-damage|p2a: Meowscarada|24/100
|move|p2a: Meowscarada|U-turn|p1a: Kingambit
|-damage|p1a: Kingambit|85/100
|
|t:|1743851617
|switch|p2a: Gliscor|Gliscor, F, shiny|100/100 tox|[from] U-turn
|
|-heal|p1a: Kingambit|91/100|[from] Grassy Terrain
|upkeep
|turn|22
|
|t:|1743851625
|-end|p1a: Kingambit|fallen3|[silent]
|switch|p1a: Great Tusk|Great Tusk|100/100
|move|p2a: Gliscor|Stealth Rock|p1a: Great Tusk
|-sidestart|p1: shupple|move: Stealth Rock
|
|-fieldend|move: Grassy Terrain
|upkeep
|turn|23
|
|t:|1743851640
|move|p2a: Gliscor|Cross Poison|p1a: Great Tusk
|-resisted|p1a: Great Tusk
|-damage|p1a: Great Tusk|95/100
|-status|p1a: Great Tusk|psn
|move|p1a: Great Tusk|Ice Spinner|p2a: Gliscor
|-supereffective|p2a: Gliscor
|-damage|p2a: Gliscor|6/100 tox
|
|-heal|p2a: Gliscor|18/100 tox|[from] ability: Poison Heal
|-damage|p1a: Great Tusk|83/100 psn|[from] psn
|upkeep
|turn|24
|
|t:|1743851652
|move|p2a: Gliscor|Protect|p2a: Gliscor
|-singleturn|p2a: Gliscor|Protect
|move|p1a: Great Tusk|Ice Spinner|p2a: Gliscor
|-activate|p2a: Gliscor|move: Protect
|
|-heal|p2a: Gliscor|30/100 tox|[from] ability: Poison Heal
|-damage|p1a: Great Tusk|71/100 psn|[from] psn
|upkeep
|turn|25
|
|t:|1743851663
|switch|p2a: Mandibuzz|Mandibuzz, F|82/100
|move|p1a: Great Tusk|Ice Spinner|p2a: Mandibuzz
|-supereffective|p2a: Mandibuzz
|-damage|p2a: Mandibuzz|38/100
|-ability|p2a: Mandibuzz|Weak Armor|boost
|-unboost|p2a: Mandibuzz|def|1
|-boost|p2a: Mandibuzz|spe|2
|
|-damage|p1a: Great Tusk|58/100 psn|[from] psn
|upkeep
|turn|26
|
|t:|1743851687
|move|p2a: Mandibuzz|Brave Bird|p1a: Great Tusk
|-supereffective|p1a: Great Tusk
|-damage|p1a: Great Tusk|0 fnt
|faint|p1a: Great Tusk
|-end|p1a: Great Tusk|Protosynthesis|[silent]
|-damage|p2a: Mandibuzz|22/100|[from] Recoil
|
|upkeep
|
|t:|1743851699
|switch|p1a: Kingambit|Kingambit, M|91/100
|-damage|p1a: Kingambit|85/100|[from] Stealth Rock
|-activate|p1a: Kingambit|ability: Supreme Overlord
|-start|p1a: Kingambit|fallen4|[silent]
|turn|27
|
|t:|1743851706
|move|p2a: Mandibuzz|Knock Off|p1a: Kingambit
|-resisted|p1a: Kingambit
|-damage|p1a: Kingambit|71/100
|-enditem|p1a: Kingambit|Focus Sash|[from] move: Knock Off|[of] p2a: Mandibuzz
|move|p1a: Kingambit|Swords Dance|p1a: Kingambit
|-boost|p1a: Kingambit|atk|2
|
|upkeep
|turn|28
|
|t:|1743851724
|switch|p2a: Gliscor|Gliscor, F, shiny|30/100 tox
|move|p1a: Kingambit|Low Kick|p2a: Gliscor
|-resisted|p2a: Gliscor
|-damage|p2a: Gliscor|4/100 tox
|
|-heal|p2a: Gliscor|16/100 tox|[from] ability: Poison Heal
|upkeep
|turn|29
|
|t:|1743851742
|move|p1a: Kingambit|Sucker Punch||[still]
|-fail|p1a: Kingambit
|move|p2a: Gliscor|Stealth Rock||[still]
|-fail|p2a: Gliscor
|
|-heal|p2a: Gliscor|28/100 tox|[from] ability: Poison Heal
|upkeep
|turn|30
|
|t:|1743851750
|move|p2a: Gliscor|Protect|p2a: Gliscor
|-singleturn|p2a: Gliscor|Protect
|move|p1a: Kingambit|Sucker Punch||[still]
|-fail|p1a: Kingambit
|
|-heal|p2a: Gliscor|41/100 tox|[from] ability: Poison Heal
|upkeep
|turn|31
|
|t:|1743851761
|move|p1a: Kingambit|Sucker Punch|p2a: Gliscor
|-damage|p2a: Gliscor|0 fnt
|faint|p2a: Gliscor
|
|upkeep
|
|t:|1743851766
|switch|p2a: Meowscarada|Meowscarada, F|24/100
|turn|32
|
|t:|1743851778
|switch|p2a: Mandibuzz|Mandibuzz, F|22/100
|move|p1a: Kingambit|Sucker Punch||[still]
|-fail|p1a: Kingambit
|
|upkeep
|turn|33
|
|t:|1743851788
|move|p2a: Mandibuzz|Brave Bird|p1a: Kingambit
|-resisted|p1a: Kingambit
|-damage|p1a: Kingambit|56/100
|-damage|p2a: Mandibuzz|17/100|[from] Recoil
|move|p1a: Kingambit|Low Kick|p2a: Mandibuzz
|-damage|p2a: Mandibuzz|0 fnt
|faint|p2a: Mandibuzz
|
|upkeep
|
|t:|1743851798
|switch|p2a: Meowscarada|Meowscarada, F|24/100
|turn|34
|
|t:|1743851809
|move|p2a: Meowscarada|Flower Trick|p1a: Kingambit
|-start|p2a: Meowscarada|typechange|Grass|[from] ability: Protean
|-resisted|p1a: Kingambit
|-crit|p1a: Kingambit
|-damage|p1a: Kingambit|39/100
|move|p1a: Kingambit|Low Kick|p2a: Meowscarada
|-damage|p2a: Meowscarada|0 fnt
|faint|p2a: Meowscarada
|
|win|shupple
|raw|shupple's rating: 1206 &rarr; <strong>1232</strong><br />(+26 for winning)
|raw|nube4real's rating: 1220 &rarr; <strong>1194</strong><br />(-26 for losing)
|l|☆shupple
|player|p1|
|l|☆nube4real
|player|p2|
