|j|☆roadkill52
|j|☆Josheh10
|t:|1743874788
|gametype|singles
|player|p1|roadkill52|266|1000
|player|p2|Josheh10|1|1000
|teamsize|p1|6
|teamsize|p2|6
|gen|9
|tier|[Gen 9] OU
|rated|
|rule|HP Percentage Mod: HP is shown in percentages
|rule|Endless Battle Clause: Forcing endless battles is banned
|rule|Species Clause: Limit one of each Pokémon
|rule|OHKO Clause: OHKO moves are banned
|rule|Evasion Items Clause: Evasion items are banned
|rule|Evasion Moves Clause: Evasion moves are banned
|rule|Sleep Moves Clause: Sleep-inducing moves are banned
|clearpoke
|poke|p1|Ting-Lu|
|poke|p1|Zamazenta-*|
|poke|p1|Pecharunt|
|poke|p1|Landorus-Therian, M|
|poke|p1|Cinderace, M|
|poke|p1|Kingambit, F|
|poke|p2|Blissey, F|
|poke|p2|Amoonguss, M|
|poke|p2|Bronzong|
|poke|p2|Gliscor, F|
|poke|p2|Dondozo, F|
|poke|p2|Alomomola, F|
|teampreview
|inactive|Battle timer is ON: inactive players will automatically lose when time's up. (requested by Josheh10)
|
|t:|1743874814
|start
|switch|p1a: Landorus|Landorus-Therian, M|100/100
|switch|p2a: Bronzong|Bronzong|100/100
|-ability|p1a: Landorus|Intimidate|boost
|-unboost|p2a: Bronzong|atk|1
|turn|1
|
|t:|1743874826
|move|p1a: Landorus|Stealth Rock|p2a: Bronzong
|-sidestart|p2: Josheh10|move: Stealth Rock
|move|p2a: Bronzong|Stealth Rock|p1a: Landorus
|-sidestart|p1: roadkill52|move: Stealth Rock
|
|upkeep
|turn|2
|
|t:|1743874840
|move|p1a: Landorus|U-turn|p2a: Bronzong
|-damage|p2a: Bronzong|76/100
|
|t:|1743874862
|switch|p1a: Kingambit|Kingambit, F|100/100|[from] U-turn
|-damage|p1a: Kingambit|94/100|[from] Stealth Rock
|move|p2a: Bronzong|Psychic Noise|p1a: Kingambit
|-immune|p1a: Kingambit
|
|-heal|p1a: Kingambit|100/100|[from] item: Leftovers
|-heal|p2a: Bronzong|82/100|[from] item: Leftovers
|upkeep
|turn|3
|
|t:|1743874877
|move|p2a: Bronzong|Protect|p2a: Bronzong
|-singleturn|p2a: Bronzong|Protect
|move|p1a: Kingambit|Swords Dance|p1a: Kingambit
|-boost|p1a: Kingambit|atk|2
|
|-heal|p2a: Bronzong|88/100|[from] item: Leftovers
|upkeep
|turn|4
|
|t:|1743874887
|-terastallize|p2a: Bronzong|Fighting
|move|p1a: Kingambit|Kowtow Cleave|p2a: Bronzong
|-resisted|p2a: Bronzong
|-damage|p2a: Bronzong|40/100
|move|p2a: Bronzong|Body Press|p1a: Kingambit
|-supereffective|p1a: Kingambit
|-damage|p1a: Kingambit|1/100
|
|-heal|p1a: Kingambit|7/100|[from] item: Leftovers
|-heal|p2a: Bronzong|46/100|[from] item: Leftovers
|upkeep
|turn|5
|
|t:|1743874902
|move|p2a: Bronzong|Protect|p2a: Bronzong
|-singleturn|p2a: Bronzong|Protect
|move|p1a: Kingambit|Iron Head|p2a: Bronzong
|-activate|p2a: Bronzong|move: Protect
|
|-heal|p1a: Kingambit|13/100|[from] item: Leftovers
|-heal|p2a: Bronzong|53/100|[from] item: Leftovers
|upkeep
|turn|6
|
|t:|1743874908
|move|p1a: Kingambit|Iron Head|p2a: Bronzong
|-damage|p2a: Bronzong|0 fnt
|faint|p2a: Bronzong
|
|-heal|p1a: Kingambit|19/100|[from] item: Leftovers
|upkeep
|
|t:|1743874918
|switch|p2a: Gliscor|Gliscor, F|100/100
|-damage|p2a: Gliscor|88/100|[from] Stealth Rock
|turn|7
|
|t:|1743874928
|move|p1a: Kingambit|Sucker Punch|p2a: Gliscor
|-damage|p2a: Gliscor|20/100
|move|p2a: Gliscor|Earthquake|p1a: Kingambit
|-supereffective|p1a: Kingambit
|-damage|p1a: Kingambit|0 fnt
|faint|p1a: Kingambit
|-end|p1a: Kingambit|fallenundefined|[silent]
|
|-status|p2a: Gliscor|tox|[from] item: Toxic Orb
|upkeep
|inactive|roadkill52 has 120 seconds left.
|
|t:|1743874955
|switch|p1a: Pecharunt|Pecharunt|100/100
|turn|8
|
|t:|1743874967
|move|p1a: Pecharunt|Hex|p2a: Gliscor
|-damage|p2a: Gliscor|0 fnt
|faint|p2a: Gliscor
|
|upkeep
|
|t:|1743874989
|switch|p2a: Dondozo|Dondozo, F|100/100
|turn|9
|
|t:|1743875009
|move|p1a: Pecharunt|Parting Shot|p2a: Dondozo
|-unboost|p2a: Dondozo|atk|1
|-unboost|p2a: Dondozo|spa|1
|inactive|roadkill52 has 120 seconds left.
|
|t:|1743875020
|switch|p1a: Landorus|Landorus-Therian, M|100/100|[from] Parting Shot
|-damage|p1a: Landorus|88/100|[from] Stealth Rock
|-ability|p1a: Landorus|Intimidate|boost
|-unboost|p2a: Dondozo|atk|1
|move|p2a: Dondozo|Curse|p2a: Dondozo
|-unboost|p2a: Dondozo|spe|1
|-boost|p2a: Dondozo|atk|1
|-boost|p2a: Dondozo|def|1
|
|upkeep
|turn|10
|inactive|roadkill52 has 120 seconds left.
|
|t:|1743875040
|move|p1a: Landorus|U-turn|p2a: Dondozo
|-damage|p2a: Dondozo|92/100
|
|t:|1743875048
|switch|p1a: Pecharunt|Pecharunt|100/100|[from] U-turn
|move|p2a: Dondozo|Curse|p2a: Dondozo
|-unboost|p2a: Dondozo|spe|1
|-boost|p2a: Dondozo|atk|1
|-boost|p2a: Dondozo|def|1
|
|upkeep
|turn|11
|inactive|roadkill52 has 120 seconds left.
|
|t:|1743875060
|move|p1a: Pecharunt|Malignant Chain|p2a: Dondozo
|-damage|p2a: Dondozo|63/100
|-status|p2a: Dondozo|tox
|-start|p2a: Dondozo|confusion|[from] ability: Poison Puppeteer|[of] p1a: Pecharunt
|-activate|p2a: Dondozo|confusion
|move|p2a: Dondozo|Avalanche|p1a: Pecharunt
|-crit|p1a: Pecharunt
|-damage|p1a: Pecharunt|77/100
|
|-damage|p2a: Dondozo|57/100 tox|[from] psn
|upkeep
|turn|12
|inactive|roadkill52 has 120 seconds left.
|
|t:|1743875072
|move|p1a: Pecharunt|Malignant Chain|p2a: Dondozo
|-damage|p2a: Dondozo|26/100 tox
|-activate|p2a: Dondozo|confusion
|move|p2a: Dondozo|Curse|p2a: Dondozo
|-unboost|p2a: Dondozo|spe|1
|-boost|p2a: Dondozo|atk|1
|-boost|p2a: Dondozo|def|1
|
|-damage|p2a: Dondozo|14/100 tox|[from] psn
|upkeep
|turn|13
|inactive|roadkill52 has 120 seconds left.
|
|t:|1743875087
|move|p1a: Pecharunt|Parting Shot|p2a: Dondozo
|-unboost|p2a: Dondozo|atk|1
|-unboost|p2a: Dondozo|spa|1
|
|t:|1743875096
|switch|p1a: Zamazenta|Zamazenta|100/100|[from] Parting Shot
|-damage|p1a: Zamazenta|94/100|[from] Stealth Rock
|-ability|p1a: Zamazenta|Dauntless Shield|boost
|-boost|p1a: Zamazenta|def|1
|-activate|p2a: Dondozo|confusion
|-damage|p2a: Dondozo|12/100 tox|[from] confusion
|
|-heal|p1a: Zamazenta|100/100|[from] item: Leftovers
|-damage|p2a: Dondozo|0 fnt|[from] psn
|faint|p2a: Dondozo
|upkeep
|
|t:|1743875111
|switch|p2a: Amoonguss|Amoonguss, M|100/100
|turn|14
|inactive|roadkill52 has 120 seconds left.
|
|t:|1743875122
|move|p2a: Amoonguss|Toxic|p1a: Zamazenta
|-status|p1a: Zamazenta|tox
|move|p1a: Zamazenta|Roar|p2a: Amoonguss
|drag|p2a: Alomomola|Alomomola, F|100/100
|
|-damage|p1a: Zamazenta|94/100 tox|[from] psn
|upkeep
|turn|15
|
|t:|1743875134
|move|p1a: Zamazenta|Iron Defense|p1a: Zamazenta
|-boost|p1a: Zamazenta|def|2
|move|p2a: Alomomola|Wish|p2a: Alomomola
|
|-heal|p1a: Zamazenta|100/100 tox|[from] item: Leftovers
|-damage|p1a: Zamazenta|88/100 tox|[from] psn
|upkeep
|turn|16
|
|t:|1743875143
|move|p1a: Zamazenta|Body Press|p2a: Alomomola
|-damage|p2a: Alomomola|51/100
|move|p2a: Alomomola|Scald|p1a: Zamazenta
|-damage|p1a: Zamazenta|78/100 tox
|
|-heal|p2a: Alomomola|100/100|[from] move: Wish|[wisher] Alomomola
|-heal|p1a: Zamazenta|84/100 tox|[from] item: Leftovers
|-damage|p1a: Zamazenta|65/100 tox|[from] psn
|upkeep
|turn|17
|
|t:|1743875155
|move|p1a: Zamazenta|Iron Defense|p1a: Zamazenta
|-boost|p1a: Zamazenta|def|2
|move|p2a: Alomomola|Wish|p2a: Alomomola
|
|-heal|p1a: Zamazenta|72/100 tox|[from] item: Leftovers
|-damage|p1a: Zamazenta|47/100 tox|[from] psn
|upkeep
|turn|18
|
|t:|1743875182
|move|p1a: Zamazenta|Body Press|p2a: Alomomola
|-damage|p2a: Alomomola|28/100
|move|p2a: Alomomola|Scald|p1a: Zamazenta
|-damage|p1a: Zamazenta|37/100 tox
|
|-heal|p2a: Alomomola|78/100|[from] move: Wish|[wisher] Alomomola
|-heal|p1a: Zamazenta|43/100 tox|[from] item: Leftovers
|-damage|p1a: Zamazenta|12/100 tox|[from] psn
|upkeep
|turn|19
|
|t:|1743875192
|move|p2a: Alomomola|Protect|p2a: Alomomola
|-singleturn|p2a: Alomomola|Protect
|move|p1a: Zamazenta|Body Press|p2a: Alomomola
|-activate|p2a: Alomomola|move: Protect
|
|-heal|p1a: Zamazenta|18/100 tox|[from] item: Leftovers
|-damage|p1a: Zamazenta|0 fnt|[from] psn
|faint|p1a: Zamazenta
|upkeep
|
|t:|1743875208
|switch|p1a: Pecharunt|Pecharunt|77/100
|turn|20
|
|t:|1743875219
|move|p1a: Pecharunt|Malignant Chain|p2a: Alomomola
|-damage|p2a: Alomomola|48/100
|move|p2a: Alomomola|Flip Turn|p1a: Pecharunt
|-damage|p1a: Pecharunt|68/100
|
|t:|1743875224
|switch|p2a: Amoonguss|Amoonguss, M|100/100|[from] Flip Turn
|
|upkeep
|turn|21
|
|t:|1743875235
|move|p1a: Pecharunt|Malignant Chain|p2a: Amoonguss
|-damage|p2a: Amoonguss|71/100
|move|p2a: Amoonguss|Foul Play|p1a: Pecharunt
|-supereffective|p1a: Pecharunt
|-damage|p1a: Pecharunt|50/100
|
|upkeep
|turn|22
|
|t:|1743875251
|move|p1a: Pecharunt|Parting Shot|p2a: Amoonguss
|-unboost|p2a: Amoonguss|atk|1
|-unboost|p2a: Amoonguss|spa|1
|
|t:|1743875255
|switch|p1a: Ting-Lu|Ting-Lu|100/100|[from] Parting Shot
|-damage|p1a: Ting-Lu|94/100|[from] Stealth Rock
|-ability|p1a: Ting-Lu|Vessel of Ruin
|move|p2a: Amoonguss|Foul Play|p1a: Ting-Lu
|-resisted|p1a: Ting-Lu
|-damage|p1a: Ting-Lu|88/100
|
|-heal|p1a: Ting-Lu|94/100|[from] item: Leftovers
|upkeep
|turn|23
|
|t:|1743875278
|-terastallize|p1a: Ting-Lu|Poison
|move|p1a: Ting-Lu|Ruination|p2a: Amoonguss
|-damage|p2a: Amoonguss|36/100
|move|p2a: Amoonguss|Toxic|p1a: Ting-Lu
|-immune|p1a: Ting-Lu
|
|-heal|p1a: Ting-Lu|99/100|[from] item: Leftovers
|upkeep
|turn|24
|
|t:|1743875294
|switch|p2a: Alomomola|Alomomola, F|81/100
|move|p1a: Ting-Lu|Ruination|p2a: Alomomola|[miss]
|-miss|p1a: Ting-Lu|p2a: Alomomola
|
|-heal|p1a: Ting-Lu|100/100|[from] item: Leftovers
|upkeep
|turn|25
|
|t:|1743875304
|move|p1a: Ting-Lu|Ruination|p2a: Alomomola
|-damage|p2a: Alomomola|41/100
|move|p2a: Alomomola|Scald|p1a: Ting-Lu
|-damage|p1a: Ting-Lu|95/100
|
|-heal|p1a: Ting-Lu|100/100|[from] item: Leftovers
|upkeep
|turn|26
|
|t:|1743875317
|move|p2a: Alomomola|Protect|p2a: Alomomola
|-singleturn|p2a: Alomomola|Protect
|move|p1a: Ting-Lu|Ruination|p2a: Alomomola
|-activate|p2a: Alomomola|move: Protect
|
|upkeep
|turn|27
|
|t:|1743875323
|move|p1a: Ting-Lu|Ruination|p2a: Alomomola|[miss]
|-miss|p1a: Ting-Lu|p2a: Alomomola
|move|p2a: Alomomola|Wish|p2a: Alomomola
|
|upkeep
|turn|28
|
|t:|1743875330
|move|p2a: Alomomola|Protect|p2a: Alomomola
|-singleturn|p2a: Alomomola|Protect
|move|p1a: Ting-Lu|Whirlwind|p2a: Alomomola
|drag|p2a: Amoonguss|Amoonguss, M|69/100
|
|-heal|p2a: Amoonguss|100/100|[from] move: Wish|[wisher] Alomomola
|upkeep
|turn|29
|
|t:|1743875349
|move|p1a: Ting-Lu|Ruination|p2a: Amoonguss|[miss]
|-miss|p1a: Ting-Lu|p2a: Amoonguss
|move|p2a: Amoonguss|Foul Play|p1a: Ting-Lu
|-damage|p1a: Ting-Lu|86/100
|
|-heal|p1a: Ting-Lu|93/100|[from] item: Leftovers
|upkeep
|turn|30
|
|t:|1743875359
|move|p1a: Ting-Lu|Ruination|p2a: Amoonguss
|-damage|p2a: Amoonguss|51/100
|move|p2a: Amoonguss|Foul Play|p1a: Ting-Lu
|-damage|p1a: Ting-Lu|79/100
|
|-heal|p1a: Ting-Lu|86/100|[from] item: Leftovers
|upkeep
|turn|31
|
|t:|1743875366
|move|p1a: Ting-Lu|Ruination|p2a: Amoonguss|[miss]
|-miss|p1a: Ting-Lu|p2a: Amoonguss
|move|p2a: Amoonguss|Synthesis|p2a: Amoonguss
|-heal|p2a: Amoonguss|100/100
|
|-heal|p1a: Ting-Lu|92/100|[from] item: Leftovers
|upkeep
|turn|32
|-message|Josheh10 forfeited.
|
|win|roadkill52
|raw|roadkill52's rating: 1000 &rarr; <strong>1040</strong><br />(+40 for winning)
|raw|Josheh10's rating: 1000 &rarr; <strong>1000</strong><br />(+0 for losing)
|l|☆Josheh10
|player|p2|
