|j|☆milkified._.snow
|j|☆Pikaalonzo
|t:|1743864678
|gametype|singles
|player|p1|milkified._.snow|pokekid|1124
|player|p2|Pikaalonzo|teacher|1134
|teamsize|p1|6
|teamsize|p2|6
|gen|9
|tier|[Gen 9] OU
|rated|
|rule|HP Percentage Mod: HP is shown in percentages
|rule|Endless Battle Clause: Forcing endless battles is banned
|rule|Species Clause: Limit one of each Pokémon
|rule|OHKO Clause: OHKO moves are banned
|rule|Evasion Items Clause: Evasion items are banned
|rule|Evasion Moves Clause: Evasion moves are banned
|rule|Sleep Moves Clause: Sleep-inducing moves are banned
|clearpoke
|poke|p1|Meowscarada, F|
|poke|p1|Ceruledge, M|
|poke|p1|Pawmot, M|
|poke|p1|Corviknight, M|
|poke|p1|Blastoise, M|
|poke|p1|Gardevoir, F|
|poke|p2|Dragonite, F|
|poke|p2|Cinccino, F|
|poke|p2|Tinkaton, F|
|poke|p2|Zoroark-Hisui, M|
|poke|p2|Dachsbun, M|
|poke|p2|Reuniclus, M|
|teampreview
|c|☆milkified._.snow|do you play pokerogue
|c|☆milkified._.snow|by chance
|
|t:|1743864717
|start
|switch|p1a: Phoenix|Ceruledge, M, shiny|100/100
|switch|p2a: Dachsbun|Dachsbun, M, shiny|100/100
|turn|1
|-activate|p1a: Phoenix|item: Quick Claw
|
|t:|1743864732
|move|p1a: Phoenix|Swords Dance|p1a: Phoenix
|-boost|p1a: Phoenix|atk|2
|move|p2a: Dachsbun|Bitter Malice|p1a: Phoenix
|-supereffective|p1a: Phoenix
|-damage|p1a: Phoenix|20/100
|-unboost|p1a: Phoenix|atk|1
|
|upkeep
|turn|2
|
|t:|1743864756
|move|p2a: Dachsbun|Bitter Malice|p1a: Phoenix
|-supereffective|p1a: Phoenix
|-damage|p1a: Phoenix|0 fnt
|faint|p1a: Phoenix
|
|upkeep
|
|t:|1743864763
|switch|p1a: Aurelia|Corviknight, M|100/100
|turn|3
|
|t:|1743864773
|switch|p2a: Tinkaton|Tinkaton, F, shiny|100/100
|-ability|p2a: Tinkaton|Mold Breaker
|-item|p2a: Tinkaton|Air Balloon
|move|p1a: Aurelia|Tailwind|p1a: Aurelia
|-sidestart|p1: milkified._.snow|move: Tailwind
|
|upkeep
|turn|4
|
|t:|1743864809
|move|p1a: Aurelia|Body Press|p2a: Tinkaton
|-damage|p2a: Tinkaton|72/100
|-enditem|p2a: Tinkaton|Air Balloon
|move|p2a: Tinkaton|Knock Off|p1a: Aurelia
|-damage|p1a: Aurelia|80/100
|-enditem|p1a: Aurelia|Quick Claw|[from] move: Knock Off|[of] p2a: Tinkaton
|
|upkeep
|turn|5
|
|t:|1743864828
|move|p1a: Aurelia|Iron Head|p2a: Tinkaton
|-damage|p2a: Tinkaton|31/100
|move|p2a: Tinkaton|Encore|p1a: Aurelia
|-start|p1a: Aurelia|Encore
|
|upkeep
|turn|6
|
|t:|1743864836
|move|p1a: Aurelia|Iron Head|p2a: Tinkaton
|-damage|p2a: Tinkaton|0 fnt
|faint|p2a: Tinkaton
|
|-sideend|p1: milkified._.snow|move: Tailwind
|upkeep
|
|t:|1743864844
|switch|p2a: Dachsbun|Dachsbun, M, shiny|100/100
|turn|7
|
|t:|1743864848
|move|p2a: Dachsbun|Flamethrower|p1a: Aurelia
|-supereffective|p1a: Aurelia
|-damage|p1a: Aurelia|9/100
|move|p1a: Aurelia|Iron Head|p2a: Dachsbun
|-damage|p2a: Dachsbun|37/100
|replace|p2a: Zoroark|Zoroark-Hisui, M, shiny
|-end|p2a: Zoroark|Illusion
|
|upkeep
|turn|8
|
|t:|1743864861
|move|p2a: Zoroark|Flamethrower|p1a: Aurelia
|-supereffective|p1a: Aurelia
|-damage|p1a: Aurelia|0 fnt
|faint|p1a: Aurelia
|
|upkeep
|
|t:|1743864877
|switch|p1a: Willow|Meowscarada, F|100/100
|turn|9
|
|t:|1743864882
|move|p2a: Zoroark|Flamethrower|p1a: Willow
|-supereffective|p1a: Willow
|-damage|p1a: Willow|30/100
|move|p1a: Willow|Flower Trick|p2a: Zoroark
|-crit|p2a: Zoroark
|-damage|p2a: Zoroark|0 fnt
|faint|p2a: Zoroark
|
|upkeep
|
|t:|1743864896
|switch|p2a: Cinccino|Cinccino, F, shiny|100/100
|turn|10
|
|t:|1743864921
|move|p2a: Cinccino|Tidy Up|p2a: Cinccino
|-boost|p2a: Cinccino|atk|1
|-boost|p2a: Cinccino|spe|1
|move|p1a: Willow|Night Slash|p2a: Cinccino
|-damage|p2a: Cinccino|45/100
|
|upkeep
|turn|11
|
|t:|1743864929
|-terastallize|p1a: Willow|Fairy
|move|p2a: Cinccino|Triple Axel|p1a: Willow|[miss]
|-miss|p2a: Cinccino|p1a: Willow
|move|p1a: Willow|Night Slash|p2a: Cinccino
|-damage|p2a: Cinccino|0 fnt
|faint|p2a: Cinccino
|
|upkeep
|
|t:|1743864936
|switch|p2a: Dragonite|Dragonite, F|100/100
|turn|12
|
|t:|1743864939
|move|p2a: Dragonite|Extreme Speed|p1a: Willow
|-damage|p1a: Willow|0 fnt
|faint|p1a: Willow
|
|upkeep
|
|t:|1743864951
|switch|p1a: Big back|Blastoise, M|100/100
|turn|13
|
|t:|1743864963
|move|p2a: Dragonite|Dragon Claw|p1a: Big back
|-damage|p1a: Big back|55/100
|move|p1a: Big back|Shell Smash|p1a: Big back
|-unboost|p1a: Big back|def|1
|-unboost|p1a: Big back|spd|1
|-boost|p1a: Big back|atk|2
|-boost|p1a: Big back|spa|2
|-boost|p1a: Big back|spe|2
|-enditem|p1a: Big back|White Herb
|-clearnegativeboost|p1a: Big back|[silent]
|
|upkeep
|turn|14
|
|t:|1743864980
|move|p2a: Dragonite|Extreme Speed|p1a: Big back
|-damage|p1a: Big back|21/100
|move|p1a: Big back|Avalanche|p2a: Dragonite
|-supereffective|p2a: Dragonite
|-damage|p2a: Dragonite|0 fnt
|faint|p2a: Dragonite
|
|upkeep
|
|t:|1743864989
|switch|p2a: Dachsbun|Dachsbun, M, shiny|100/100
|turn|15
|
|t:|1743865010
|move|p1a: Big back|Aqua Jet|p2a: Dachsbun
|-damage|p2a: Dachsbun|58/100
|move|p2a: Dachsbun|Play Rough|p1a: Big back
|-damage|p1a: Big back|0 fnt
|faint|p1a: Big back
|
|upkeep
|
|t:|1743865032
|switch|p1a: Astrid|Gardevoir, F|100/100
|turn|16
|
|t:|1743865062
|move|p1a: Astrid|Psychic|p2a: Dachsbun
|-damage|p2a: Dachsbun|0 fnt
|faint|p2a: Dachsbun
|
|upkeep
|
|t:|1743865065
|switch|p2a: Reuniclus|Reuniclus, M|100/100
|turn|17
|
|t:|1743865079
|move|p1a: Astrid|Psychic|p2a: Reuniclus
|-resisted|p2a: Reuniclus
|-damage|p2a: Reuniclus|75/100
|move|p2a: Reuniclus|Psychic Noise|p1a: Astrid
|-resisted|p1a: Astrid
|-damage|p1a: Astrid|79/100
|-start|p1a: Astrid|move: Heal Block
|
|upkeep
|turn|18
|
|t:|1743865097
|move|p1a: Astrid|Psychic|p2a: Reuniclus
|-resisted|p2a: Reuniclus
|-damage|p2a: Reuniclus|49/100
|move|p2a: Reuniclus|Psychic Noise|p1a: Astrid
|-resisted|p1a: Astrid
|-damage|p1a: Astrid|58/100
|
|-end|p1a: Astrid|move: Heal Block
|upkeep
|turn|19
|
|t:|1743865106
|move|p1a: Astrid|Psychic|p2a: Reuniclus
|-resisted|p2a: Reuniclus
|-damage|p2a: Reuniclus|25/100
|-enditem|p2a: Reuniclus|Aguav Berry|[eat]
|-heal|p2a: Reuniclus|58/100|[from] item: Aguav Berry
|move|p2a: Reuniclus|Psychic Noise|p1a: Astrid
|-resisted|p1a: Astrid
|-damage|p1a: Astrid|37/100
|-start|p1a: Astrid|move: Heal Block
|
|upkeep
|turn|20
|
|t:|1743865116
|move|p1a: Astrid|Psychic|p2a: Reuniclus
|-resisted|p2a: Reuniclus
|-damage|p2a: Reuniclus|32/100
|move|p2a: Reuniclus|Psychic Noise|p1a: Astrid
|-resisted|p1a: Astrid
|-damage|p1a: Astrid|16/100
|
|-end|p1a: Astrid|move: Heal Block
|upkeep
|turn|21
|
|t:|1743865134
|move|p1a: Astrid|Psychic|p2a: Reuniclus
|-resisted|p2a: Reuniclus
|-damage|p2a: Reuniclus|7/100
|move|p2a: Reuniclus|Recover|p2a: Reuniclus
|-heal|p2a: Reuniclus|57/100
|
|upkeep
|turn|22
|
|t:|1743865140
|move|p1a: Astrid|Psychic|p2a: Reuniclus
|-resisted|p2a: Reuniclus
|-damage|p2a: Reuniclus|31/100
|-unboost|p2a: Reuniclus|spd|1
|move|p2a: Reuniclus|Recover|p2a: Reuniclus
|-heal|p2a: Reuniclus|81/100
|
|upkeep
|turn|23
|
|t:|1743865162
|move|p1a: Astrid|Psychic|p2a: Reuniclus
|-resisted|p2a: Reuniclus
|-damage|p2a: Reuniclus|39/100
|move|p2a: Reuniclus|Calm Mind|p2a: Reuniclus
|-boost|p2a: Reuniclus|spa|1
|-boost|p2a: Reuniclus|spd|1
|
|upkeep
|turn|24
|
|t:|1743865169
|move|p1a: Astrid|Psychic|p2a: Reuniclus
|-resisted|p2a: Reuniclus
|-damage|p2a: Reuniclus|11/100
|move|p2a: Reuniclus|Recover|p2a: Reuniclus
|-heal|p2a: Reuniclus|61/100
|
|upkeep
|turn|25
|
|t:|1743865182
|move|p1a: Astrid|Psychic|p2a: Reuniclus
|-resisted|p2a: Reuniclus
|-damage|p2a: Reuniclus|36/100
|move|p2a: Reuniclus|Recover|p2a: Reuniclus
|-heal|p2a: Reuniclus|86/100
|
|upkeep
|turn|26
|
|t:|1743865188
|move|p1a: Astrid|Psychic|p2a: Reuniclus
|-resisted|p2a: Reuniclus
|-damage|p2a: Reuniclus|60/100
|move|p2a: Reuniclus|Psychic Noise|p1a: Astrid
|-resisted|p1a: Astrid
|-damage|p1a: Astrid|0 fnt
|faint|p1a: Astrid
|
|upkeep
|
|t:|1743865204
|switch|p1a: First aid kit|Pawmot, M|100/100
|turn|27
|
|t:|1743865212
|move|p1a: First aid kit|Revival Blessing|p1a: First aid kit
|
|t:|1743865214
|-heal|p1: Willow|50/100|[from] move: Revival Blessing
|move|p2a: Reuniclus|Psychic Noise|p1a: First aid kit
|-supereffective|p1a: First aid kit
|-damage|p1a: First aid kit|0 fnt
|faint|p1a: First aid kit
|
|upkeep
|
|t:|1743865223
|switch|p1a: Willow|Meowscarada, F|50/100
|turn|28
|
|t:|1743865229
|-terastallize|p2a: Reuniclus|Ghost
|move|p1a: Willow|Night Slash|p2a: Reuniclus
|-supereffective|p2a: Reuniclus
|-damage|p2a: Reuniclus|0 fnt
|faint|p2a: Reuniclus
|
|win|milkified._.snow
|raw|milkified._.snow's rating: 1124 &rarr; <strong>1150</strong><br />(+26 for winning)
|raw|Pikaalonzo's rating: 1134 &rarr; <strong>1108</strong><br />(-26 for losing)
|l|☆Pikaalonzo
|player|p2|
|l|☆milkified._.snow
|player|p1|
