|j|☆mrguestbs
|j|‽Skssn
|t:|1743918502
|gametype|singles
|player|p1|mrguestbs|roxie|1159
|player|p2|Skssn|n|1197
|teamsize|p1|6
|teamsize|p2|6
|gen|9
|tier|[Gen 9] OU
|rated|
|rule|HP Percentage Mod: HP is shown in percentages
|rule|Endless Battle Clause: Forcing endless battles is banned
|rule|Species Clause: Limit one of each Pokémon
|rule|OHKO Clause: OHKO moves are banned
|rule|Evasion Items Clause: Evasion items are banned
|rule|Evasion Moves Clause: Evasion moves are banned
|rule|Sleep Moves Clause: Sleep-inducing moves are banned
|clearpoke
|poke|p1|Kilowattrel, M|
|poke|p1|Pecharunt|
|poke|p1|Kleavor, F|
|poke|p1|Enamorus, F|
|poke|p1|Maushold-Four|
|poke|p1|Tyranitar, M|
|poke|p2|Zamazenta-*|
|poke|p2|Ogerpon-Wellspring, F|
|poke|p2|Slowking-Galar, M|
|poke|p2|Great Tusk|
|poke|p2|Kingambit, M|
|poke|p2|Zapdos|
|teampreview
|inactive|Battle timer is ON: inactive players will automatically lose when time's up. (requested by Skssn)
|
|t:|1743918514
|start
|switch|p1a: Maushold|Maushold-Four|100/100
|switch|p2a: Ogerpon|Ogerpon-Wellspring, F|100/100
|turn|1
|
|t:|1743918524
|switch|p2a: Zapdos|Zapdos|100/100
|move|p1a: Maushold|Population Bomb|p2a: Zapdos
|-damage|p2a: Zapdos|92/100
|-status|p1a: Maushold|par|[from] ability: Static|[of] p2a: Zapdos
|-crit|p2a: Zapdos
|-damage|p2a: Zapdos|79/100
|-damage|p2a: Zapdos|70/100
|-damage|p2a: Zapdos|61/100
|-damage|p2a: Zapdos|52/100
|-damage|p2a: Zapdos|43/100
|-damage|p2a: Zapdos|35/100
|-damage|p2a: Zapdos|26/100
|-damage|p2a: Zapdos|17/100
|-crit|p2a: Zapdos
|-damage|p2a: Zapdos|4/100
|-hitcount|p2a: Zapdos|10
|
|upkeep
|turn|2
|
|t:|1743918542
|move|p2a: Zapdos|Hurricane|p1a: Maushold|[miss]
|-miss|p2a: Zapdos|p1a: Maushold
|cant|p1a: Maushold|par
|
|upkeep
|turn|3
|
|t:|1743918547
|move|p2a: Zapdos|Hurricane|p1a: Maushold
|-damage|p1a: Maushold|28/100 par
|-start|p1a: Maushold|confusion
|-activate|p1a: Maushold|confusion
|move|p1a: Maushold|Tidy Up|p1a: Maushold
|-boost|p1a: Maushold|atk|1
|-boost|p1a: Maushold|spe|1
|
|upkeep
|turn|4
|
|t:|1743918556
|-activate|p1a: Maushold|confusion
|cant|p1a: Maushold|par
|move|p2a: Zapdos|Volt Switch|p1a: Maushold
|-damage|p1a: Maushold|0 fnt
|faint|p1a: Maushold
|
|t:|1743918573
|switch|p2a: Ogerpon|Ogerpon-Wellspring, F|100/100|[from] Volt Switch
|
|upkeep
|
|t:|1743918589
|switch|p1a: Pecharunt|Pecharunt|100/100
|turn|5
|
|t:|1743918597
|move|p2a: Ogerpon|U-turn|p1a: Pecharunt
|-resisted|p1a: Pecharunt
|-damage|p1a: Pecharunt|97/100
|
|t:|1743918599
|switch|p2a: Kingambit|Kingambit, M|100/100|[from] U-turn
|move|p1a: Pecharunt|Malignant Chain|p2a: Kingambit
|-immune|p2a: Kingambit
|
|-heal|p1a: Pecharunt|100/100|[from] item: Leftovers
|upkeep
|turn|6
|
|t:|1743918608
|move|p1a: Pecharunt|Parting Shot|p2a: Kingambit
|-unboost|p2a: Kingambit|atk|1
|-unboost|p2a: Kingambit|spa|1
|
|t:|1743918615
|switch|p1a: Kilowattrel|Kilowattrel, M|100/100|[from] Parting Shot
|move|p2a: Kingambit|Swords Dance|p2a: Kingambit
|-boost|p2a: Kingambit|atk|2
|
|upkeep
|turn|7
|
|t:|1743918621
|move|p1a: Kilowattrel|Tailwind|p1a: Kilowattrel
|-sidestart|p1: mrguestbs|move: Tailwind
|-start|p1a: Kilowattrel|Charge|Tailwind|[from] ability: Wind Power
|move|p2a: Kingambit|Kowtow Cleave|p1a: Kilowattrel
|-enditem|p1a: Kilowattrel|Focus Sash
|-damage|p1a: Kilowattrel|1/100
|
|upkeep
|turn|8
|
|t:|1743918629
|move|p2a: Kingambit|Sucker Punch||[still]
|-fail|p2a: Kingambit
|move|p1a: Kilowattrel|Tailwind||[still]
|-fail|p1a: Kilowattrel
|
|upkeep
|turn|9
|
|t:|1743918637
|move|p2a: Kingambit|Sucker Punch||[still]
|-fail|p2a: Kingambit
|move|p1a: Kilowattrel|Tailwind||[still]
|-fail|p1a: Kilowattrel
|
|upkeep
|turn|10
|
|t:|1743918641
|move|p2a: Kingambit|Sucker Punch||[still]
|-fail|p2a: Kingambit
|move|p1a: Kilowattrel|Tailwind||[still]
|-fail|p1a: Kilowattrel
|
|-sideend|p1: mrguestbs|move: Tailwind
|upkeep
|turn|11
|
|t:|1743918647
|move|p1a: Kilowattrel|Tailwind|p1a: Kilowattrel
|-sidestart|p1: mrguestbs|move: Tailwind
|-start|p1a: Kilowattrel|Charge|Tailwind|[from] ability: Wind Power
|move|p2a: Kingambit|Kowtow Cleave|p1a: Kilowattrel
|-damage|p1a: Kilowattrel|0 fnt
|faint|p1a: Kilowattrel
|
|upkeep
|
|t:|1743918656
|switch|p1a: Enamorus|Enamorus, F|100/100
|turn|12
|
|t:|1743918680
|-end|p2a: Kingambit|fallenundefined|[silent]
|switch|p2a: Slowking|Slowking-Galar, M|100/100
|-terastallize|p1a: Enamorus|Stellar
|move|p1a: Enamorus|Tera Blast|p2a: Slowking|[anim] Tera Blast Stellar
|-damage|p2a: Slowking|79/100
|-boost|p1a: Enamorus|atk|1
|-boost|p1a: Enamorus|spa|1
|
|upkeep
|turn|13
|
|t:|1743918703
|move|p1a: Enamorus|Earth Power|p2a: Slowking
|-supereffective|p2a: Slowking
|-damage|p2a: Slowking|25/100
|move|p2a: Slowking|Sludge Bomb|p1a: Enamorus
|-supereffective|p1a: Enamorus
|-enditem|p1a: Enamorus|Focus Sash
|-damage|p1a: Enamorus|1/100
|
|upkeep
|turn|14
|
|t:|1743918714
|switch|p2a: Zapdos|Zapdos|4/100
|move|p1a: Enamorus|Tera Blast|p2a: Zapdos|[anim] Tera Blast Stellar
|-damage|p2a: Zapdos|0 fnt
|-boost|p1a: Enamorus|atk|1
|-boost|p1a: Enamorus|spa|1
|faint|p2a: Zapdos
|
|-sideend|p1: mrguestbs|move: Tailwind
|upkeep
|
|t:|1743918724
|switch|p2a: Ogerpon|Ogerpon-Wellspring, F|100/100
|turn|15
|
|t:|1743918739
|switch|p1a: Pecharunt|Pecharunt|100/100
|move|p2a: Ogerpon|Ivy Cudgel|p1a: Pecharunt|[anim] Ivy Cudgel Water
|-damage|p1a: Pecharunt|62/100
|
|-heal|p1a: Pecharunt|68/100|[from] item: Leftovers
|upkeep
|turn|16
|
|t:|1743918749
|switch|p2a: Kingambit|Kingambit, M|100/100
|-activate|p2a: Kingambit|ability: Supreme Overlord
|-start|p2a: Kingambit|fallen1|[silent]
|move|p1a: Pecharunt|Parting Shot|p2a: Kingambit
|-unboost|p2a: Kingambit|atk|1
|-unboost|p2a: Kingambit|spa|1
|
|t:|1743918759
|switch|p1a: Kleavor|Kleavor, F|100/100|[from] Parting Shot
|
|upkeep
|turn|17
|
|t:|1743918766
|-end|p2a: Kingambit|fallen1|[silent]
|switch|p2a: Ogerpon|Ogerpon-Wellspring, F|100/100
|move|p1a: Kleavor|Stone Axe|p2a: Ogerpon
|-damage|p2a: Ogerpon|44/100
|-sidestart|p2: Skssn|move: Stealth Rock
|
|upkeep
|turn|18
|
|t:|1743918774
|switch|p1a: Pecharunt|Pecharunt|68/100
|move|p2a: Ogerpon|Ivy Cudgel|p1a: Pecharunt|[anim] Ivy Cudgel Water
|-damage|p1a: Pecharunt|30/100
|
|-heal|p1a: Pecharunt|37/100|[from] item: Leftovers
|upkeep
|turn|19
|
|t:|1743918783
|move|p2a: Ogerpon|Knock Off|p1a: Pecharunt
|-supereffective|p1a: Pecharunt
|-damage|p1a: Pecharunt|0 fnt
|-enditem|p1a: Pecharunt|Leftovers|[from] move: Knock Off|[of] p2a: Ogerpon
|faint|p1a: Pecharunt
|
|upkeep
|
|t:|1743918792
|switch|p1a: Kleavor|Kleavor, F|100/100
|turn|20
|
|t:|1743918803
|move|p2a: Ogerpon|Ivy Cudgel|p1a: Kleavor|[anim] Ivy Cudgel Water
|-supereffective|p1a: Kleavor
|-damage|p1a: Kleavor|8/100
|move|p1a: Kleavor|Stone Axe|p2a: Ogerpon
|-damage|p2a: Ogerpon|0 fnt
|faint|p2a: Ogerpon
|
|upkeep
|
|t:|1743918808
|switch|p2a: Great Tusk|Great Tusk, shiny|100/100
|turn|21
|
|t:|1743918823
|move|p2a: Great Tusk|Rapid Spin|p1a: Kleavor
|-resisted|p1a: Kleavor
|-damage|p1a: Kleavor|1/100
|-boost|p2a: Great Tusk|spe|1
|-sideend|p2: Skssn|Stealth Rock|[from] move: Rapid Spin|[of] p2a: Great Tusk
|move|p1a: Kleavor|U-turn|p2a: Great Tusk
|-resisted|p2a: Great Tusk
|-damage|p2a: Great Tusk|90/100
|
|t:|1743918830
|switch|p1a: Enamorus|Enamorus, F, tera:Stellar|1/100|[from] U-turn
|
|upkeep
|turn|22
|
|t:|1743918840
|move|p2a: Great Tusk|Ice Spinner|p1a: Enamorus
|-supereffective|p1a: Enamorus
|-damage|p1a: Enamorus|0 fnt
|faint|p1a: Enamorus
|
|upkeep
|-message|mrguestbs forfeited.
|
|win|Skssn
|raw|mrguestbs's rating: 1159 &rarr; <strong>1137</strong><br />(-22 for losing)
|raw|Skssn's rating: 1197 &rarr; <strong>1219</strong><br />(+22 for winning)
|l|☆mrguestbs
|player|p1|
|l|‽Skssn
|player|p2|
