|j|☆Benshy
|j|☆thecovenant1
|t:|1743889178
|gametype|singles
|player|p1|Benshy|n|1309
|player|p2|thecovenant1|169|1334
|teamsize|p1|6
|teamsize|p2|6
|gen|9
|tier|[Gen 9] OU
|rated|
|rule|HP Percentage Mod: HP is shown in percentages
|rule|Endless Battle Clause: Forcing endless battles is banned
|rule|Species Clause: Limit one of each Pokémon
|rule|OHKO Clause: OHKO moves are banned
|rule|Evasion Items Clause: Evasion items are banned
|rule|Evasion Moves Clause: Evasion moves are banned
|rule|Sleep Moves Clause: Sleep-inducing moves are banned
|clearpoke
|poke|p1|Articuno|
|poke|p1|Tauros-Paldea-Aqua, M|
|poke|p1|Arcanine-Hisui, F|
|poke|p1|Gliscor, F|
|poke|p1|Iron Crown|
|poke|p1|Dragonite, F|
|poke|p2|Iron Treads|
|poke|p2|Darkrai|
|poke|p2|Sylveon, F|
|poke|p2|Slowking, F|
|poke|p2|Meowscarada, M|
|poke|p2|Garchomp, F|
|teampreview
|inactive|Battle timer is ON: inactive players will automatically lose when time's up. (requested by Benshy)
|inactive|thecovenant1 has 120 seconds left.
|inactive|thecovenant1 has 90 seconds left.
|
|t:|1743889250
|start
|switch|p1a: Articuno|Articuno|100/100
|switch|p2a: Frisky Fish|Garchomp, F|100/100
|-ability|p1a: Articuno|Pressure
|turn|1
|
|t:|1743889267
|switch|p2a: THE KING|Slowking, F|100/100
|move|p1a: Articuno|Ice Beam|p2a: THE KING
|-resisted|p2a: THE KING
|-damage|p2a: THE KING|90/100
|
|upkeep
|turn|2
|
|t:|1743889291
|move|p1a: Articuno|U-turn|p2a: THE KING
|-supereffective|p2a: THE KING
|-damage|p2a: THE KING|67/100
|inactive|Benshy has 120 seconds left.
|
|t:|1743889308
|switch|p1a: Iron Crown|Iron Crown|100/100|[from] U-turn
|move|p2a: THE KING|Future Sight|p1a: Iron Crown
|-start|p2a: THE KING|move: Future Sight
|
|upkeep
|turn|3
|inactive|Benshy has 120 seconds left.
|
|t:|1743889326
|move|p1a: Iron Crown|Volt Switch|p2a: THE KING
|-supereffective|p2a: THE KING
|-damage|p2a: THE KING|35/100
|
|t:|1743889330
|-end|p1a: Iron Crown|Quark Drive|[silent]
|switch|p1a: Tauros|Tauros-Paldea-Aqua, M|100/100|[from] Volt Switch
|-ability|p1a: Tauros|Intimidate|boost
|-unboost|p2a: THE KING|atk|1
|-prepare|p2a: THE KING|Chilly Reception|[premajor]
|move|p2a: THE KING|Chilly Reception|p2a: THE KING
|-weather|Snowscape
|
|t:|1743889348
|switch|p2a: lil' meow meow|Meowscarada, M, shiny|100/100|[from] Chilly Reception
|
|-weather|Snowscape|[upkeep]
|upkeep
|turn|4
|
|t:|1743889365
|-terastallize|p1a: Tauros|Fighting
|move|p2a: lil' meow meow|Flower Trick|p1a: Tauros
|-start|p2a: lil' meow meow|typechange|Grass|[from] ability: Protean
|-crit|p1a: Tauros
|-damage|p1a: Tauros|22/100
|move|p1a: Tauros|Close Combat|p2a: lil' meow meow
|-damage|p2a: lil' meow meow|0 fnt
|-unboost|p1a: Tauros|def|1
|-unboost|p1a: Tauros|spd|1
|faint|p2a: lil' meow meow
|-damage|p1a: Tauros|12/100|[from] item: Life Orb
|
|-weather|Snowscape|[upkeep]
|-end|p1a: Tauros|move: Future Sight
|-supereffective|p1a: Tauros
|-damage|p1a: Tauros|0 fnt
|faint|p1a: Tauros
|upkeep
|inactive|thecovenant1 has 120 seconds left.
|
|t:|1743889404
|switch|p2a: Cry|Darkrai|100/100
|switch|p1a: Gliscor|Gliscor, F|100/100
|turn|5
|
|t:|1743889420
|move|p1a: Gliscor|Protect|p1a: Gliscor
|-singleturn|p1a: Gliscor|Protect
|move|p2a: Cry|Ice Beam|p1a: Gliscor
|-activate|p1a: Gliscor|move: Protect
|
|-weather|Snowscape|[upkeep]
|-status|p1a: Gliscor|tox|[from] item: Toxic Orb
|upkeep
|turn|6
|
|t:|1743889439
|switch|p1a: Articuno|Articuno|100/100
|-ability|p1a: Articuno|Pressure
|move|p2a: Cry|Ice Beam|p1a: Articuno
|-damage|p1a: Articuno|83/100
|
|-weather|Snowscape|[upkeep]
|upkeep
|turn|7
|
|t:|1743889465
|switch|p2a: Frisky Fish|Garchomp, F|100/100
|move|p1a: Articuno|Ice Beam|p2a: Frisky Fish
|-supereffective|p2a: Frisky Fish
|-damage|p2a: Frisky Fish|0 fnt
|faint|p2a: Frisky Fish
|
|-weather|none
|upkeep
|
|t:|1743889476
|switch|p2a: TLM|Sylveon, F|100/100
|turn|8
|
|t:|1743889481
|move|p1a: Articuno|Hurricane|p2a: TLM
|-damage|p2a: TLM|74/100
|move|p2a: TLM|Calm Mind|p2a: TLM
|-boost|p2a: TLM|spa|1
|-boost|p2a: TLM|spd|1
|
|-heal|p2a: TLM|80/100|[from] item: Leftovers
|upkeep
|turn|9
|
|t:|1743889489
|switch|p1a: Iron Crown|Iron Crown|100/100
|move|p2a: TLM|Calm Mind|p2a: TLM
|-boost|p2a: TLM|spa|1
|-boost|p2a: TLM|spd|1
|
|-heal|p2a: TLM|87/100|[from] item: Leftovers
|upkeep
|turn|10
|inactive|thecovenant1 has 120 seconds left.
|
|t:|1743889500
|-terastallize|p2a: TLM|Poison
|move|p1a: Iron Crown|Tachyon Cutter|p2a: TLM
|-damage|p2a: TLM|78/100
|-damage|p2a: TLM|69/100
|-hitcount|p2a: TLM|2
|move|p2a: TLM|Hyper Voice|p1a: Iron Crown
|-resisted|p1a: Iron Crown
|-damage|p1a: Iron Crown|79/100
|
|-heal|p2a: TLM|75/100|[from] item: Leftovers
|upkeep
|turn|11
|
|t:|1743889509
|move|p1a: Iron Crown|Psychic Noise|p2a: TLM
|-supereffective|p2a: TLM
|-damage|p2a: TLM|44/100
|-start|p2a: TLM|move: Heal Block
|cant|p2a: TLM|move: Heal Block|Wish
|
|upkeep
|turn|12
|
|t:|1743889523
|switch|p2a: Power Treads|Iron Treads|100/100
|-item|p2a: Power Treads|Air Balloon
|move|p1a: Iron Crown|Psychic Noise|p2a: Power Treads
|-resisted|p2a: Power Treads
|-damage|p2a: Power Treads|71/100
|-start|p2a: Power Treads|move: Heal Block
|-enditem|p2a: Power Treads|Air Balloon
|
|upkeep
|turn|13
|
|t:|1743889535
|-end|p1a: Iron Crown|Quark Drive|[silent]
|switch|p1a: Articuno|Articuno|83/100
|-ability|p1a: Articuno|Pressure
|move|p2a: Power Treads|Knock Off|p1a: Articuno
|-damage|p1a: Articuno|56/100
|-enditem|p1a: Articuno|Heavy-Duty Boots|[from] move: Knock Off|[of] p2a: Power Treads
|
|-end|p2a: Power Treads|move: Heal Block
|upkeep
|turn|14
|inactive|thecovenant1 has 120 seconds left.
|-message|thecovenant1 forfeited.
|
|win|Benshy
|raw|Benshy's rating: 1309 &rarr; <strong>1330</strong><br />(+21 for winning)
|raw|thecovenant1's rating: 1334 &rarr; <strong>1313</strong><br />(-21 for losing)
|l|☆thecovenant1
|player|p2|
|l|☆Benshy
|player|p1|
