|j|☆horjan bro
|j|☆kb0911
|t:|1743900296
|gametype|singles
|player|p1|horjan bro|266|1317
|player|p2|kb0911|unknown|1233
|teamsize|p1|6
|teamsize|p2|6
|gen|9
|tier|[Gen 9] OU
|rated|
|rule|HP Percentage Mod: HP is shown in percentages
|rule|Endless Battle Clause: Forcing endless battles is banned
|rule|Species Clause: Limit one of each Pokémon
|rule|OHKO Clause: OHKO moves are banned
|rule|Evasion Items Clause: Evasion items are banned
|rule|Evasion Moves Clause: Evasion moves are banned
|rule|Sleep Moves Clause: Sleep-inducing moves are banned
|clearpoke
|poke|p1|Ting-Lu|
|poke|p1|Pachirisu, F|
|poke|p1|Greninja-*, M|
|poke|p1|Iron Moth|
|poke|p1|Iron Treads|
|poke|p1|Ogerpon-Wellspring, F|
|poke|p2|Maushold|
|poke|p2|Mimikyu, F|
|poke|p2|Meowscarada, F|
|poke|p2|Kingambit, F|
|poke|p2|Heatran, F|
|poke|p2|Primarina, M|
|teampreview
|inactive|Battle timer is ON: inactive players will automatically lose when time's up. (requested by horjan bro)
|
|t:|1743900315
|start
|switch|p1a: Ting-Lu|Ting-Lu|100/100
|switch|p2a: Meowscarada|Meowscarada, F|100/100
|-ability|p1a: Ting-Lu|Vessel of Ruin
|turn|1
|
|t:|1743900336
|switch|p1a: Iron Moth|Iron Moth|100/100
|-enditem|p1a: Iron Moth|Booster Energy
|-activate|p1a: Iron Moth|ability: Quark Drive|[fromitem]
|-start|p1a: Iron Moth|quarkdrivespe
|move|p2a: Meowscarada|Flower Trick|p1a: Iron Moth
|-start|p2a: Meowscarada|typechange|Grass|[from] ability: Protean
|-resisted|p1a: Iron Moth
|-crit|p1a: Iron Moth
|-damage|p1a: Iron Moth|81/100
|
|upkeep
|turn|2
|inactive|horjan bro has 120 seconds left.
|inactive|kb0911 has 120 seconds left.
|
|t:|1743900369
|switch|p2a: Heatran|Heatran, F|100/100
|-item|p2a: Heatran|Air Balloon
|move|p1a: Iron Moth|Sludge Wave|p2a: Heatran
|-immune|p2a: Heatran
|
|upkeep
|turn|3
|inactive|kb0911 has 120 seconds left.
|
|t:|1743900382
|-end|p1a: Iron Moth|Quark Drive|[silent]
|switch|p1a: Ting-Lu|Ting-Lu|100/100
|-ability|p1a: Ting-Lu|Vessel of Ruin
|move|p2a: Heatran|Earth Power|p1a: Ting-Lu
|-damage|p1a: Ting-Lu|86/100
|
|-heal|p1a: Ting-Lu|92/100|[from] item: Leftovers
|upkeep
|turn|4
|inactive|kb0911 has 120 seconds left.
|inactive|horjan bro has 120 seconds left.
|
|t:|1743900408
|move|p2a: Heatran|Magma Storm|p1a: Ting-Lu
|-damage|p1a: Ting-Lu|66/100
|-activate|p1a: Ting-Lu|move: Magma Storm|[of] p2a: Heatran
|move|p1a: Ting-Lu|Ruination|p2a: Heatran
|-damage|p2a: Heatran|50/100
|-enditem|p2a: Heatran|Air Balloon
|
|-heal|p1a: Ting-Lu|72/100|[from] item: Leftovers
|-damage|p1a: Ting-Lu|60/100|[from] move: Magma Storm|[partiallytrapped]
|upkeep
|turn|5
|
|t:|1743900425
|-terastallize|p2a: Heatran|Flying
|move|p2a: Heatran|Magma Storm|p1a: Ting-Lu|[miss]
|-miss|p2a: Heatran|p1a: Ting-Lu
|move|p1a: Ting-Lu|Stealth Rock|p2a: Heatran
|-sidestart|p2: kb0911|move: Stealth Rock
|
|-heal|p1a: Ting-Lu|66/100|[from] item: Leftovers
|-damage|p1a: Ting-Lu|54/100|[from] move: Magma Storm|[partiallytrapped]
|upkeep
|turn|6
|
|t:|1743900436
|move|p2a: Heatran|Protect|p2a: Heatran
|-singleturn|p2a: Heatran|Protect
|move|p1a: Ting-Lu|Whirlwind|p2a: Heatran
|drag|p2a: Maushold|Maushold|100/100
|-damage|p2a: Maushold|88/100|[from] Stealth Rock
|
|-heal|p1a: Ting-Lu|60/100|[from] item: Leftovers
|-end|p1a: Ting-Lu|Magma Storm|[partiallytrapped]|[silent]
|upkeep
|turn|7
|
|t:|1743900449
|switch|p1a: Pachirisu|Pachirisu, F|100/100
|move|p2a: Maushold|Population Bomb|p1a: Pachirisu
|-damage|p1a: Pachirisu|84/100
|-damage|p1a: Pachirisu|69/100
|-damage|p1a: Pachirisu|53/100
|-damage|p1a: Pachirisu|38/100
|-damage|p1a: Pachirisu|24/100
|-damage|p1a: Pachirisu|9/100
|-damage|p1a: Pachirisu|0 fnt
|faint|p1a: Pachirisu
|-hitcount|p1: Pachirisu|7
|
|upkeep
|
|t:|1743900463
|switch|p1a: Greninja|Greninja, M|100/100
|turn|8
|
|t:|1743900472
|-terastallize|p1a: Greninja|Water
|move|p1a: Greninja|Surf|p2a: Maushold
|-damage|p2a: Maushold|0 fnt
|faint|p2a: Maushold
|-ability|p1a: Greninja|Battle Bond|boost
|-boost|p1a: Greninja|atk|1
|-boost|p1a: Greninja|spa|1
|-boost|p1a: Greninja|spe|1
|-activate|p1a: Greninja|ability: Battle Bond
|
|upkeep
|
|t:|1743900485
|switch|p2a: Meowscarada|Meowscarada, F|100/100
|-damage|p2a: Meowscarada|88/100|[from] Stealth Rock
|turn|9
|
|t:|1743900489
|move|p1a: Greninja|Surf|p2a: Meowscarada
|-resisted|p2a: Meowscarada
|-damage|p2a: Meowscarada|0 fnt
|faint|p2a: Meowscarada
|
|upkeep
|
|t:|1743900507
|switch|p2a: Primarina|Primarina, M|100/100
|-damage|p2a: Primarina|88/100|[from] Stealth Rock
|turn|10
|
|t:|1743900516
|move|p1a: Greninja|Surf|p2a: Primarina
|-resisted|p2a: Primarina
|-damage|p2a: Primarina|50/100
|move|p2a: Primarina|Moonblast|p1a: Greninja
|-damage|p1a: Greninja|30/100
|-unboost|p1a: Greninja|spa|1
|
|upkeep
|turn|11
|
|t:|1743900526
|switch|p1a: Iron Moth|Iron Moth|81/100
|move|p2a: Primarina|Moonblast|p1a: Iron Moth
|-resisted|p1a: Iron Moth
|-damage|p1a: Iron Moth|71/100
|-unboost|p1a: Iron Moth|spa|1
|
|upkeep
|turn|12
|inactive|kb0911 has 120 seconds left.
|
|t:|1743900536
|move|p1a: Iron Moth|Sludge Wave|p2a: Primarina
|-supereffective|p2a: Primarina
|-damage|p2a: Primarina|7/100
|move|p2a: Primarina|Surf|p1a: Iron Moth
|-supereffective|p1a: Iron Moth
|-damage|p1a: Iron Moth|0 fnt
|faint|p1a: Iron Moth
|-end|p1a: Iron Moth|Quark Drive|[silent]
|
|upkeep
|
|t:|1743900546
|switch|p1a: Greninja|Greninja, M, tera:Water|30/100
|turn|13
|
|t:|1743900554
|move|p1a: Greninja|Surf|p2a: Primarina
|-resisted|p2a: Primarina
|-damage|p2a: Primarina|0 fnt
|faint|p2a: Primarina
|
|upkeep
|
|t:|1743900562
|switch|p2a: Mimikyu|Mimikyu, F|100/100
|-damage|p2a: Mimikyu|88/100|[from] Stealth Rock
|turn|14
|
|t:|1743900567
|move|p2a: Mimikyu|Shadow Sneak|p1a: Greninja
|-damage|p1a: Greninja|0 fnt
|faint|p1a: Greninja
|
|upkeep
|
|t:|1743900570
|switch|p1a: Ting-Lu|Ting-Lu|60/100
|-ability|p1a: Ting-Lu|Vessel of Ruin
|turn|15
|
|t:|1743900580
|move|p2a: Mimikyu|Swords Dance|p2a: Mimikyu
|-boost|p2a: Mimikyu|atk|2
|move|p1a: Ting-Lu|Earthquake|p2a: Mimikyu
|-activate|p2a: Mimikyu|ability: Disguise
|-damage|p2a: Mimikyu|88/100
|detailschange|p2a: Mimikyu|Mimikyu-Busted, F
|-damage|p2a: Mimikyu|76/100|[from] pokemon: Mimikyu-Busted
|
|-heal|p1a: Ting-Lu|66/100|[from] item: Leftovers
|upkeep
|turn|16
|
|t:|1743900592
|move|p2a: Mimikyu|Play Rough|p1a: Ting-Lu
|-supereffective|p1a: Ting-Lu
|-damage|p1a: Ting-Lu|5/100
|move|p1a: Ting-Lu|Whirlwind|p2a: Mimikyu
|drag|p2a: Heatran|Heatran, F, tera:Flying|50/100
|-damage|p2a: Heatran|26/100|[from] Stealth Rock
|
|-heal|p1a: Ting-Lu|12/100|[from] item: Leftovers
|upkeep
|turn|17
|
|t:|1743900602
|move|p2a: Heatran|Magma Storm|p1a: Ting-Lu
|-damage|p1a: Ting-Lu|0 fnt
|faint|p1a: Ting-Lu
|
|upkeep
|
|t:|1743900607
|switch|p1a: Ogerpon|Ogerpon-Wellspring, F|100/100
|turn|18
|
|t:|1743900614
|move|p1a: Ogerpon|Ivy Cudgel|p2a: Heatran|[anim] Ivy Cudgel Water
|-damage|p2a: Heatran|0 fnt
|faint|p2a: Heatran
|
|upkeep
|
|t:|1743900627
|switch|p2a: Mimikyu|Mimikyu-Busted, F|76/100
|-damage|p2a: Mimikyu|63/100|[from] Stealth Rock
|turn|19
|
|t:|1743900631
|move|p2a: Mimikyu|Shadow Sneak|p1a: Ogerpon
|-damage|p1a: Ogerpon|75/100
|move|p1a: Ogerpon|Ivy Cudgel|p2a: Mimikyu|[anim] Ivy Cudgel Water
|-crit|p2a: Mimikyu
|-damage|p2a: Mimikyu|0 fnt
|faint|p2a: Mimikyu
|
|upkeep
|
|t:|1743900640
|switch|p2a: Kingambit|Kingambit, F|100/100
|-damage|p2a: Kingambit|94/100|[from] Stealth Rock
|-activate|p2a: Kingambit|ability: Supreme Overlord
|-start|p2a: Kingambit|fallen5|[silent]
|turn|20
|
|t:|1743900644
|move|p2a: Kingambit|Sucker Punch|p1a: Ogerpon
|-damage|p1a: Ogerpon|4/100
|move|p1a: Ogerpon|Ivy Cudgel|p2a: Kingambit|[anim] Ivy Cudgel Water
|-damage|p2a: Kingambit|48/100
|
|-heal|p2a: Kingambit|54/100|[from] item: Leftovers
|upkeep
|turn|21
|
|t:|1743900655
|move|p2a: Kingambit|Sucker Punch|p1a: Ogerpon
|-damage|p1a: Ogerpon|0 fnt
|faint|p1a: Ogerpon
|
|-heal|p2a: Kingambit|60/100|[from] item: Leftovers
|upkeep
|
|t:|1743900656
|switch|p1a: Iron Treads|Iron Treads|100/100
|-enditem|p1a: Iron Treads|Booster Energy
|-activate|p1a: Iron Treads|ability: Quark Drive|[fromitem]
|-start|p1a: Iron Treads|quarkdrivespe
|turn|22
|
|t:|1743900667
|move|p2a: Kingambit|Sucker Punch|p1a: Iron Treads
|-damage|p1a: Iron Treads|47/100
|move|p1a: Iron Treads|Earthquake|p2a: Kingambit
|-supereffective|p2a: Kingambit
|-damage|p2a: Kingambit|0 fnt
|faint|p2a: Kingambit
|-end|p2a: Kingambit|fallen5|[silent]
|
|win|horjan bro
|raw|horjan bro's rating: 1298 &rarr; <strong>1318</strong><br />(+20 for winning)
|raw|kb0911's rating: 1233 &rarr; <strong>1213</strong><br />(-20 for losing)
|l|☆horjan bro
|player|p1|
|l|☆kb0911
|player|p2|
