|j|☆monohue
|j|☆54 Insane Rats
|t:|1743815690
|gametype|singles
|player|p1|monohue|scientist-gen4dp|1702
|player|p2|54 Insane Rats|supernerd|1675
|teamsize|p1|6
|teamsize|p2|6
|gen|9
|tier|[Gen 9] OU
|rated|
|rule|HP Percentage Mod: HP is shown in percentages
|rule|Endless Battle Clause: Forcing endless battles is banned
|rule|Species Clause: Limit one of each Pokémon
|rule|OHKO Clause: OHKO moves are banned
|rule|Evasion Items Clause: Evasion items are banned
|rule|Evasion Moves Clause: Evasion moves are banned
|rule|Sleep Moves Clause: Sleep-inducing moves are banned
|clearpoke
|poke|p1|Polteageist|
|poke|p1|Tinkaton, F|
|poke|p1|Hatterene, F|
|poke|p1|Infernape, F|
|poke|p1|Moltres-Galar|
|poke|p1|Zamazenta-*|
|poke|p2|Gholdengo|
|poke|p2|Zapdos|
|poke|p2|Walking Wake|
|poke|p2|Gliscor, F|
|poke|p2|Ting-Lu|
|poke|p2|Clefable, M|
|teampreview
|inactive|Battle timer is ON: inactive players will automatically lose when time's up. (requested by 54 Insane Rats)
|
|t:|1743815706
|start
|switch|p1a: Infernape|Infernape, F, shiny|100/100
|switch|p2a: Zapdos|Zapdos|100/100
|turn|1
|
|t:|1743815716
|-terastallize|p1a: Infernape|Ice
|move|p1a: Infernape|Tera Blast|p2a: Zapdos|[anim] Tera Blast Ice
|-supereffective|p2a: Zapdos
|-damage|p2a: Zapdos|37/100
|-damage|p1a: Infernape|91/100|[from] item: Life Orb
|move|p2a: Zapdos|Discharge|p1a: Infernape
|-damage|p1a: Infernape|35/100
|-status|p1a: Infernape|par
|
|upkeep
|turn|2
|c|☆monohue|uhh
|
|t:|1743815729
|move|p2a: Zapdos|Discharge|p1a: Infernape
|-damage|p1a: Infernape|0 fnt
|faint|p1a: Infernape
|
|upkeep
|
|t:|1743815735
|switch|p1a: Moltres|Moltres-Galar|100/100
|turn|3
|
|t:|1743815739
|move|p1a: Moltres|Fiery Wrath|p2a: Zapdos
|-damage|p2a: Zapdos|0 fnt
|faint|p2a: Zapdos
|
|upkeep
|
|t:|1743815745
|switch|p2a: Clefable|Clefable, M|100/100
|turn|4
|c|☆monohue|oh
|c|☆monohue|ok
|
|t:|1743815753
|switch|p1a: Hatterene|Hatterene, F, shiny|100/100
|move|p2a: Clefable|Moonblast|p1a: Hatterene
|-damage|p1a: Hatterene|66/100
|
|-heal|p1a: Hatterene|72/100|[from] item: Leftovers
|upkeep
|turn|5
|
|t:|1743815766
|switch|p2a: Gliscor|Gliscor, F|100/100
|move|p1a: Hatterene|Mystical Fire|p2a: Gliscor
|-damage|p2a: Gliscor|80/100
|-unboost|p2a: Gliscor|spa|1
|
|-heal|p1a: Hatterene|79/100|[from] item: Leftovers
|-status|p2a: Gliscor|tox|[from] item: Toxic Orb
|upkeep
|turn|6
|
|t:|1743815770
|switch|p1a: Tinkaton|Tinkaton, F|100/100
|-ability|p1a: Tinkaton|Mold Breaker
|move|p2a: Gliscor|Knock Off|p1a: Tinkaton
|-resisted|p1a: Tinkaton
|-damage|p1a: Tinkaton|88/100
|-enditem|p1a: Tinkaton|Focus Sash|[from] move: Knock Off|[of] p2a: Gliscor
|
|-heal|p2a: Gliscor|92/100 tox|[from] ability: Poison Heal
|upkeep
|turn|7
|
|t:|1743815776
|switch|p2a: Ting-Lu|Ting-Lu|100/100
|-ability|p2a: Ting-Lu|Vessel of Ruin
|move|p1a: Tinkaton|Stealth Rock|p2a: Ting-Lu
|-sidestart|p2: 54 Insane Rats|move: Stealth Rock
|
|upkeep
|turn|8
|
|t:|1743815782
|move|p1a: Tinkaton|Knock Off|p2a: Ting-Lu
|-resisted|p2a: Ting-Lu
|-damage|p2a: Ting-Lu|95/100
|-enditem|p2a: Ting-Lu|Leftovers|[from] move: Knock Off|[of] p1a: Tinkaton
|move|p2a: Ting-Lu|Earthquake|p1a: Tinkaton
|-supereffective|p1a: Tinkaton
|-damage|p1a: Tinkaton|0 fnt
|faint|p1a: Tinkaton
|
|upkeep
|
|t:|1743815789
|switch|p1a: Zamazenta|Zamazenta, shiny|100/100
|-ability|p1a: Zamazenta|Dauntless Shield|boost
|-boost|p1a: Zamazenta|def|1
|turn|9
|
|t:|1743815794
|move|p1a: Zamazenta|Body Press|p2a: Ting-Lu
|-supereffective|p2a: Ting-Lu
|-damage|p2a: Ting-Lu|45/100
|move|p2a: Ting-Lu|Stealth Rock|p1a: Zamazenta
|-sidestart|p1: monohue|move: Stealth Rock
|
|upkeep
|turn|10
|
|t:|1743815800
|switch|p2a: Gholdengo|Gholdengo|100/100
|-damage|p2a: Gholdengo|94/100|[from] Stealth Rock
|move|p1a: Zamazenta|Body Press|p2a: Gholdengo
|-immune|p2a: Gholdengo
|
|upkeep
|turn|11
|
|t:|1743815812
|switch|p1a: Hatterene|Hatterene, F, shiny|79/100
|-damage|p1a: Hatterene|66/100|[from] Stealth Rock
|move|p2a: Gholdengo|Thunder Wave|p1a: Hatterene
|move|p1a: Hatterene|Thunder Wave|p2a: Gholdengo|[from] ability: Magic Bounce
|-immune|p2a: Gholdengo|[from] ability: Good as Gold
|
|-heal|p1a: Hatterene|72/100|[from] item: Leftovers
|upkeep
|turn|12
|
|t:|1743815818
|move|p2a: Gholdengo|Make It Rain|p1a: Hatterene
|-supereffective|p1a: Hatterene
|-damage|p1a: Hatterene|0 fnt
|-unboost|p2a: Gholdengo|spa|1
|faint|p1a: Hatterene
|
|upkeep
|
|t:|1743815822
|switch|p1a: Moltres|Moltres-Galar|100/100
|-damage|p1a: Moltres|76/100|[from] Stealth Rock
|turn|13
|
|t:|1743815827
|move|p1a: Moltres|Fiery Wrath|p2a: Gholdengo
|-supereffective|p2a: Gholdengo
|-enditem|p2a: Gholdengo|Colbur Berry|[eat]
|-enditem|p2a: Gholdengo|Colbur Berry|[weaken]
|-damage|p2a: Gholdengo|58/100
|move|p2a: Gholdengo|Thunder Wave|p1a: Moltres
|-status|p1a: Moltres|par
|
|upkeep
|turn|14
|
|t:|1743815834
|switch|p2a: Clefable|Clefable, M|100/100
|cant|p1a: Moltres|par
|
|upkeep
|turn|15
|
|t:|1743815845
|move|p2a: Clefable|Calm Mind|p2a: Clefable
|-boost|p2a: Clefable|spa|1
|-boost|p2a: Clefable|spd|1
|move|p1a: Moltres|Air Slash|p2a: Clefable
|-damage|p2a: Clefable|77/100
|
|-heal|p2a: Clefable|83/100|[from] item: Leftovers
|upkeep
|turn|16
|
|t:|1743815850
|move|p2a: Clefable|Calm Mind|p2a: Clefable
|-boost|p2a: Clefable|spa|1
|-boost|p2a: Clefable|spd|1
|move|p1a: Moltres|Nasty Plot|p1a: Moltres
|-boost|p1a: Moltres|spa|2
|
|-heal|p2a: Clefable|89/100|[from] item: Leftovers
|upkeep
|turn|17
|
|t:|1743815853
|move|p2a: Clefable|Moonblast|p1a: Moltres
|-supereffective|p1a: Moltres
|-damage|p1a: Moltres|0 fnt
|faint|p1a: Moltres
|
|-heal|p2a: Clefable|95/100|[from] item: Leftovers
|upkeep
|
|t:|1743815857
|switch|p1a: Zamazenta|Zamazenta, shiny|100/100
|-damage|p1a: Zamazenta|94/100|[from] Stealth Rock
|turn|18
|
|t:|1743815864
|-terastallize|p2a: Clefable|Water
|move|p1a: Zamazenta|Heavy Slam|p2a: Clefable
|-resisted|p2a: Clefable
|-damage|p2a: Clefable|82/100
|move|p2a: Clefable|Moonblast|p1a: Zamazenta
|-supereffective|p1a: Zamazenta
|-damage|p1a: Zamazenta|0 fnt
|faint|p1a: Zamazenta
|
|-heal|p2a: Clefable|88/100|[from] item: Leftovers
|upkeep
|
|t:|1743815866
|switch|p1a: Polteageist|Polteageist, shiny|100/100
|-damage|p1a: Polteageist|88/100|[from] Stealth Rock
|turn|19
|
|t:|1743815868
|move|p1a: Polteageist|Shell Smash|p1a: Polteageist
|-unboost|p1a: Polteageist|def|1
|-unboost|p1a: Polteageist|spd|1
|-boost|p1a: Polteageist|atk|2
|-boost|p1a: Polteageist|spa|2
|-boost|p1a: Polteageist|spe|2
|move|p2a: Clefable|Moonblast|p1a: Polteageist
|-damage|p1a: Polteageist|0 fnt
|faint|p1a: Polteageist
|
|win|54 Insane Rats
|raw|monohue's rating: 1702 &rarr; <strong>1680</strong><br />(-22 for losing)
|raw|54 Insane Rats's rating: 1675 &rarr; <strong>1697</strong><br />(+22 for winning)
|l|☆monohue
|player|p1|
|l|☆54 Insane Rats
|player|p2|
