|j|☆jwest2405
|j|☆Air Glider
|t:|1743826749
|gametype|singles
|player|p1|jwest2405|beauty-gen4dp|1543
|player|p2|Air Glider|1|1627
|teamsize|p1|6
|teamsize|p2|6
|gen|9
|tier|[Gen 9] OU
|rated|
|rule|HP Percentage Mod: HP is shown in percentages
|rule|Endless Battle Clause: Forcing endless battles is banned
|rule|Species Clause: Limit one of each Pokémon
|rule|OHKO Clause: OHKO moves are banned
|rule|Evasion Items Clause: Evasion items are banned
|rule|Evasion Moves Clause: Evasion moves are banned
|rule|Sleep Moves Clause: Sleep-inducing moves are banned
|clearpoke
|poke|p1|Latios, M|
|poke|p1|Gholdengo|
|poke|p1|Araquanid, F|
|poke|p1|Serperior, M|
|poke|p1|Great Tusk|
|poke|p1|Manaphy|
|poke|p2|Pelipper, F|
|poke|p2|Iron Treads|
|poke|p2|Basculegion, M|
|poke|p2|Latios, M|
|poke|p2|Bruxish, F|
|poke|p2|Volcanion|
|teampreview
|
|t:|1743826760
|start
|switch|p1a: Latios|Latios, M|100/100
|switch|p2a: Volcanion|Volcanion|100/100
|turn|1
|
|t:|1743826777
|move|p1a: Latios|Luster Purge|p2a: Volcanion
|-damage|p2a: Volcanion|28/100
|-unboost|p2a: Volcanion|spd|1
|move|p2a: Volcanion|Taunt|p1a: Latios
|-start|p1a: Latios|move: Taunt
|
|upkeep
|turn|2
|
|t:|1743826785
|switch|p2a: Iron Treads|Iron Treads|100/100
|move|p1a: Latios|Thunderbolt|p2a: Iron Treads
|-immune|p2a: Iron Treads
|
|upkeep
|turn|3
|
|t:|1743826790
|switch|p1a: Manaphy|Manaphy|100/100
|move|p2a: Iron Treads|Stealth Rock|p1a: Manaphy
|-sidestart|p1: jwest2405|move: Stealth Rock
|
|upkeep
|turn|4
|
|t:|1743826796
|-end|p2a: Iron Treads|Quark Drive|[silent]
|switch|p2a: Pelipper|Pelipper, F|100/100
|-weather|RainDance|[from] ability: Drizzle|[of] p2a: Pelipper
|move|p1a: Manaphy|Surf|p2a: Pelipper
|-resisted|p2a: Pelipper
|-damage|p2a: Pelipper|62/100
|
|-weather|RainDance|[upkeep]
|upkeep
|turn|5
|
|t:|1743826807
|move|p1a: Manaphy|Tail Glow|p1a: Manaphy
|-boost|p1a: Manaphy|spa|3
|move|p2a: Pelipper|U-turn|p1a: Manaphy
|-damage|p1a: Manaphy|91/100
|
|t:|1743826821
|switch|p2a: Latios|Latios, M|100/100|[from] U-turn
|
|-weather|RainDance|[upkeep]
|upkeep
|turn|6
|
|t:|1743826823
|move|p2a: Latios|Draco Meteor|p1a: Manaphy
|-damage|p1a: Manaphy|3/100
|-unboost|p2a: Latios|spa|2
|move|p1a: Manaphy|Alluring Voice|p2a: Latios
|-supereffective|p2a: Latios
|-damage|p2a: Latios|0 fnt
|faint|p2a: Latios
|
|-weather|RainDance|[upkeep]
|upkeep
|
|t:|1743826834
|switch|p2a: Basculegion|Basculegion, M|100/100
|turn|7
|
|t:|1743826839
|switch|p1a: Serperior|Serperior, M|100/100
|-damage|p1a: Serperior|88/100|[from] Stealth Rock
|move|p2a: Basculegion|Wave Crash|p1a: Serperior
|-resisted|p1a: Serperior
|-damage|p1a: Serperior|9/100
|-damage|p2a: Basculegion|80/100|[from] Recoil
|
|-weather|RainDance|[upkeep]
|-heal|p1a: Serperior|15/100|[from] item: Leftovers
|upkeep
|turn|8
|
|t:|1743826845
|move|p2a: Basculegion|Wave Crash|p1a: Serperior
|-resisted|p1a: Serperior
|-damage|p1a: Serperior|0 fnt
|faint|p1a: Serperior
|-damage|p2a: Basculegion|76/100|[from] Recoil
|
|-weather|RainDance|[upkeep]
|upkeep
|
|t:|1743826850
|switch|p1a: Latios|Latios, M|100/100
|-damage|p1a: Latios|88/100|[from] Stealth Rock
|turn|9
|
|t:|1743826933
|-terastallize|p2a: Basculegion|Water
|move|p2a: Basculegion|Wave Crash|p1a: Latios
|-resisted|p1a: Latios
|-damage|p1a: Latios|0 fnt
|faint|p1a: Latios
|-damage|p2a: Basculegion|53/100|[from] Recoil
|
|-weather|RainDance|[upkeep]
|upkeep
|c|☆Air Glider|Fraud water resists getting exposed
|
|t:|1743826951
|switch|p1a: Araquanid|Araquanid, F|100/100
|-damage|p1a: Araquanid|75/100|[from] Stealth Rock
|turn|10
|
|t:|1743826954
|move|p1a: Araquanid|Endure|p1a: Araquanid
|-singleturn|p1a: Araquanid|move: Endure
|move|p2a: Basculegion|Wave Crash|p1a: Araquanid
|-resisted|p1a: Araquanid
|-activate|p1a: Araquanid|move: Endure
|-damage|p1a: Araquanid|1/100
|-damage|p2a: Basculegion|31/100|[from] Recoil
|
|-weather|RainDance|[upkeep]
|upkeep
|turn|11
|-enditem|p1a: Araquanid|Custap Berry|[eat]
|-activate|p1a: Araquanid|item: Custap Berry|[consumed]
|
|t:|1743826960
|switch|p2a: Bruxish|Bruxish, F|100/100
|move|p1a: Araquanid|Surf|p2a: Bruxish
|-resisted|p2a: Bruxish
|-damage|p2a: Bruxish|32/100
|
|-weather|none
|-heal|p2a: Bruxish|38/100|[from] item: Leftovers
|upkeep
|turn|12
|
|t:|1743826969
|move|p2a: Bruxish|Wave Crash|p1a: Araquanid
|-resisted|p1a: Araquanid
|-damage|p1a: Araquanid|0 fnt
|faint|p1a: Araquanid
|-damage|p2a: Bruxish|38/100|[from] Recoil
|
|-heal|p2a: Bruxish|44/100|[from] item: Leftovers
|upkeep
|
|t:|1743826972
|switch|p1a: Great Tusk|Great Tusk|100/100
|turn|13
|
|t:|1743826978
|-terastallize|p1a: Great Tusk|Water
|move|p2a: Bruxish|Wave Crash|p1a: Great Tusk
|-resisted|p1a: Great Tusk
|-damage|p1a: Great Tusk|82/100
|-damage|p2a: Bruxish|36/100|[from] Recoil
|move|p1a: Great Tusk|Rapid Spin|p2a: Bruxish
|-damage|p2a: Bruxish|11/100
|-boost|p1a: Great Tusk|spe|1
|-sideend|p1: jwest2405|Stealth Rock|[from] move: Rapid Spin|[of] p1a: Great Tusk
|
|-heal|p2a: Bruxish|17/100|[from] item: Leftovers
|upkeep
|turn|14
|
|t:|1743827001
|switch|p2a: Pelipper|Pelipper, F|62/100
|-weather|RainDance|[from] ability: Drizzle|[of] p2a: Pelipper
|move|p1a: Great Tusk|Bulk Up|p1a: Great Tusk
|-boost|p1a: Great Tusk|atk|1
|-boost|p1a: Great Tusk|def|1
|
|-weather|RainDance|[upkeep]
|upkeep
|turn|15
|
|t:|1743827005
|move|p1a: Great Tusk|Ice Spinner|p2a: Pelipper
|-damage|p2a: Pelipper|35/100
|move|p2a: Pelipper|Hurricane|p1a: Great Tusk
|-damage|p1a: Great Tusk|40/100
|-start|p1a: Great Tusk|confusion
|
|-weather|RainDance|[upkeep]
|upkeep
|turn|16
|
|t:|1743827011
|-activate|p1a: Great Tusk|confusion
|move|p1a: Great Tusk|Ice Spinner|p2a: Pelipper
|-damage|p2a: Pelipper|8/100
|move|p2a: Pelipper|Roost|p2a: Pelipper
|-heal|p2a: Pelipper|58/100
|-singleturn|p2a: Pelipper|move: Roost
|
|-weather|RainDance|[upkeep]
|upkeep
|turn|17
|
|t:|1743827023
|-end|p1a: Great Tusk|confusion
|move|p1a: Great Tusk|Rapid Spin|p2a: Pelipper
|-damage|p2a: Pelipper|41/100
|-boost|p1a: Great Tusk|spe|1
|move|p2a: Pelipper|Roost|p2a: Pelipper
|-heal|p2a: Pelipper|92/100
|-singleturn|p2a: Pelipper|move: Roost
|
|-weather|RainDance|[upkeep]
|upkeep
|turn|18
|
|t:|1743827035
|-end|p1a: Great Tusk|Protosynthesis|[silent]
|switch|p1a: Gholdengo|Gholdengo|100/100
|move|p2a: Pelipper|Hurricane|p1a: Gholdengo
|-resisted|p1a: Gholdengo
|-damage|p1a: Gholdengo|81/100
|-start|p1a: Gholdengo|confusion
|
|-weather|RainDance|[upkeep]
|upkeep
|turn|19
|inactive|Battle timer is ON: inactive players will automatically lose when time's up. (requested by Air Glider)
|
|t:|1743827040
|-activate|p1a: Gholdengo|confusion
|move|p1a: Gholdengo|Shadow Ball|p2a: Pelipper
|-damage|p2a: Pelipper|28/100
|-unboost|p2a: Pelipper|spd|1
|move|p2a: Pelipper|U-turn|p1a: Gholdengo
|-resisted|p1a: Gholdengo
|-damage|p1a: Gholdengo|78/100
|
|t:|1743827053
|switch|p2a: Basculegion|Basculegion, M, tera:Water|31/100|[from] U-turn
|
|-weather|RainDance|[upkeep]
|upkeep
|turn|20
|
|t:|1743827059
|switch|p1a: Great Tusk|Great Tusk, tera:Water|40/100
|move|p2a: Basculegion|Wave Crash|p1a: Great Tusk
|-resisted|p1a: Great Tusk
|-damage|p1a: Great Tusk|0 fnt
|faint|p1a: Great Tusk
|-end|p1a: Great Tusk|Protosynthesis|[silent]
|-damage|p2a: Basculegion|18/100|[from] Recoil
|
|-weather|RainDance|[upkeep]
|upkeep
|
|t:|1743827067
|switch|p1a: Gholdengo|Gholdengo|78/100
|turn|21
|
|t:|1743827070
|switch|p2a: Iron Treads|Iron Treads|100/100
|move|p1a: Gholdengo|Shadow Ball|p2a: Iron Treads
|-damage|p2a: Iron Treads|66/100
|
|-weather|none
|-heal|p2a: Iron Treads|72/100|[from] item: Leftovers
|upkeep
|turn|22
|
|t:|1743827076
|move|p1a: Gholdengo|Shadow Ball|p2a: Iron Treads
|-damage|p2a: Iron Treads|32/100
|move|p2a: Iron Treads|Stealth Rock|p1a: Gholdengo
|-sidestart|p1: jwest2405|move: Stealth Rock
|
|-heal|p2a: Iron Treads|38/100|[from] item: Leftovers
|upkeep
|turn|23
|
|t:|1743827080
|move|p1a: Gholdengo|Shadow Ball|p2a: Iron Treads
|-damage|p2a: Iron Treads|3/100
|move|p2a: Iron Treads|Earthquake|p1a: Gholdengo
|-supereffective|p1a: Gholdengo
|-damage|p1a: Gholdengo|0 fnt
|faint|p1a: Gholdengo
|
|-heal|p2a: Iron Treads|9/100|[from] item: Leftovers
|upkeep
|
|t:|1743827083
|switch|p1a: Manaphy|Manaphy|3/100
|-damage|p1a: Manaphy|0 fnt|[from] Stealth Rock
|faint|p1a: Manaphy
|
|win|Air Glider
|raw|jwest2405's rating: 1543 &rarr; <strong>1528</strong><br />(-15 for losing)
|raw|Air Glider's rating: 1627 &rarr; <strong>1642</strong><br />(+15 for winning)
|l|☆jwest2405
|player|p1|
