|j|☆Glubabal
|j|☆Bj007
|t:|1743857460
|gametype|singles
|player|p1|Glubabal|unknown|1244
|player|p2|Bj007|nate|1286
|teamsize|p1|6
|teamsize|p2|6
|gen|9
|tier|[Gen 9] OU
|rated|
|rule|HP Percentage Mod: HP is shown in percentages
|rule|Endless Battle Clause: Forcing endless battles is banned
|rule|Species Clause: Limit one of each Pokémon
|rule|OHKO Clause: OHKO moves are banned
|rule|Evasion Items Clause: Evasion items are banned
|rule|Evasion Moves Clause: Evasion moves are banned
|rule|Sleep Moves Clause: Sleep-inducing moves are banned
|clearpoke
|poke|p1|Torterra, M|
|poke|p1|Infernape, F|
|poke|p1|Empoleon, M|
|poke|p1|Serperior, F|
|poke|p1|Emboar, F|
|poke|p1|Samurott, M|
|poke|p2|Landorus-Therian, M|
|poke|p2|Kingambit, F|
|poke|p2|Gholdengo|
|poke|p2|Alomomola, F|
|poke|p2|Great Tusk|
|poke|p2|Ogerpon-Wellspring, F|
|teampreview
|inactive|Battle timer is ON: inactive players will automatically lose when time's up. (requested by Bj007)
|
|t:|1743857468
|start
|switch|p1a: Samurott|Samurott, M|100/100
|switch|p2a: Landorus|Landorus-Therian, M|100/100
|-ability|p2a: Landorus|Intimidate|boost
|-unboost|p1a: Samurott|atk|1
|turn|1
|
|t:|1743857480
|switch|p2a: Alomomola|Alomomola, F|100/100
|move|p1a: Samurott|Ice Beam|p2a: Alomomola
|-resisted|p2a: Alomomola
|-crit|p2a: Alomomola
|-damage|p2a: Alomomola|82/100
|
|upkeep
|turn|2
|
|t:|1743857487
|switch|p1a: Serperior|Serperior, F|100/100
|move|p2a: Alomomola|Flip Turn|p1a: Serperior
|-resisted|p1a: Serperior
|-damage|p1a: Serperior|90/100
|
|t:|1743857496
|switch|p2a: Ogerpon|Ogerpon-Wellspring, F|100/100|[from] Flip Turn
|
|upkeep
|turn|3
|
|t:|1743857505
|move|p2a: Ogerpon|Swords Dance|p2a: Ogerpon
|-boost|p2a: Ogerpon|atk|2
|move|p1a: Serperior|Swords Dance|p1a: Serperior
|-boost|p1a: Serperior|atk|2
|
|upkeep
|turn|4
|
|t:|1743857510
|move|p2a: Ogerpon|U-turn|p1a: Serperior
|-supereffective|p1a: Serperior
|-damage|p1a: Serperior|0 fnt
|faint|p1a: Serperior
|
|t:|1743857524
|switch|p2a: Great Tusk|Great Tusk|100/100|[from] U-turn
|
|upkeep
|
|t:|1743857528
|switch|p1a: Samurott|Samurott, M|100/100
|turn|5
|
|t:|1743857534
|move|p1a: Samurott|Ice Beam|p2a: Great Tusk
|-supereffective|p2a: Great Tusk
|-damage|p2a: Great Tusk|39/100
|move|p2a: Great Tusk|Knock Off|p1a: Samurott
|-damage|p1a: Samurott|61/100
|-enditem|p1a: Samurott|Choice Scarf|[from] move: Knock Off|[of] p2a: Great Tusk
|
|upkeep
|turn|6
|
|t:|1743857542
|-end|p2a: Great Tusk|Protosynthesis|[silent]
|switch|p2a: Alomomola|Alomomola, F|100/100
|move|p1a: Samurott|Ice Beam|p2a: Alomomola
|-resisted|p2a: Alomomola
|-damage|p2a: Alomomola|89/100
|
|upkeep
|turn|7
|
|t:|1743857549
|move|p1a: Samurott|Grass Knot|p2a: Alomomola
|-supereffective|p2a: Alomomola
|-damage|p2a: Alomomola|56/100
|move|p2a: Alomomola|Wish|p2a: Alomomola
|
|upkeep
|turn|8
|
|t:|1743857557
|switch|p1a: Emboar|Emboar, F|100/100
|switch|p2a: Ogerpon|Ogerpon-Wellspring, F|100/100
|
|upkeep
|turn|9
|
|t:|1743857567
|switch|p1a: Empoleon|Empoleon, M|100/100
|-terastallize|p2a: Ogerpon|Water
|detailschange|p2a: Ogerpon|Ogerpon-Wellspring-Tera, F, tera:Water
|-ability|p2a: Ogerpon|Embody Aspect (Wellspring)|boost
|-boost|p2a: Ogerpon|spd|1
|move|p2a: Ogerpon|Ivy Cudgel|p1a: Empoleon|[anim] Ivy Cudgel Water
|-resisted|p1a: Empoleon
|-damage|p1a: Empoleon|62/100
|
|-heal|p1a: Empoleon|68/100|[from] item: Leftovers
|upkeep
|turn|10
|
|t:|1743857575
|move|p2a: Ogerpon|Swords Dance|p2a: Ogerpon
|-boost|p2a: Ogerpon|atk|2
|move|p1a: Empoleon|Iron Defense|p1a: Empoleon
|-boost|p1a: Empoleon|def|2
|
|-heal|p1a: Empoleon|74/100|[from] item: Leftovers
|upkeep
|turn|11
|
|t:|1743857585
|move|p2a: Ogerpon|Swords Dance|p2a: Ogerpon
|-boost|p2a: Ogerpon|atk|2
|move|p1a: Empoleon|Iron Defense|p1a: Empoleon
|-boost|p1a: Empoleon|def|2
|
|-heal|p1a: Empoleon|80/100|[from] item: Leftovers
|upkeep
|turn|12
|
|t:|1743857592
|move|p2a: Ogerpon|Ivy Cudgel|p1a: Empoleon|[anim] Ivy Cudgel Water
|-resisted|p1a: Empoleon
|-crit|p1a: Empoleon
|-damage|p1a: Empoleon|0 fnt
|faint|p1a: Empoleon
|
|upkeep
|
|t:|1743857598
|switch|p1a: Torterra|Torterra, M|100/100
|turn|13
|
|t:|1743857602
|move|p2a: Ogerpon|Ivy Cudgel|p1a: Torterra|[anim] Ivy Cudgel Water
|-damage|p1a: Torterra|0 fnt
|faint|p1a: Torterra
|
|upkeep
|
|t:|1743857606
|switch|p1a: Infernape|Infernape, F|100/100
|turn|14
|
|t:|1743857610
|move|p2a: Ogerpon|Ivy Cudgel|p1a: Infernape|[anim] Ivy Cudgel Water
|-supereffective|p1a: Infernape
|-damage|p1a: Infernape|0 fnt
|faint|p1a: Infernape
|
|upkeep
|
|t:|1743857612
|switch|p1a: Samurott|Samurott, M|61/100
|turn|15
|
|t:|1743857616
|move|p2a: Ogerpon|Ivy Cudgel|p1a: Samurott|[anim] Ivy Cudgel Water
|-resisted|p1a: Samurott
|-damage|p1a: Samurott|0 fnt
|faint|p1a: Samurott
|
|upkeep
|l|☆Glubabal
|inactive|Glubabal disconnected and has a minute to reconnect!
|player|p1|
|inactive|Glubabal has 30 seconds to reconnect!
|inactive|Glubabal has 20 seconds to reconnect!
|inactive|Glubabal has 15 seconds to reconnect!
|inactive|Glubabal has 10 seconds to reconnect!
|inactive|Glubabal has 5 seconds to reconnect!
|-message|Glubabal lost due to inactivity.
|
|win|Bj007
|raw|Glubabal's rating: 1244 &rarr; <strong>1222</strong><br />(-22 for losing)
|raw|Bj007's rating: 1286 &rarr; <strong>1308</strong><br />(+22 for winning)
|l|☆Bj007
|player|p2|
