|j|☆kittensnax
|j|☆lebmaster
|t:|1743888801
|gametype|singles
|player|p1|kittensnax|pokekid|1269
|player|p2|lebmaster|dahlia|1309
|teamsize|p1|6
|teamsize|p2|6
|gen|9
|tier|[Gen 9] OU
|rated|
|rule|HP Percentage Mod: HP is shown in percentages
|rule|Endless Battle Clause: Forcing endless battles is banned
|rule|Species Clause: Limit one of each Pokémon
|rule|OHKO Clause: OHKO moves are banned
|rule|Evasion Items Clause: Evasion items are banned
|rule|Evasion Moves Clause: Evasion moves are banned
|rule|Sleep Moves Clause: Sleep-inducing moves are banned
|clearpoke
|poke|p1|Porygon2|
|poke|p1|Farigiraf, M|
|poke|p1|Dragonite, F|
|poke|p1|Primarina, F|
|poke|p1|Ursaluna, F|
|poke|p1|Meowscarada, F|
|poke|p2|Zapdos|
|poke|p2|Darkrai|
|poke|p2|Kingambit, M|
|poke|p2|Ogerpon-Wellspring, F|
|poke|p2|Gliscor, M|
|poke|p2|Cinderace, M|
|teampreview
|
|t:|1743888809
|start
|switch|p1a: FaRiGiЯaꟻ|Farigiraf, M, shiny|100/100
|switch|p2a: Cinderace|Cinderace, M|100/100
|turn|1
|
|t:|1743888824
|switch|p1a: Ursaluna|Ursaluna, F|100/100
|move|p2a: Cinderace|U-turn|p1a: Ursaluna
|-damage|p1a: Ursaluna|85/100
|
|t:|1743888846
|switch|p2a: Darkrai|Darkrai|100/100|[from] U-turn
|
|-status|p1a: Ursaluna|brn|[from] item: Flame Orb
|upkeep
|turn|2
|
|t:|1743888855
|move|p2a: Darkrai|Ice Beam|p1a: Ursaluna
|-supereffective|p1a: Ursaluna
|-damage|p1a: Ursaluna|29/100 brn
|move|p1a: Ursaluna|Drain Punch|p2a: Darkrai
|-supereffective|p2a: Darkrai
|-damage|p2a: Darkrai|0 fnt
|-heal|p1a: Ursaluna|64/100 brn|[from] drain|[of] p2a: Darkrai
|faint|p2a: Darkrai
|
|-damage|p1a: Ursaluna|58/100 brn|[from] brn
|upkeep
|
|t:|1743888861
|switch|p2a: Ogerpon|Ogerpon-Wellspring, F|100/100
|turn|3
|
|t:|1743888872
|-terastallize|p1a: Ursaluna|Normal
|move|p2a: Ogerpon|Ivy Cudgel|p1a: Ursaluna|[anim] Ivy Cudgel Water
|-damage|p1a: Ursaluna|16/100 brn
|move|p1a: Ursaluna|Fling|p2a: Ogerpon
|-damage|p2a: Ogerpon|77/100
|-status|p2a: Ogerpon|brn
|-enditem|p1a: Ursaluna|Flame Orb|[from] move: Fling
|
|-damage|p2a: Ogerpon|71/100 brn|[from] brn
|-damage|p1a: Ursaluna|10/100 brn|[from] brn
|upkeep
|turn|4
|
|t:|1743888883
|move|p2a: Ogerpon|Knock Off|p1a: Ursaluna
|-damage|p1a: Ursaluna|0 fnt
|faint|p1a: Ursaluna
|
|-damage|p2a: Ogerpon|65/100 brn|[from] brn
|upkeep
|
|t:|1743888887
|switch|p1a: Meowscarada|Meowscarada, F|100/100
|turn|5
|
|t:|1743888892
|switch|p2a: Zapdos|Zapdos|100/100
|move|p1a: Meowscarada|Flower Trick|p2a: Zapdos
|-resisted|p2a: Zapdos
|-crit|p2a: Zapdos
|-damage|p2a: Zapdos|71/100
|-damage|p1a: Meowscarada|91/100|[from] item: Life Orb
|
|upkeep
|turn|6
|
|t:|1743888903
|switch|p1a: Porygambling2|Porygon2|100/100
|-ability|p1a: Porygambling2|Download|boost
|-boost|p1a: Porygambling2|atk|1
|move|p2a: Zapdos|Roost|p2a: Zapdos
|-heal|p2a: Zapdos|100/100
|-singleturn|p2a: Zapdos|move: Roost
|
|upkeep
|turn|7
|
|t:|1743888919
|move|p2a: Zapdos|Thunder Wave|p1a: Porygambling2
|-status|p1a: Porygambling2|par
|move|p1a: Porygambling2|Thunderbolt|p2a: Zapdos
|-damage|p2a: Zapdos|78/100
|
|upkeep
|turn|8
|
|t:|1743888925
|move|p2a: Zapdos|Volt Switch|p1a: Porygambling2
|-damage|p1a: Porygambling2|83/100 par
|
|t:|1743888932
|switch|p2a: Cinderace|Cinderace, M|100/100|[from] Volt Switch
|move|p1a: Porygambling2|Ice Beam|p2a: Cinderace
|-resisted|p2a: Cinderace
|-damage|p2a: Cinderace|78/100
|
|upkeep
|turn|9
|
|t:|1743888940
|move|p2a: Cinderace|High Jump Kick|p1a: Porygambling2
|-supereffective|p1a: Porygambling2
|-damage|p1a: Porygambling2|25/100 par
|move|p1a: Porygambling2|Tera Blast|p2a: Cinderace
|-damage|p2a: Cinderace|26/100
|
|upkeep
|turn|10
|
|t:|1743888947
|move|p2a: Cinderace|High Jump Kick|p1a: Porygambling2
|-supereffective|p1a: Porygambling2
|-damage|p1a: Porygambling2|0 fnt
|faint|p1a: Porygambling2
|
|upkeep
|
|t:|1743888955
|switch|p1a: FaRiGiЯaꟻ|Farigiraf, M, shiny|100/100
|turn|11
|
|t:|1743888965
|move|p2a: Cinderace|U-turn|p1a: FaRiGiЯaꟻ
|-supereffective|p1a: FaRiGiЯaꟻ
|-damage|p1a: FaRiGiЯaꟻ|51/100
|
|t:|1743888967
|switch|p2a: Zapdos|Zapdos|78/100|[from] U-turn
|move|p1a: FaRiGiЯaꟻ|Trick Room|p1a: FaRiGiЯaꟻ
|-fieldstart|move: Trick Room|[of] p1a: FaRiGiЯaꟻ
|
|upkeep
|turn|12
|
|t:|1743888976
|move|p1a: FaRiGiЯaꟻ|Nasty Plot|p1a: FaRiGiЯaꟻ
|-boost|p1a: FaRiGiЯaꟻ|spa|2
|move|p2a: Zapdos|Thunder Wave|p1a: FaRiGiЯaꟻ
|-status|p1a: FaRiGiЯaꟻ|par
|
|upkeep
|turn|13
|
|t:|1743888982
|move|p1a: FaRiGiЯaꟻ|Psyshock|p2a: Zapdos
|-damage|p2a: Zapdos|2/100
|move|p2a: Zapdos|Hurricane|p1a: FaRiGiЯaꟻ
|-damage|p1a: FaRiGiЯaꟻ|2/100 par
|-enditem|p1a: FaRiGiЯaꟻ|Petaya Berry|[eat]
|-boost|p1a: FaRiGiЯaꟻ|spa|1|[from] item: Petaya Berry
|
|upkeep
|turn|14
|
|t:|1743888990
|move|p1a: FaRiGiЯaꟻ|Tera Blast|p2a: Zapdos
|-damage|p2a: Zapdos|0 fnt
|faint|p2a: Zapdos
|
|upkeep
|
|t:|1743888992
|switch|p2a: Kingambit|Kingambit, M|100/100
|-activate|p2a: Kingambit|ability: Supreme Overlord
|-start|p2a: Kingambit|fallen2|[silent]
|turn|15
|
|t:|1743888997
|move|p2a: Kingambit|Sucker Punch||[still]
|cant|p1a: FaRiGiЯaꟻ|ability: Armor Tail|Sucker Punch|[of] p2a: Kingambit
|cant|p1a: FaRiGiЯaꟻ|par
|
|-fieldend|move: Trick Room
|upkeep
|turn|16
|
|t:|1743889007
|move|p2a: Kingambit|Iron Head|p1a: FaRiGiЯaꟻ
|-damage|p1a: FaRiGiЯaꟻ|0 fnt
|faint|p1a: FaRiGiЯaꟻ
|
|upkeep
|
|t:|1743889009
|switch|p1a: Dragonite|Dragonite, F|100/100
|turn|17
|
|t:|1743889013
|-end|p2a: Kingambit|fallen2|[silent]
|switch|p2a: Gliscor|Gliscor, M|100/100
|move|p1a: Dragonite|Low Kick|p2a: Gliscor
|-resisted|p2a: Gliscor
|-damage|p2a: Gliscor|92/100
|
|-status|p2a: Gliscor|tox|[from] item: Toxic Orb
|upkeep
|turn|18
|
|t:|1743889018
|switch|p1a: Primarina|Primarina, F|100/100
|move|p2a: Gliscor|Toxic|p1a: Primarina
|-status|p1a: Primarina|tox
|
|-heal|p2a: Gliscor|100/100 tox|[from] ability: Poison Heal
|-damage|p1a: Primarina|95/100 tox|[from] psn
|upkeep
|turn|19
|
|t:|1743889032
|switch|p2a: Ogerpon|Ogerpon-Wellspring, F|65/100 brn
|move|p1a: Primarina|Ice Beam|p2a: Ogerpon
|-damage|p2a: Ogerpon|24/100 brn
|
|-damage|p1a: Primarina|83/100 tox|[from] psn
|-damage|p2a: Ogerpon|18/100 brn|[from] brn
|upkeep
|turn|20
|
|t:|1743889044
|move|p2a: Ogerpon|Horn Leech|p1a: Primarina
|-supereffective|p1a: Primarina
|-damage|p1a: Primarina|38/100 tox
|-heal|p2a: Ogerpon|41/100 brn|[from] drain|[of] p1a: Primarina
|move|p1a: Primarina|Draining Kiss|p2a: Ogerpon
|-damage|p2a: Ogerpon|10/100 brn
|-heal|p1a: Primarina|62/100 tox|[from] drain|[of] p2a: Ogerpon
|
|-damage|p1a: Primarina|44/100 tox|[from] psn
|-damage|p2a: Ogerpon|4/100 brn|[from] brn
|upkeep
|turn|21
|
|t:|1743889060
|move|p2a: Ogerpon|Horn Leech|p1a: Primarina
|-supereffective|p1a: Primarina
|-damage|p1a: Primarina|0 fnt
|-heal|p2a: Ogerpon|25/100 brn|[from] drain|[of] p1a: Primarina
|faint|p1a: Primarina
|
|-damage|p2a: Ogerpon|19/100 brn|[from] brn
|upkeep
|
|t:|1743889063
|switch|p1a: Meowscarada|Meowscarada, F|91/100
|turn|22
|
|t:|1743889073
|move|p1a: Meowscarada|Knock Off|p2a: Ogerpon
|-damage|p2a: Ogerpon|0 fnt
|faint|p2a: Ogerpon
|-damage|p1a: Meowscarada|81/100|[from] item: Life Orb
|
|upkeep
|
|t:|1743889078
|switch|p2a: Kingambit|Kingambit, M|100/100
|-activate|p2a: Kingambit|ability: Supreme Overlord
|-start|p2a: Kingambit|fallen3|[silent]
|turn|23
|
|t:|1743889085
|move|p1a: Meowscarada|Skill Swap|p2a: Kingambit
|-activate|p1a: Meowscarada|move: Skill Swap|Supreme Overlord|Overgrow|[of] p2a: Kingambit
|-end|p2a: Kingambit|fallen3|[silent]
|-activate|p1a: Meowscarada|ability: Supreme Overlord
|-start|p1a: Meowscarada|fallen4|[silent]
|move|p2a: Kingambit|Swords Dance|p2a: Kingambit
|-boost|p2a: Kingambit|atk|2
|
|upkeep
|turn|24
|
|t:|1743889103
|move|p1a: Meowscarada|Taunt|p2a: Kingambit
|-start|p2a: Kingambit|move: Taunt
|move|p2a: Kingambit|Iron Head|p1a: Meowscarada
|-damage|p1a: Meowscarada|0 fnt
|faint|p1a: Meowscarada
|-end|p1a: Meowscarada|fallen4|[silent]
|
|upkeep
|
|t:|1743889108
|switch|p1a: Dragonite|Dragonite, F|100/100
|turn|25
|
|t:|1743889118
|switch|p2a: Gliscor|Gliscor, M|100/100 tox
|move|p1a: Dragonite|Low Kick|p2a: Gliscor
|-resisted|p2a: Gliscor
|-damage|p2a: Gliscor|93/100 tox
|
|-heal|p2a: Gliscor|100/100 tox|[from] ability: Poison Heal
|upkeep
|turn|26
|inactive|Battle timer is ON: inactive players will automatically lose when time's up. (requested by lebmaster)
|
|t:|1743889125
|move|p2a: Gliscor|Toxic|p1a: Dragonite
|-status|p1a: Dragonite|tox
|move|p1a: Dragonite|Ice Spinner|p2a: Gliscor
|-supereffective|p2a: Gliscor
|-damage|p2a: Gliscor|22/100 tox
|
|-heal|p2a: Gliscor|35/100 tox|[from] ability: Poison Heal
|-damage|p1a: Dragonite|94/100 tox|[from] psn
|upkeep
|turn|27
|
|t:|1743889134
|move|p2a: Gliscor|Protect|p2a: Gliscor
|-singleturn|p2a: Gliscor|Protect
|move|p1a: Dragonite|Extreme Speed|p2a: Gliscor
|-activate|p2a: Gliscor|move: Protect
|
|-heal|p2a: Gliscor|47/100 tox|[from] ability: Poison Heal
|-damage|p1a: Dragonite|82/100 tox|[from] psn
|upkeep
|turn|28
|
|t:|1743889143
|switch|p2a: Cinderace|Cinderace, M|26/100
|move|p1a: Dragonite|Thunder Punch|p2a: Cinderace
|-damage|p2a: Cinderace|0 fnt
|faint|p2a: Cinderace
|
|-damage|p1a: Dragonite|63/100 tox|[from] psn
|upkeep
|
|t:|1743889147
|switch|p2a: Kingambit|Kingambit, M|100/100
|-activate|p2a: Kingambit|ability: Supreme Overlord
|-start|p2a: Kingambit|fallen4|[silent]
|turn|29
|
|t:|1743889153
|-terastallize|p2a: Kingambit|Ghost
|move|p2a: Kingambit|Sucker Punch|p1a: Dragonite
|-damage|p1a: Dragonite|9/100 tox
|move|p1a: Dragonite|Low Kick|p2a: Kingambit
|-immune|p2a: Kingambit
|
|-damage|p1a: Dragonite|0 fnt|[from] psn
|faint|p1a: Dragonite
|
|win|lebmaster
|raw|kittensnax's rating: 1269 &rarr; <strong>1247</strong><br />(-22 for losing)
|raw|lebmaster's rating: 1309 &rarr; <strong>1327</strong><br />(+18 for winning)
|l|☆lebmaster
|player|p2|
|c|☆kittensnax|Gg
|l|☆kittensnax
|player|p1|
