|j|☆Kainoa55
|j|☆jardison
|t:|1743885116
|gametype|singles
|player|p1|Kainoa55|ingo|1306
|player|p2|jardison|li|1301
|teamsize|p1|6
|teamsize|p2|6
|gen|9
|tier|[Gen 9] OU
|rated|
|rule|HP Percentage Mod: HP is shown in percentages
|rule|Endless Battle Clause: Forcing endless battles is banned
|rule|Species Clause: Limit one of each Pokémon
|rule|OHKO Clause: OHKO moves are banned
|rule|Evasion Items Clause: Evasion items are banned
|rule|Evasion Moves Clause: Evasion moves are banned
|rule|Sleep Moves Clause: Sleep-inducing moves are banned
|clearpoke
|poke|p1|Eelektross, M|
|poke|p1|Gallade, M|
|poke|p1|Ursaluna, F|
|poke|p1|Salamence, F|
|poke|p1|Froslass, F|
|poke|p1|Krookodile, M|
|poke|p2|Weavile, F|
|poke|p2|Glimmora, F|
|poke|p2|Zamazenta-*|
|poke|p2|Latias, F|
|poke|p2|Gholdengo|
|poke|p2|Dragonite, M|
|teampreview
|inactive|Battle timer is ON: inactive players will automatically lose when time's up. (requested by Kainoa55)
|
|t:|1743885127
|start
|switch|p1a: Eelektross|Eelektross, M|100/100
|switch|p2a: Glimmora|Glimmora, F|100/100
|turn|1
|
|t:|1743885136
|move|p2a: Glimmora|Mortal Spin|p1a: Eelektross
|-damage|p1a: Eelektross|94/100
|-status|p1a: Eelektross|psn
|move|p1a: Eelektross|Thunderbolt|p2a: Glimmora
|-damage|p2a: Glimmora|47/100
|
|-damage|p1a: Eelektross|82/100 psn|[from] psn
|upkeep
|turn|2
|
|t:|1743885146
|switch|p2a: Latias|Latias, F|100/100
|move|p1a: Eelektross|Thunderbolt|p2a: Latias
|-resisted|p2a: Latias
|-damage|p2a: Latias|76/100
|
|-heal|p2a: Latias|82/100|[from] item: Leftovers
|-damage|p1a: Eelektross|69/100 psn|[from] psn
|upkeep
|turn|3
|
|t:|1743885158
|switch|p1a: Krookodile|Krookodile, M|100/100
|move|p2a: Latias|Agility|p2a: Latias
|-boost|p2a: Latias|spe|2
|
|-heal|p2a: Latias|88/100|[from] item: Leftovers
|upkeep
|turn|4
|
|t:|1743885165
|-terastallize|p2a: Latias|Fairy
|move|p2a: Latias|Calm Mind|p2a: Latias
|-boost|p2a: Latias|spa|1
|-boost|p2a: Latias|spd|1
|move|p1a: Krookodile|Knock Off|p2a: Latias
|-resisted|p2a: Latias
|-damage|p2a: Latias|64/100
|-enditem|p2a: Latias|Leftovers|[from] move: Knock Off|[of] p1a: Krookodile
|
|upkeep
|turn|5
|
|t:|1743885178
|switch|p1a: Gallade|Gallade, M|100/100
|move|p2a: Latias|Draining Kiss|p1a: Gallade
|-supereffective|p1a: Gallade
|-damage|p1a: Gallade|59/100
|-heal|p2a: Latias|88/100|[from] drain|[of] p1a: Gallade
|
|upkeep
|turn|6
|
|t:|1743885211
|-terastallize|p1a: Gallade|Water
|move|p2a: Latias|Stored Power|p1a: Gallade
|-damage|p1a: Gallade|24/100
|move|p1a: Gallade|Psycho Cut|p2a: Latias
|-damage|p2a: Latias|35/100
|
|upkeep
|turn|7
|
|t:|1743885224
|move|p1a: Gallade|Shadow Sneak|p2a: Latias
|-damage|p2a: Latias|21/100
|move|p2a: Latias|Stored Power|p1a: Gallade
|-damage|p1a: Gallade|0 fnt
|faint|p1a: Gallade
|
|upkeep
|
|t:|1743885233
|switch|p1a: Ursaluna|Ursaluna, F|100/100
|turn|8
|
|t:|1743885238
|move|p1a: Ursaluna|Protect|p1a: Ursaluna
|-singleturn|p1a: Ursaluna|Protect
|move|p2a: Latias|Calm Mind|p2a: Latias
|-boost|p2a: Latias|spa|1
|-boost|p2a: Latias|spd|1
|
|-status|p1a: Ursaluna|brn|[from] item: Flame Orb
|upkeep
|turn|9
|
|t:|1743885251
|move|p2a: Latias|Stored Power|p1a: Ursaluna
|-damage|p1a: Ursaluna|0 fnt
|faint|p1a: Ursaluna
|
|upkeep
|
|t:|1743885257
|switch|p1a: Salamence|Salamence, F|100/100
|turn|10
|-message|Kainoa55 forfeited.
|
|win|jardison
|raw|Kainoa55's rating: 1306 &rarr; <strong>1286</strong><br />(-20 for losing)
|raw|jardison's rating: 1301 &rarr; <strong>1321</strong><br />(+20 for winning)
|l|☆Kainoa55
|player|p1|
|l|☆jardison
|player|p2|
