|j|☆Violet1994
|j|☆Chabbott918
|t:|1743907737
|gametype|singles
|player|p1|Violet1994|cheryl|1276
|player|p2|Chabbott918|dahlia|1319
|teamsize|p1|6
|teamsize|p2|6
|gen|9
|tier|[Gen 9] OU
|rated|
|rule|HP Percentage Mod: HP is shown in percentages
|rule|Endless Battle Clause: Forcing endless battles is banned
|rule|Species Clause: Limit one of each Pokémon
|rule|OHKO Clause: OHKO moves are banned
|rule|Evasion Items Clause: Evasion items are banned
|rule|Evasion Moves Clause: Evasion moves are banned
|rule|Sleep Moves Clause: Sleep-inducing moves are banned
|clearpoke
|poke|p1|Meganium, F|
|poke|p1|Clefable, M|
|poke|p1|Gardevoir, F|
|poke|p1|Milotic, F|
|poke|p1|Chandelure, M|
|poke|p1|Dragonite, M|
|poke|p2|Ogerpon-Cornerstone, F|
|poke|p2|Greninja-*, M|
|poke|p2|Corviknight, M|
|poke|p2|Ribombee, F|
|poke|p2|Kommo-o, M|
|poke|p2|Iron Moth|
|teampreview
|inactive|Battle timer is ON: inactive players will automatically lose when time's up. (requested by Violet1994)
|inactive|Chabbott918 has 120 seconds left.
|
|t:|1743907777
|start
|switch|p1a: Chandelure|Chandelure, M, shiny|100/100
|switch|p2a: Ribombee|Ribombee, F, shiny|100/100
|turn|1
|
|t:|1743907797
|move|p2a: Ribombee|Sticky Web|p1a: Chandelure
|-sidestart|p1: Violet1994|move: Sticky Web
|move|p1a: Chandelure|Trick Room|p1a: Chandelure
|-fieldstart|move: Trick Room|[of] p1a: Chandelure
|
|upkeep
|turn|2
|
|t:|1743907801
|move|p1a: Chandelure|Heat Wave|p2a: Ribombee
|-supereffective|p2a: Ribombee
|-enditem|p2a: Ribombee|Focus Sash
|-damage|p2a: Ribombee|1/100
|move|p2a: Ribombee|Stun Spore|p1a: Chandelure
|-status|p1a: Chandelure|par
|
|upkeep
|turn|3
|
|t:|1743907805
|move|p1a: Chandelure|Shadow Ball|p2a: Ribombee
|-damage|p2a: Ribombee|0 fnt
|faint|p2a: Ribombee
|
|upkeep
|
|t:|1743907810
|switch|p2a: Iron Moth|Iron Moth, shiny|100/100
|-enditem|p2a: Iron Moth|Booster Energy
|-activate|p2a: Iron Moth|ability: Quark Drive|[fromitem]
|-start|p2a: Iron Moth|quarkdrivespe
|turn|4
|
|t:|1743907818
|move|p1a: Chandelure|Shadow Ball|p2a: Iron Moth
|-damage|p2a: Iron Moth|51/100
|move|p2a: Iron Moth|Substitute|p2a: Iron Moth
|-start|p2a: Iron Moth|Substitute
|-damage|p2a: Iron Moth|26/100
|
|upkeep
|turn|5
|
|t:|1743907828
|cant|p1a: Chandelure|par
|move|p2a: Iron Moth|Sludge Wave|p1a: Chandelure
|-resisted|p1a: Chandelure
|-damage|p1a: Chandelure|71/100 par
|
|-fieldend|move: Trick Room
|upkeep
|turn|6
|
|t:|1743907840
|move|p2a: Iron Moth|Sludge Wave|p1a: Chandelure
|-resisted|p1a: Chandelure
|-damage|p1a: Chandelure|43/100 par
|move|p1a: Chandelure|Trick Room|p1a: Chandelure
|-fieldstart|move: Trick Room|[of] p1a: Chandelure
|
|upkeep
|turn|7
|
|t:|1743907845
|move|p1a: Chandelure|Shadow Ball|p2a: Iron Moth
|-end|p2a: Iron Moth|Substitute
|move|p2a: Iron Moth|Sludge Wave|p1a: Chandelure
|-resisted|p1a: Chandelure
|-damage|p1a: Chandelure|18/100 par
|
|upkeep
|turn|8
|
|t:|1743907855
|cant|p1a: Chandelure|par
|move|p2a: Iron Moth|Substitute|p2a: Iron Moth
|-start|p2a: Iron Moth|Substitute
|-damage|p2a: Iron Moth|1/100
|
|upkeep
|turn|9
|
|t:|1743907858
|move|p1a: Chandelure|Shadow Ball|p2a: Iron Moth
|-end|p2a: Iron Moth|Substitute
|move|p2a: Iron Moth|Sludge Wave|p1a: Chandelure
|-resisted|p1a: Chandelure
|-damage|p1a: Chandelure|0 fnt
|faint|p1a: Chandelure
|
|upkeep
|
|t:|1743907865
|switch|p1a: Milotic|Milotic, F, shiny|100/100
|-activate|p1a: Milotic|move: Sticky Web
|-unboost|p1a: Milotic|spe|1
|-ability|p1a: Milotic|Competitive|boost
|-boost|p1a: Milotic|spa|2
|turn|10
|
|t:|1743907869
|move|p1a: Milotic|Scald|p2a: Iron Moth
|-supereffective|p2a: Iron Moth
|-damage|p2a: Iron Moth|0 fnt
|faint|p2a: Iron Moth
|-end|p2a: Iron Moth|Quark Drive|[silent]
|
|-fieldend|move: Trick Room
|upkeep
|
|t:|1743907872
|switch|p2a: Ogerpon|Ogerpon-Cornerstone, F|100/100
|turn|11
|
|t:|1743907895
|move|p2a: Ogerpon|Swords Dance|p2a: Ogerpon
|-boost|p2a: Ogerpon|atk|2
|move|p1a: Milotic|Scald|p2a: Ogerpon
|-damage|p2a: Ogerpon|33/100
|
|upkeep
|turn|12
|
|t:|1743907901
|-terastallize|p1a: Milotic|Fairy
|move|p2a: Ogerpon|Ivy Cudgel|p1a: Milotic|[anim] Ivy Cudgel Rock
|-damage|p1a: Milotic|20/100
|move|p1a: Milotic|Scald|p2a: Ogerpon
|-damage|p2a: Ogerpon|0 fnt
|faint|p2a: Ogerpon
|
|-heal|p1a: Milotic|26/100|[from] item: Leftovers
|upkeep
|
|t:|1743907911
|switch|p2a: Greninja|Greninja, M|100/100
|turn|13
|
|t:|1743907918
|move|p2a: Greninja|Surf|p1a: Milotic
|-start|p2a: Greninja|typechange|Water|[from] ability: Protean
|-damage|p1a: Milotic|0 fnt
|faint|p1a: Milotic
|
|upkeep
|
|t:|1743907923
|switch|p1a: Meganium|Meganium, F, shiny|100/100
|-activate|p1a: Meganium|move: Sticky Web
|-fail|p1a: Meganium|unboost|[from] item: Clear Amulet|[of] p1a: Meganium
|turn|14
|
|t:|1743907926
|switch|p2a: Corviknight|Corviknight, M, shiny|100/100
|-ability|p2a: Corviknight|Pressure
|move|p1a: Meganium|Swords Dance|p1a: Meganium
|-boost|p1a: Meganium|atk|2
|
|upkeep
|turn|15
|
|t:|1743907929
|move|p1a: Meganium|Petal Blizzard|p2a: Corviknight
|-resisted|p2a: Corviknight
|-damage|p2a: Corviknight|92/100
|move|p2a: Corviknight|U-turn|p1a: Meganium
|-supereffective|p1a: Meganium
|-damage|p1a: Meganium|79/100
|
|t:|1743907941
|switch|p2a: Greninja|Greninja, M|100/100|[from] U-turn
|
|upkeep
|turn|16
|
|t:|1743907964
|move|p2a: Greninja|Ice Beam|p1a: Meganium
|-start|p2a: Greninja|typechange|Ice|[from] ability: Protean
|-supereffective|p1a: Meganium
|-damage|p1a: Meganium|0 fnt
|faint|p1a: Meganium
|
|upkeep
|
|t:|1743907971
|switch|p1a: Clefable|Clefable, M, shiny|100/100
|-activate|p1a: Clefable|move: Sticky Web
|-unboost|p1a: Clefable|spe|1
|turn|17
|
|t:|1743907980
|switch|p2a: Corviknight|Corviknight, M, shiny|92/100
|-ability|p2a: Corviknight|Pressure
|move|p1a: Clefable|Thunder Wave|p2a: Corviknight|[miss]
|-miss|p1a: Clefable|p2a: Corviknight
|
|upkeep
|turn|18
|
|t:|1743907985
|move|p2a: Corviknight|Body Press|p1a: Clefable
|-resisted|p1a: Clefable
|-damage|p1a: Clefable|86/100
|move|p1a: Clefable|Thunder Wave|p2a: Corviknight
|-status|p2a: Corviknight|par
|
|upkeep
|turn|19
|
|t:|1743907991
|move|p1a: Clefable|Meteor Beam||[still]
|-prepare|p1a: Clefable|Meteor Beam
|-boost|p1a: Clefable|spa|1
|-enditem|p1a: Clefable|Power Herb
|-anim|p1a: Clefable|Meteor Beam|p2a: Corviknight
|-damage|p2a: Corviknight|38/100 par
|move|p2a: Corviknight|U-turn|p1a: Clefable
|-resisted|p1a: Clefable
|-damage|p1a: Clefable|78/100
|
|t:|1743908001
|switch|p2a: Greninja|Greninja, M|100/100|[from] U-turn
|
|upkeep
|turn|20
|
|t:|1743908007
|move|p2a: Greninja|Surf|p1a: Clefable
|-start|p2a: Greninja|typechange|Water|[from] ability: Protean
|-damage|p1a: Clefable|19/100
|move|p1a: Clefable|Thunder Wave|p2a: Greninja
|-status|p2a: Greninja|par
|
|upkeep
|turn|21
|
|t:|1743908012
|move|p2a: Greninja|Surf|p1a: Clefable
|-damage|p1a: Clefable|0 fnt
|faint|p1a: Clefable
|
|upkeep
|
|t:|1743908016
|switch|p1a: Gardevoir|Gardevoir, F, shiny|100/100
|-activate|p1a: Gardevoir|move: Sticky Web
|-unboost|p1a: Gardevoir|spe|1
|-ability|p1a: Gardevoir|Protean|[from] ability: Trace|[of] p2a: Greninja
|turn|22
|
|t:|1743908020
|cant|p2a: Greninja|par
|move|p1a: Gardevoir|Psychic|p2a: Greninja
|-start|p1a: Gardevoir|typechange|Psychic|[from] ability: Protean
|-damage|p2a: Greninja|28/100 par
|
|upkeep
|turn|23
|
|t:|1743908026
|move|p2a: Greninja|Surf|p1a: Gardevoir
|-damage|p1a: Gardevoir|49/100
|move|p1a: Gardevoir|Moonblast|p2a: Greninja
|-damage|p2a: Greninja|0 fnt
|faint|p2a: Greninja
|
|upkeep
|
|t:|1743908031
|switch|p2a: Kommo-o|Kommo-o, M, shiny|100/100
|turn|24
|
|t:|1743908033
|move|p2a: Kommo-o|Scale Shot|p1a: Gardevoir
|-damage|p1a: Gardevoir|33/100
|-damage|p1a: Gardevoir|15/100
|-damage|p1a: Gardevoir|0 fnt
|faint|p1a: Gardevoir
|-hitcount|p1: Gardevoir|3
|-unboost|p2a: Kommo-o|def|1
|-boost|p2a: Kommo-o|spe|1
|
|upkeep
|
|t:|1743908037
|switch|p1a: Dragonite|Dragonite, M, shiny|100/100
|turn|25
|
|t:|1743908040
|move|p2a: Kommo-o|Scale Shot|p1a: Dragonite|[miss]
|-miss|p2a: Kommo-o|p1a: Dragonite
|move|p1a: Dragonite|Dragon Claw|p2a: Kommo-o
|-supereffective|p2a: Kommo-o
|-damage|p2a: Kommo-o|0 fnt
|faint|p2a: Kommo-o
|
|upkeep
|
|t:|1743908043
|switch|p2a: Corviknight|Corviknight, M, shiny|38/100 par
|-ability|p2a: Corviknight|Pressure
|turn|26
|
|t:|1743908048
|move|p1a: Dragonite|Dragon Claw|p2a: Corviknight
|-resisted|p2a: Corviknight
|-damage|p2a: Corviknight|17/100 par
|-damage|p1a: Dragonite|84/100|[from] item: Rocky Helmet|[of] p2a: Corviknight
|move|p2a: Corviknight|Roost|p2a: Corviknight
|-heal|p2a: Corviknight|67/100 par
|-singleturn|p2a: Corviknight|move: Roost
|
|upkeep
|turn|27
|
|t:|1743908054
|move|p1a: Dragonite|Dragon Claw|p2a: Corviknight
|-resisted|p2a: Corviknight
|-damage|p2a: Corviknight|46/100 par
|-damage|p1a: Dragonite|67/100|[from] item: Rocky Helmet|[of] p2a: Corviknight
|move|p2a: Corviknight|Roost|p2a: Corviknight
|-heal|p2a: Corviknight|96/100 par
|-singleturn|p2a: Corviknight|move: Roost
|
|upkeep
|turn|28
|
|t:|1743908060
|move|p1a: Dragonite|Dragon Claw|p2a: Corviknight
|-resisted|p2a: Corviknight
|-damage|p2a: Corviknight|76/100 par
|-damage|p1a: Dragonite|51/100|[from] item: Rocky Helmet|[of] p2a: Corviknight
|move|p2a: Corviknight|Body Press|p1a: Dragonite
|-resisted|p1a: Dragonite
|-damage|p1a: Dragonite|39/100
|
|upkeep
|turn|29
|
|t:|1743908063
|move|p1a: Dragonite|Dragon Claw|p2a: Corviknight
|-resisted|p2a: Corviknight
|-crit|p2a: Corviknight
|-damage|p2a: Corviknight|44/100 par
|-damage|p1a: Dragonite|22/100|[from] item: Rocky Helmet|[of] p2a: Corviknight
|cant|p2a: Corviknight|par
|
|upkeep
|turn|30
|
|t:|1743908067
|move|p1a: Dragonite|Dragon Claw|p2a: Corviknight
|-resisted|p2a: Corviknight
|-damage|p2a: Corviknight|23/100 par
|-damage|p1a: Dragonite|6/100|[from] item: Rocky Helmet|[of] p2a: Corviknight
|move|p2a: Corviknight|Roost|p2a: Corviknight
|-heal|p2a: Corviknight|73/100 par
|-singleturn|p2a: Corviknight|move: Roost
|
|upkeep
|turn|31
|
|t:|1743908069
|move|p1a: Dragonite|Dragon Claw|p2a: Corviknight
|-resisted|p2a: Corviknight
|-damage|p2a: Corviknight|51/100 par
|-damage|p1a: Dragonite|0 fnt|[from] item: Rocky Helmet|[of] p2a: Corviknight
|faint|p1a: Dragonite
|
|win|Chabbott918
|raw|Violet1994's rating: 1276 &rarr; <strong>1254</strong><br />(-22 for losing)
|raw|Chabbott918's rating: 1319 &rarr; <strong>1337</strong><br />(+18 for winning)
|l|☆Violet1994
|player|p1|
|l|☆Chabbott918
|player|p2|
