|j|☆guesyo
|j|☆RosaJG
|t:|1743866146
|gametype|singles
|player|p1|guesyo|unknownf|1382
|player|p2|RosaJG|265|1413
|teamsize|p1|6
|teamsize|p2|6
|gen|9
|tier|[Gen 9] OU
|rated|
|rule|HP Percentage Mod: HP is shown in percentages
|rule|Endless Battle Clause: Forcing endless battles is banned
|rule|Species Clause: Limit one of each Pokémon
|rule|OHKO Clause: OHKO moves are banned
|rule|Evasion Items Clause: Evasion items are banned
|rule|Evasion Moves Clause: Evasion moves are banned
|rule|Sleep Moves Clause: Sleep-inducing moves are banned
|clearpoke
|poke|p1|Ogerpon-Wellspring, F|
|poke|p1|Gliscor, M|
|poke|p1|Bronzong|
|poke|p1|Corviknight, M|
|poke|p1|Landorus-Therian, M|
|poke|p1|Gholdengo|
|poke|p2|Ting-Lu|
|poke|p2|Gliscor, M|
|poke|p2|Sinistcha|
|poke|p2|Keldeo|
|poke|p2|Tinkaton, F|
|poke|p2|Dragonite, M|
|teampreview
|
|t:|1743866158
|start
|switch|p1a: Bronzong|Bronzong|100/100
|switch|p2a: My Little Pwny|Keldeo|100/100
|turn|1
|
|t:|1743866172
|move|p2a: My Little Pwny|Flip Turn|p1a: Bronzong
|-damage|p1a: Bronzong|87/100
|
|t:|1743866176
|switch|p2a: Cuphead|Ting-Lu|100/100|[from] Flip Turn
|-ability|p2a: Cuphead|Vessel of Ruin
|move|p1a: Bronzong|Stealth Rock|p2a: Cuphead
|-sidestart|p2: RosaJG|move: Stealth Rock
|
|-heal|p1a: Bronzong|93/100|[from] item: Leftovers
|upkeep
|turn|2
|
|t:|1743866187
|switch|p1a: Ogerpon|Ogerpon-Wellspring, F|100/100
|move|p2a: Cuphead|Spikes|p1a: Ogerpon
|-sidestart|p1: guesyo|Spikes
|
|upkeep
|turn|3
|
|t:|1743866197
|switch|p2a: Tchavis Scott|Sinistcha|100/100
|move|p1a: Ogerpon|Ivy Cudgel|p2a: Tchavis Scott|[anim] Ivy Cudgel Water
|-resisted|p2a: Tchavis Scott
|-damage|p2a: Tchavis Scott|80/100
|
|upkeep
|turn|4
|
|t:|1743866205
|move|p1a: Ogerpon|U-turn|p2a: Tchavis Scott
|-damage|p2a: Tchavis Scott|61/100
|
|t:|1743866206
|switch|p1a: Gholdengo|Gholdengo|100/100|[from] U-turn
|-item|p1a: Gholdengo|Air Balloon
|move|p2a: Tchavis Scott|Strength Sap|p1a: Gholdengo
|-immune|p1a: Gholdengo|[from] ability: Good as Gold
|
|upkeep
|turn|5
|
|t:|1743866218
|switch|p2a: Cuphead|Ting-Lu|100/100
|-damage|p2a: Cuphead|94/100|[from] Stealth Rock
|-ability|p2a: Cuphead|Vessel of Ruin
|move|p1a: Gholdengo|Shadow Ball|p2a: Cuphead
|-resisted|p2a: Cuphead
|-damage|p2a: Cuphead|87/100
|
|-heal|p2a: Cuphead|94/100|[from] item: Leftovers
|upkeep
|turn|6
|
|t:|1743866223
|switch|p1a: Gliscor|Gliscor, M|100/100
|move|p2a: Cuphead|Ruination|p1a: Gliscor
|-damage|p1a: Gliscor|50/100
|
|-heal|p2a: Cuphead|99/100|[from] item: Leftovers
|-status|p1a: Gliscor|tox|[from] item: Toxic Orb
|upkeep
|turn|7
|
|t:|1743866229
|move|p1a: Gliscor|Knock Off|p2a: Cuphead
|-resisted|p2a: Cuphead
|-damage|p2a: Cuphead|94/100
|-enditem|p2a: Cuphead|Leftovers|[from] move: Knock Off|[of] p1a: Gliscor
|move|p2a: Cuphead|Spikes|p1a: Gliscor
|-sidestart|p1: guesyo|Spikes
|
|-heal|p1a: Gliscor|63/100 tox|[from] ability: Poison Heal
|upkeep
|turn|8
|
|t:|1743866241
|move|p1a: Gliscor|Swords Dance|p1a: Gliscor
|-boost|p1a: Gliscor|atk|2
|move|p2a: Cuphead|Whirlwind|p1a: Gliscor
|drag|p1a: Bronzong|Bronzong|93/100
|
|-heal|p1a: Bronzong|99/100|[from] item: Leftovers
|upkeep
|turn|9
|
|t:|1743866253
|switch|p2a: Tchavis Scott|Sinistcha|61/100
|move|p1a: Bronzong|Body Press|p2a: Tchavis Scott
|-immune|p2a: Tchavis Scott
|
|-heal|p1a: Bronzong|100/100|[from] item: Leftovers
|upkeep
|turn|10
|
|t:|1743866262
|switch|p1a: Corviknight|Corviknight, M|100/100
|-ability|p1a: Corviknight|Pressure
|move|p2a: Tchavis Scott|Matcha Gotcha|p1a: Corviknight
|-resisted|p1a: Corviknight
|-damage|p1a: Corviknight|93/100
|-heal|p2a: Tchavis Scott|65/100|[from] drain|[of] p1a: Corviknight
|
|upkeep
|turn|11
|
|t:|1743866275
|switch|p1a: Landorus|Landorus-Therian, M|100/100
|-ability|p1a: Landorus|Intimidate|boost
|-unboost|p2a: Tchavis Scott|atk|1
|move|p2a: Tchavis Scott|Shadow Ball|p1a: Landorus
|-damage|p1a: Landorus|68/100
|
|upkeep
|turn|12
|
|t:|1743866283
|move|p1a: Landorus|Taunt|p2a: Tchavis Scott
|-start|p2a: Tchavis Scott|move: Taunt
|move|p2a: Tchavis Scott|Matcha Gotcha|p1a: Landorus|[miss]
|-miss|p2a: Tchavis Scott|p1a: Landorus
|
|upkeep
|turn|13
|
|t:|1743866289
|move|p1a: Landorus|U-turn|p2a: Tchavis Scott
|-damage|p2a: Tchavis Scott|51/100
|
|t:|1743866294
|switch|p1a: Ogerpon|Ogerpon-Wellspring, F|100/100|[from] U-turn
|-damage|p1a: Ogerpon|84/100|[from] Spikes
|move|p2a: Tchavis Scott|Matcha Gotcha|p1a: Ogerpon
|-damage|p1a: Ogerpon|46/100
|-heal|p2a: Tchavis Scott|67/100|[from] drain|[of] p1a: Ogerpon
|-status|p1a: Ogerpon|brn
|
|-damage|p1a: Ogerpon|40/100 brn|[from] brn
|upkeep
|turn|14
|
|t:|1743866298
|move|p1a: Ogerpon|Spikes|p2a: Tchavis Scott
|-sidestart|p2: RosaJG|Spikes
|move|p2a: Tchavis Scott|Matcha Gotcha|p1a: Ogerpon
|-damage|p1a: Ogerpon|1/100 brn
|-heal|p2a: Tchavis Scott|84/100|[from] drain|[of] p1a: Ogerpon
|
|-damage|p1a: Ogerpon|0 fnt|[from] brn
|faint|p1a: Ogerpon
|-end|p2a: Tchavis Scott|move: Taunt
|upkeep
|
|t:|1743866303
|switch|p1a: Gholdengo|Gholdengo|100/100
|-item|p1a: Gholdengo|Air Balloon
|turn|15
|
|t:|1743866320
|switch|p2a: Cuphead|Ting-Lu|94/100
|-damage|p2a: Cuphead|88/100|[from] Stealth Rock
|-damage|p2a: Cuphead|75/100|[from] Spikes
|-ability|p2a: Cuphead|Vessel of Ruin
|move|p1a: Gholdengo|Shadow Ball|p2a: Cuphead
|-resisted|p2a: Cuphead
|-damage|p2a: Cuphead|68/100
|
|upkeep
|turn|16
|
|t:|1743866325
|switch|p1a: Landorus|Landorus-Therian, M|68/100
|-ability|p1a: Landorus|Intimidate|boost
|-unboost|p2a: Cuphead|atk|1
|move|p2a: Cuphead|Ruination|p1a: Landorus|[miss]
|-miss|p2a: Cuphead|p1a: Landorus
|
|upkeep
|turn|17
|
|t:|1743866332
|move|p1a: Landorus|Taunt|p2a: Cuphead
|-start|p2a: Cuphead|move: Taunt
|cant|p2a: Cuphead|move: Taunt|Whirlwind
|
|upkeep
|turn|18
|
|t:|1743866336
|move|p1a: Landorus|U-turn|p2a: Cuphead
|-supereffective|p2a: Cuphead
|-damage|p2a: Cuphead|47/100
|
|t:|1743866337
|switch|p1a: Gliscor|Gliscor, M|63/100 tox|[from] U-turn
|move|p2a: Cuphead|Ruination|p1a: Gliscor
|-damage|p1a: Gliscor|32/100 tox
|
|-heal|p1a: Gliscor|44/100 tox|[from] ability: Poison Heal
|upkeep
|turn|19
|
|t:|1743866344
|switch|p2a: My Little Pwny|Keldeo|100/100
|move|p1a: Gliscor|Swords Dance|p1a: Gliscor
|-boost|p1a: Gliscor|atk|2
|
|-heal|p1a: Gliscor|57/100 tox|[from] ability: Poison Heal
|upkeep
|turn|20
|
|t:|1743866349
|move|p1a: Gliscor|Protect|p1a: Gliscor
|-singleturn|p1a: Gliscor|Protect
|move|p2a: My Little Pwny|Surf|p1a: Gliscor
|-activate|p1a: Gliscor|move: Protect
|
|-heal|p1a: Gliscor|69/100 tox|[from] ability: Poison Heal
|upkeep
|turn|21
|
|t:|1743866354
|switch|p1a: Bronzong|Bronzong|100/100
|move|p2a: My Little Pwny|Surf|p1a: Bronzong
|-damage|p1a: Bronzong|69/100
|
|-heal|p1a: Bronzong|76/100|[from] item: Leftovers
|upkeep
|turn|22
|
|t:|1743866366
|move|p2a: My Little Pwny|Flip Turn|p1a: Bronzong
|-damage|p1a: Bronzong|64/100
|
|t:|1743866369
|switch|p2a: Tinkki Minaj|Tinkaton, F|100/100|[from] Flip Turn
|-damage|p2a: Tinkki Minaj|94/100|[from] Stealth Rock
|-item|p2a: Tinkki Minaj|Air Balloon
|move|p1a: Bronzong|Psychic Noise|p2a: Tinkki Minaj
|-resisted|p2a: Tinkki Minaj
|-damage|p2a: Tinkki Minaj|85/100
|-start|p2a: Tinkki Minaj|move: Heal Block
|-enditem|p2a: Tinkki Minaj|Air Balloon
|
|-heal|p1a: Bronzong|70/100|[from] item: Leftovers
|upkeep
|turn|23
|
|t:|1743866386
|move|p2a: Tinkki Minaj|Stealth Rock|p1a: Bronzong
|-sidestart|p1: guesyo|move: Stealth Rock
|move|p1a: Bronzong|Body Press|p2a: Tinkki Minaj
|-damage|p2a: Tinkki Minaj|63/100
|-enditem|p1a: Bronzong|Leftovers|[silent]|[from] ability: Pickpocket|[of] p1a: Bronzong
|-item|p2a: Tinkki Minaj|Leftovers|[from] ability: Pickpocket|[of] p1a: Bronzong
|
|-end|p2a: Tinkki Minaj|move: Heal Block
|upkeep
|turn|24
|
|t:|1743866400
|switch|p1a: Gliscor|Gliscor, M|69/100 tox
|-damage|p1a: Gliscor|57/100 tox|[from] Stealth Rock
|move|p2a: Tinkki Minaj|Gigaton Hammer|p1a: Gliscor
|-damage|p1a: Gliscor|31/100 tox
|
|-heal|p2a: Tinkki Minaj|69/100|[from] item: Leftovers
|-heal|p1a: Gliscor|43/100 tox|[from] ability: Poison Heal
|upkeep
|turn|25
|
|t:|1743866414
|switch|p2a: My Little Pwny|Keldeo|100/100
|move|p1a: Gliscor|Knock Off|p2a: My Little Pwny
|-resisted|p2a: My Little Pwny
|-damage|p2a: My Little Pwny|88/100
|-ability|p2a: My Little Pwny|Justified|boost
|-boost|p2a: My Little Pwny|atk|1
|-enditem|p2a: My Little Pwny|Heavy-Duty Boots|[from] move: Knock Off|[of] p1a: Gliscor
|
|-heal|p1a: Gliscor|56/100 tox|[from] ability: Poison Heal
|upkeep
|turn|26
|
|t:|1743866423
|move|p1a: Gliscor|Protect|p1a: Gliscor
|-singleturn|p1a: Gliscor|Protect
|move|p2a: My Little Pwny|Surf|p1a: Gliscor
|-activate|p1a: Gliscor|move: Protect
|
|-heal|p1a: Gliscor|68/100 tox|[from] ability: Poison Heal
|upkeep
|turn|27
|
|t:|1743866430
|switch|p1a: Bronzong|Bronzong|70/100
|-damage|p1a: Bronzong|64/100|[from] Stealth Rock
|move|p2a: My Little Pwny|Surf|p1a: Bronzong
|-damage|p1a: Bronzong|30/100
|
|upkeep
|turn|28
|
|t:|1743866437
|move|p2a: My Little Pwny|Surf|p1a: Bronzong
|-crit|p1a: Bronzong
|-damage|p1a: Bronzong|0 fnt
|faint|p1a: Bronzong
|
|upkeep
|
|t:|1743866447
|switch|p1a: Corviknight|Corviknight, M|93/100
|-damage|p1a: Corviknight|80/100|[from] Stealth Rock
|-ability|p1a: Corviknight|Pressure
|turn|29
|
|t:|1743866460
|move|p2a: My Little Pwny|Flip Turn|p1a: Corviknight
|-damage|p1a: Corviknight|67/100
|-damage|p2a: My Little Pwny|72/100|[from] item: Rocky Helmet|[of] p1a: Corviknight
|
|t:|1743866467
|switch|p2a: Dance Armstrong|Gliscor, M|100/100|[from] Flip Turn
|-damage|p2a: Dance Armstrong|88/100|[from] Stealth Rock
|move|p1a: Corviknight|Roost|p1a: Corviknight
|-heal|p1a: Corviknight|100/100
|-singleturn|p1a: Corviknight|move: Roost
|
|-status|p2a: Dance Armstrong|tox|[from] item: Toxic Orb
|upkeep
|turn|30
|
|t:|1743866483
|move|p2a: Dance Armstrong|Swords Dance|p2a: Dance Armstrong
|-boost|p2a: Dance Armstrong|atk|2
|move|p1a: Corviknight|Iron Defense|p1a: Corviknight
|-boost|p1a: Corviknight|def|2
|
|-heal|p2a: Dance Armstrong|100/100 tox|[from] ability: Poison Heal
|upkeep
|turn|31
|
|t:|1743866489
|move|p2a: Dance Armstrong|Knock Off|p1a: Corviknight
|-damage|p1a: Corviknight|87/100
|-damage|p2a: Dance Armstrong|84/100 tox|[from] item: Rocky Helmet|[of] p1a: Corviknight
|-enditem|p1a: Corviknight|Rocky Helmet|[from] move: Knock Off|[of] p2a: Dance Armstrong
|move|p1a: Corviknight|Iron Defense|p1a: Corviknight
|-boost|p1a: Corviknight|def|2
|
|-heal|p2a: Dance Armstrong|97/100 tox|[from] ability: Poison Heal
|upkeep
|turn|32
|
|t:|1743866496
|switch|p2a: Secret Service|Dragonite, M|100/100
|move|p1a: Corviknight|Body Press|p2a: Secret Service
|-resisted|p2a: Secret Service
|-damage|p2a: Secret Service|83/100
|
|upkeep
|turn|33
|
|t:|1743866503
|move|p1a: Corviknight|Body Press|p2a: Secret Service
|-resisted|p2a: Secret Service
|-damage|p2a: Secret Service|46/100
|move|p2a: Secret Service|Dragon Tail|p1a: Corviknight
|-resisted|p1a: Corviknight
|-damage|p1a: Corviknight|83/100
|drag|p1a: Gliscor|Gliscor, M|68/100 tox
|-damage|p1a: Gliscor|56/100 tox|[from] Stealth Rock
|
|-heal|p1a: Gliscor|68/100 tox|[from] ability: Poison Heal
|upkeep
|turn|34
|
|t:|1743866518
|move|p1a: Gliscor|Protect|p1a: Gliscor
|-singleturn|p1a: Gliscor|Protect
|move|p2a: Secret Service|Roost|p2a: Secret Service
|-heal|p2a: Secret Service|96/100
|-singleturn|p2a: Secret Service|move: Roost
|
|-heal|p1a: Gliscor|81/100 tox|[from] ability: Poison Heal
|upkeep
|turn|35
|
|t:|1743866524
|switch|p1a: Landorus|Landorus-Therian, M|68/100
|-damage|p1a: Landorus|56/100|[from] Stealth Rock
|-ability|p1a: Landorus|Intimidate|boost
|-unboost|p2a: Secret Service|atk|1
|move|p2a: Secret Service|Roost|p2a: Secret Service
|-heal|p2a: Secret Service|100/100
|-singleturn|p2a: Secret Service|move: Roost
|
|upkeep
|turn|36
|
|t:|1743866531
|move|p1a: Landorus|Taunt|p2a: Secret Service
|-start|p2a: Secret Service|move: Taunt
|move|p2a: Secret Service|Dragon Tail|p1a: Landorus
|-damage|p1a: Landorus|35/100
|-damage|p2a: Secret Service|84/100|[from] item: Rocky Helmet|[of] p1a: Landorus
|drag|p1a: Corviknight|Corviknight, M|83/100
|-damage|p1a: Corviknight|71/100|[from] Stealth Rock
|-ability|p1a: Corviknight|Pressure
|
|upkeep
|turn|37
|
|t:|1743866539
|switch|p2a: Tchavis Scott|Sinistcha|84/100
|move|p1a: Corviknight|Roost|p1a: Corviknight
|-heal|p1a: Corviknight|100/100
|-singleturn|p1a: Corviknight|move: Roost
|
|upkeep
|turn|38
|
|t:|1743866546
|move|p2a: Tchavis Scott|Shadow Ball|p1a: Corviknight
|-damage|p1a: Corviknight|69/100
|move|p1a: Corviknight|Brave Bird|p2a: Tchavis Scott
|-supereffective|p2a: Tchavis Scott
|-damage|p2a: Tchavis Scott|32/100
|-damage|p1a: Corviknight|54/100|[from] Recoil
|
|upkeep
|turn|39
|
|t:|1743866553
|switch|p1a: Gholdengo|Gholdengo|100/100
|-damage|p1a: Gholdengo|94/100|[from] Stealth Rock
|-item|p1a: Gholdengo|Air Balloon
|move|p2a: Tchavis Scott|Matcha Gotcha|p1a: Gholdengo|[miss]
|-miss|p2a: Tchavis Scott|p1a: Gholdengo
|
|upkeep
|turn|40
|
|t:|1743866561
|switch|p2a: Cuphead|Ting-Lu|47/100
|-damage|p2a: Cuphead|40/100|[from] Stealth Rock
|-damage|p2a: Cuphead|28/100|[from] Spikes
|-ability|p2a: Cuphead|Vessel of Ruin
|move|p1a: Gholdengo|Shadow Ball|p2a: Cuphead
|-resisted|p2a: Cuphead
|-damage|p2a: Cuphead|21/100
|-unboost|p2a: Cuphead|spd|1
|
|upkeep
|turn|41
|
|t:|1743866564
|move|p1a: Gholdengo|Make It Rain|p2a: Cuphead
|-damage|p2a: Cuphead|0 fnt
|-unboost|p1a: Gholdengo|spa|1
|faint|p2a: Cuphead
|
|upkeep
|
|t:|1743866583
|switch|p2a: Dance Armstrong|Gliscor, M|97/100 tox
|-damage|p2a: Dance Armstrong|84/100 tox|[from] Stealth Rock
|turn|42
|
|t:|1743866588
|switch|p1a: Corviknight|Corviknight, M|54/100
|-damage|p1a: Corviknight|41/100|[from] Stealth Rock
|-ability|p1a: Corviknight|Pressure
|move|p2a: Dance Armstrong|Knock Off|p1a: Corviknight
|-damage|p1a: Corviknight|33/100
|
|-heal|p2a: Dance Armstrong|97/100 tox|[from] ability: Poison Heal
|upkeep
|turn|43
|
|t:|1743866595
|switch|p2a: My Little Pwny|Keldeo|72/100
|-damage|p2a: My Little Pwny|66/100|[from] Stealth Rock
|-damage|p2a: My Little Pwny|53/100|[from] Spikes
|move|p1a: Corviknight|Roost|p1a: Corviknight
|-heal|p1a: Corviknight|83/100
|-singleturn|p1a: Corviknight|move: Roost
|
|upkeep
|turn|44
|
|t:|1743866600
|move|p2a: My Little Pwny|Surf|p1a: Corviknight
|-damage|p1a: Corviknight|40/100
|move|p1a: Corviknight|Roost|p1a: Corviknight
|-heal|p1a: Corviknight|90/100
|-singleturn|p1a: Corviknight|move: Roost
|
|upkeep
|turn|45
|
|t:|1743866605
|move|p2a: My Little Pwny|Surf|p1a: Corviknight
|-damage|p1a: Corviknight|41/100
|move|p1a: Corviknight|Brave Bird|p2a: My Little Pwny
|-supereffective|p2a: My Little Pwny
|-damage|p2a: My Little Pwny|0 fnt
|faint|p2a: My Little Pwny
|-damage|p1a: Corviknight|27/100|[from] Recoil
|
|upkeep
|
|t:|1743866615
|switch|p2a: Tinkki Minaj|Tinkaton, F|69/100
|-damage|p2a: Tinkki Minaj|63/100|[from] Stealth Rock
|-damage|p2a: Tinkki Minaj|50/100|[from] Spikes
|turn|46
|
|t:|1743866619
|move|p2a: Tinkki Minaj|Thunder Wave|p1a: Corviknight
|-status|p1a: Corviknight|par
|move|p1a: Corviknight|Roost|p1a: Corviknight
|-heal|p1a: Corviknight|77/100 par
|-singleturn|p1a: Corviknight|move: Roost
|
|-heal|p2a: Tinkki Minaj|57/100|[from] item: Leftovers
|upkeep
|turn|47
|
|t:|1743866622
|switch|p1a: Gliscor|Gliscor, M|81/100 tox
|-damage|p1a: Gliscor|68/100 tox|[from] Stealth Rock
|move|p2a: Tinkki Minaj|Encore||[still]
|-fail|p2a: Tinkki Minaj
|
|-heal|p2a: Tinkki Minaj|63/100|[from] item: Leftovers
|-heal|p1a: Gliscor|81/100 tox|[from] ability: Poison Heal
|upkeep
|turn|48
|
|t:|1743866627
|move|p2a: Tinkki Minaj|Gigaton Hammer|p1a: Gliscor
|-damage|p1a: Gliscor|51/100 tox
|move|p1a: Gliscor|Knock Off|p2a: Tinkki Minaj
|-resisted|p2a: Tinkki Minaj
|-damage|p2a: Tinkki Minaj|50/100
|-enditem|p2a: Tinkki Minaj|Leftovers|[from] move: Knock Off|[of] p1a: Gliscor
|-enditem|p1a: Gliscor|Toxic Orb|[silent]|[from] ability: Pickpocket|[of] p1a: Gliscor
|-item|p2a: Tinkki Minaj|Toxic Orb|[from] ability: Pickpocket|[of] p1a: Gliscor
|
|-heal|p1a: Gliscor|64/100 tox|[from] ability: Poison Heal
|upkeep
|turn|49
|
|t:|1743866640
|move|p2a: Tinkki Minaj|Encore|p1a: Gliscor
|-start|p1a: Gliscor|Encore
|move|p1a: Gliscor|Knock Off|p2a: Tinkki Minaj
|-resisted|p2a: Tinkki Minaj
|-damage|p2a: Tinkki Minaj|39/100
|-enditem|p2a: Tinkki Minaj|Toxic Orb|[from] move: Knock Off|[of] p1a: Gliscor
|
|-heal|p1a: Gliscor|76/100 tox|[from] ability: Poison Heal
|upkeep
|turn|50
|
|t:|1743866646
|move|p2a: Tinkki Minaj|Gigaton Hammer|p1a: Gliscor
|-damage|p1a: Gliscor|49/100 tox
|move|p1a: Gliscor|Knock Off|p2a: Tinkki Minaj
|-resisted|p2a: Tinkki Minaj
|-damage|p2a: Tinkki Minaj|32/100
|
|-heal|p1a: Gliscor|61/100 tox|[from] ability: Poison Heal
|upkeep
|turn|51
|
|t:|1743866660
|switch|p2a: Dance Armstrong|Gliscor, M|97/100 tox
|-damage|p2a: Dance Armstrong|84/100 tox|[from] Stealth Rock
|move|p1a: Gliscor|Knock Off|p2a: Dance Armstrong
|-damage|p2a: Dance Armstrong|66/100 tox
|-enditem|p2a: Dance Armstrong|Toxic Orb|[from] move: Knock Off|[of] p1a: Gliscor
|
|-heal|p2a: Dance Armstrong|78/100 tox|[from] ability: Poison Heal
|-heal|p1a: Gliscor|74/100 tox|[from] ability: Poison Heal
|-end|p1a: Gliscor|Encore
|upkeep
|turn|52
|
|t:|1743866672
|switch|p2a: Tchavis Scott|Sinistcha|32/100
|move|p1a: Gliscor|Swords Dance|p1a: Gliscor
|-boost|p1a: Gliscor|atk|2
|
|-heal|p1a: Gliscor|86/100 tox|[from] ability: Poison Heal
|upkeep
|turn|53
|
|t:|1743866676
|move|p1a: Gliscor|Knock Off|p2a: Tchavis Scott
|-supereffective|p2a: Tchavis Scott
|-damage|p2a: Tchavis Scott|0 fnt
|-enditem|p2a: Tchavis Scott|Heavy-Duty Boots|[from] move: Knock Off|[of] p1a: Gliscor
|faint|p2a: Tchavis Scott
|
|-heal|p1a: Gliscor|99/100 tox|[from] ability: Poison Heal
|upkeep
|-message|RosaJG forfeited.
|
|win|guesyo
|raw|guesyo's rating: 1382 &rarr; <strong>1404</strong><br />(+22 for winning)
|raw|RosaJG's rating: 1413 &rarr; <strong>1391</strong><br />(-22 for losing)
|l|☆RosaJG
|player|p2|
|l|☆guesyo
|player|p1|
