|j|☆LeDauphinRoi
|j|☆guesyo
|t:|1743894121
|gametype|singles
|player|p1|LeDauphinRoi|skierf|1424
|player|p2|guesyo|unknownf|1484
|teamsize|p1|6
|teamsize|p2|6
|gen|9
|tier|[Gen 9] OU
|rated|
|rule|HP Percentage Mod: HP is shown in percentages
|rule|Endless Battle Clause: Forcing endless battles is banned
|rule|Species Clause: Limit one of each Pokémon
|rule|OHKO Clause: OHKO moves are banned
|rule|Evasion Items Clause: Evasion items are banned
|rule|Evasion Moves Clause: Evasion moves are banned
|rule|Sleep Moves Clause: Sleep-inducing moves are banned
|clearpoke
|poke|p1|Ribombee, F|
|poke|p1|Cinderace, M|
|poke|p1|Serperior, M|
|poke|p1|Mimikyu, F|
|poke|p1|Dragapult, F|
|poke|p1|Bisharp, F|
|poke|p2|Garganacl, M|
|poke|p2|Weezing-Galar, F|
|poke|p2|Corviknight, M|
|poke|p2|Dragapult, M|
|poke|p2|Slowking-Galar, M|
|poke|p2|Samurott-Hisui, F|
|teampreview
|
|t:|1743894131
|start
|switch|p1a: Ribombee|Ribombee, F|100/100
|switch|p2a: Samurott|Samurott-Hisui, F|100/100
|turn|1
|
|t:|1743894135
|move|p2a: Samurott|Flip Turn|p1a: Ribombee
|-damage|p1a: Ribombee|47/100
|
|t:|1743894138
|switch|p2a: Garganacl|Garganacl, M|100/100|[from] Flip Turn
|move|p1a: Ribombee|Sticky Web|p2a: Garganacl
|-sidestart|p2: guesyo|move: Sticky Web
|
|upkeep
|turn|2
|
|t:|1743894143
|move|p1a: Ribombee|Moonblast|p2a: Garganacl
|-damage|p2a: Garganacl|75/100
|move|p2a: Garganacl|Salt Cure|p1a: Ribombee
|-supereffective|p1a: Ribombee
|-damage|p1a: Ribombee|0 fnt
|faint|p1a: Ribombee
|
|-heal|p2a: Garganacl|81/100|[from] item: Leftovers
|upkeep
|
|t:|1743894147
|switch|p1a: Serperior|Serperior, M|100/100
|turn|3
|
|t:|1743894152
|switch|p2a: Slowking|Slowking-Galar, M|100/100
|-activate|p2a: Slowking|move: Sticky Web
|-unboost|p2a: Slowking|spe|1
|move|p1a: Serperior|Substitute|p1a: Serperior
|-start|p1a: Serperior|Substitute
|-damage|p1a: Serperior|76/100
|
|-heal|p1a: Serperior|82/100|[from] item: Leftovers
|upkeep
|turn|4
|
|t:|1743894158
|move|p1a: Serperior|Leaf Storm|p2a: Slowking
|-resisted|p2a: Slowking
|-damage|p2a: Slowking|90/100
|-boost|p1a: Serperior|spa|2
|move|p2a: Slowking|Sludge Bomb|p1a: Serperior
|-supereffective|p1a: Serperior
|-end|p1a: Serperior|Substitute
|
|-heal|p1a: Serperior|88/100|[from] item: Leftovers
|upkeep
|turn|5
|
|t:|1743894165
|switch|p1a: Bisharp|Bisharp, F|100/100
|move|p2a: Slowking|Future Sight|p1a: Bisharp
|-start|p2a: Slowking|move: Future Sight
|
|upkeep
|turn|6
|
|t:|1743894171
|switch|p2a: Corviknight|Corviknight, M|100/100
|-ability|p2a: Corviknight|Pressure
|move|p1a: Bisharp|Throat Chop|p2a: Corviknight
|-damage|p2a: Corviknight|72/100
|-start|p2a: Corviknight|Throat Chop|[silent]
|-damage|p1a: Bisharp|84/100|[from] item: Rocky Helmet|[of] p2a: Corviknight
|
|upkeep
|turn|7
|
|t:|1743894175
|switch|p1a: Cinderace|Cinderace, M|100/100
|move|p2a: Corviknight|Body Press|p1a: Cinderace
|-damage|p1a: Cinderace|65/100
|
|-end|p1a: Cinderace|move: Future Sight
|-damage|p1a: Cinderace|0 fnt
|faint|p1a: Cinderace
|-end|p2a: Corviknight|Throat Chop|[silent]
|upkeep
|
|t:|1743894183
|switch|p1a: Dragapult|Dragapult, F|100/100
|turn|8
|
|t:|1743894188
|switch|p2a: Garganacl|Garganacl, M|81/100
|-activate|p2a: Garganacl|move: Sticky Web
|-unboost|p2a: Garganacl|spe|1
|move|p1a: Dragapult|Flamethrower|p2a: Garganacl
|-resisted|p2a: Garganacl
|-damage|p2a: Garganacl|70/100
|-damage|p1a: Dragapult|91/100|[from] item: Life Orb
|
|-heal|p2a: Garganacl|76/100|[from] item: Leftovers
|upkeep
|turn|9
|
|t:|1743894194
|move|p1a: Dragapult|Hydro Pump|p2a: Garganacl
|-supereffective|p2a: Garganacl
|-damage|p2a: Garganacl|16/100
|-damage|p1a: Dragapult|81/100|[from] item: Life Orb
|move|p2a: Garganacl|Salt Cure|p1a: Dragapult
|-damage|p1a: Dragapult|62/100
|-start|p1a: Dragapult|Salt Cure
|
|-heal|p2a: Garganacl|22/100|[from] item: Leftovers
|-damage|p1a: Dragapult|49/100|[from] Salt Cure
|upkeep
|turn|10
|
|t:|1743894198
|move|p2a: Garganacl|Protect|p2a: Garganacl
|-singleturn|p2a: Garganacl|Protect
|move|p1a: Dragapult|Hydro Pump|p2a: Garganacl
|-activate|p2a: Garganacl|move: Protect
|
|-heal|p2a: Garganacl|28/100|[from] item: Leftovers
|-damage|p1a: Dragapult|37/100|[from] Salt Cure
|upkeep
|turn|11
|
|t:|1743894202
|switch|p2a: Slowking|Slowking-Galar, M|100/100
|-activate|p2a: Slowking|move: Sticky Web
|-unboost|p2a: Slowking|spe|1
|move|p1a: Dragapult|Hydro Pump|p2a: Slowking
|-damage|p2a: Slowking|84/100
|-damage|p1a: Dragapult|27/100|[from] item: Life Orb
|
|-damage|p1a: Dragapult|15/100|[from] Salt Cure
|upkeep
|turn|12
|
|t:|1743894206
|switch|p1a: Bisharp|Bisharp, F|84/100
|move|p2a: Slowking|Future Sight|p1a: Bisharp
|-start|p2a: Slowking|move: Future Sight
|
|upkeep
|turn|13
|
|t:|1743894212
|switch|p2a: Corviknight|Corviknight, M|72/100
|-ability|p2a: Corviknight|Pressure
|move|p1a: Bisharp|Swords Dance|p1a: Bisharp
|-boost|p1a: Bisharp|atk|2
|
|upkeep
|turn|14
|
|t:|1743894217
|-terastallize|p1a: Bisharp|Fire
|move|p1a: Bisharp|Tera Blast|p2a: Corviknight|[anim] Tera Blast Fire
|-supereffective|p2a: Corviknight
|-damage|p2a: Corviknight|0 fnt
|faint|p2a: Corviknight
|
|-end|p1a: Bisharp|move: Future Sight
|-damage|p1a: Bisharp|39/100
|upkeep
|
|t:|1743894228
|switch|p2a: Samurott|Samurott-Hisui, F|100/100
|-activate|p2a: Samurott|move: Sticky Web
|-unboost|p2a: Samurott|spe|1
|turn|15
|
|t:|1743894233
|move|p2a: Samurott|Flip Turn|p1a: Bisharp
|-supereffective|p1a: Bisharp
|-damage|p1a: Bisharp|1/100
|
|t:|1743894236
|switch|p2a: Garganacl|Garganacl, M|28/100|[from] Flip Turn
|-activate|p2a: Garganacl|move: Sticky Web
|-unboost|p2a: Garganacl|spe|1
|move|p1a: Bisharp|Throat Chop|p2a: Garganacl
|-damage|p2a: Garganacl|0 fnt
|faint|p2a: Garganacl
|
|upkeep
|
|t:|1743894240
|switch|p2a: Samurott|Samurott-Hisui, F|100/100
|-activate|p2a: Samurott|move: Sticky Web
|-unboost|p2a: Samurott|spe|1
|turn|16
|
|t:|1743894242
|move|p1a: Bisharp|Sucker Punch|p2a: Samurott
|-resisted|p2a: Samurott
|-damage|p2a: Samurott|52/100
|move|p2a: Samurott|Flip Turn|p1a: Bisharp
|-supereffective|p1a: Bisharp
|-damage|p1a: Bisharp|0 fnt
|faint|p1a: Bisharp
|
|t:|1743894248
|switch|p2a: Weezing|Weezing-Galar, F|100/100|[from] Flip Turn
|-ability|p2a: Weezing|Neutralizing Gas
|-activate|p2a: Weezing|move: Sticky Web
|-unboost|p2a: Weezing|spe|1
|
|upkeep
|
|t:|1743894254
|switch|p1a: Mimikyu|Mimikyu, F|100/100
|turn|17
|
|t:|1743894258
|move|p1a: Mimikyu|Shadow Claw|p2a: Weezing
|-damage|p2a: Weezing|82/100
|move|p2a: Weezing|Defog|p1a: Mimikyu
|-unboost|p1a: Mimikyu|evasion|1
|-sideend|p2: guesyo|Sticky Web|[from] move: Defog|[of] p2a: Weezing
|
|-heal|p2a: Weezing|88/100|[from] item: Black Sludge
|upkeep
|turn|18
|
|t:|1743894263
|move|p1a: Mimikyu|Shadow Claw|p2a: Weezing
|-damage|p2a: Weezing|69/100
|move|p2a: Weezing|Will-O-Wisp|p1a: Mimikyu
|-status|p1a: Mimikyu|brn
|
|-heal|p2a: Weezing|75/100|[from] item: Black Sludge
|-damage|p1a: Mimikyu|95/100 brn|[from] brn
|upkeep
|turn|19
|
|t:|1743894266
|move|p1a: Mimikyu|Shadow Claw|p2a: Weezing
|-damage|p2a: Weezing|65/100
|move|p2a: Weezing|Pain Split|p1a: Mimikyu
|-sethp|p1a: Mimikyu|91/100 brn|[from] move: Pain Split|[silent]
|-sethp|p2a: Weezing|68/100|[from] move: Pain Split
|
|-heal|p2a: Weezing|74/100|[from] item: Black Sludge
|-damage|p1a: Mimikyu|85/100 brn|[from] brn
|upkeep
|turn|20
|
|t:|1743894270
|move|p1a: Mimikyu|Shadow Claw|p2a: Weezing
|-damage|p2a: Weezing|65/100
|move|p2a: Weezing|Strange Steam|p1a: Mimikyu
|-activate|p1a: Mimikyu|ability: Disguise
|-damage|p1a: Mimikyu|85/100 brn
|detailschange|p1a: Mimikyu|Mimikyu-Busted, F
|-damage|p1a: Mimikyu|72/100 brn|[from] pokemon: Mimikyu-Busted
|-enditem|p1a: Mimikyu|Red Card|[of] p2a: Weezing
|-end|p2a: Weezing|ability: Neutralizing Gas
|drag|p2a: Slowking|Slowking-Galar, M|100/100
|
|-damage|p1a: Mimikyu|66/100 brn|[from] brn
|upkeep
|turn|21
|
|t:|1743894275
|switch|p2a: Samurott|Samurott-Hisui, F|52/100
|move|p1a: Mimikyu|Shadow Claw|p2a: Samurott
|-resisted|p2a: Samurott
|-damage|p2a: Samurott|42/100
|
|-damage|p1a: Mimikyu|60/100 brn|[from] brn
|upkeep
|turn|22
|
|t:|1743894282
|move|p2a: Samurott|Ceaseless Edge|p1a: Mimikyu
|-damage|p1a: Mimikyu|0 fnt
|-sidestart|p1: LeDauphinRoi|Spikes
|faint|p1a: Mimikyu
|
|upkeep
|
|t:|1743894285
|switch|p1a: Serperior|Serperior, M|88/100
|-damage|p1a: Serperior|76/100|[from] Spikes
|turn|23
|
|t:|1743894291
|switch|p2a: Slowking|Slowking-Galar, M|100/100
|move|p1a: Serperior|Leaf Storm|p2a: Slowking
|-resisted|p2a: Slowking
|-damage|p2a: Slowking|91/100
|-boost|p1a: Serperior|spa|2
|
|-heal|p1a: Serperior|82/100|[from] item: Leftovers
|upkeep
|turn|24
|-message|LeDauphinRoi forfeited.
|
|win|guesyo
|raw|LeDauphinRoi's rating: 1424 &rarr; <strong>1407</strong><br />(-17 for losing)
|raw|guesyo's rating: 1484 &rarr; <strong>1501</strong><br />(+17 for winning)
|l|☆LeDauphinRoi
|player|p1|
|l|☆guesyo
|player|p2|
