|j|☆demigod157751
|j|☆clownlitos
|t:|1743888127
|gametype|singles
|player|p1|demigod157751|2|1252
|player|p2|clownlitos|benga|1209
|teamsize|p1|6
|teamsize|p2|6
|gen|9
|tier|[Gen 9] OU
|rated|
|rule|HP Percentage Mod: HP is shown in percentages
|rule|Endless Battle Clause: Forcing endless battles is banned
|rule|Species Clause: Limit one of each Pokémon
|rule|OHKO Clause: OHKO moves are banned
|rule|Evasion Items Clause: Evasion items are banned
|rule|Evasion Moves Clause: Evasion moves are banned
|rule|Sleep Moves Clause: Sleep-inducing moves are banned
|clearpoke
|poke|p1|Garganacl, F|
|poke|p1|Weezing-Galar, M|
|poke|p1|Corviknight, M|
|poke|p1|Dragapult, M|
|poke|p1|Slowking-Galar, F|
|poke|p1|Samurott-Hisui, F|
|poke|p2|Sudowoodo, F|
|poke|p2|Okidogi, M|
|poke|p2|Gholdengo|
|poke|p2|Mimikyu, F|
|poke|p2|Great Tusk|
|poke|p2|Kingambit, F|
|teampreview
|inactive|Battle timer is ON: inactive players will automatically lose when time's up. (requested by demigod157751)
|
|t:|1743888147
|start
|switch|p1a: Corviknight|Corviknight, M|100/100
|switch|p2a: Woodman|Sudowoodo, F|100/100
|-ability|p1a: Corviknight|Pressure
|turn|1
|
|t:|1743888158
|move|p1a: Corviknight|Iron Defense|p1a: Corviknight
|-boost|p1a: Corviknight|def|2
|move|p2a: Woodman|Stealth Rock|p1a: Corviknight
|-sidestart|p1: demigod157751|move: Stealth Rock
|
|upkeep
|turn|2
|
|t:|1743888164
|move|p1a: Corviknight|Body Press|p2a: Woodman
|-supereffective|p2a: Woodman
|-ability|p2a: Woodman|Sturdy
|-damage|p2a: Woodman|1/100
|move|p2a: Woodman|Spikes|p1a: Corviknight
|-sidestart|p1: demigod157751|Spikes
|
|upkeep
|turn|3
|-enditem|p2a: Woodman|Custap Berry|[eat]
|-activate|p2a: Woodman|item: Custap Berry|[consumed]
|
|t:|1743888172
|move|p2a: Woodman|Endeavor|p1a: Corviknight
|-damage|p1a: Corviknight|1/100
|-damage|p2a: Woodman|0 fnt|[from] item: Rocky Helmet|[of] p1a: Corviknight
|faint|p2a: Woodman
|move|p1a: Corviknight|Brave Bird|p2: Woodman|[notarget]
|-fail|p1a: Corviknight
|
|upkeep
|
|t:|1743888197
|switch|p2a: String Cheese|Gholdengo|100/100
|-item|p2a: String Cheese|Air Balloon
|turn|4
|
|t:|1743888217
|switch|p1a: Samurott|Samurott-Hisui, F|100/100
|-damage|p1a: Samurott|88/100|[from] Stealth Rock
|-damage|p1a: Samurott|76/100|[from] Spikes
|move|p2a: String Cheese|Shadow Ball|p1a: Samurott
|-resisted|p1a: Samurott
|-damage|p1a: Samurott|43/100
|
|upkeep
|turn|5
|
|t:|1743888228
|move|p1a: Samurott|Ceaseless Edge|p2a: String Cheese|[miss]
|-miss|p1a: Samurott|p2a: String Cheese
|move|p2a: String Cheese|Dazzling Gleam|p1a: Samurott
|-supereffective|p1a: Samurott
|-damage|p1a: Samurott|0 fnt
|faint|p1a: Samurott
|
|upkeep
|inactive|demigod157751 has 120 seconds left.
|
|t:|1743888252
|switch|p1a: Dragapult|Dragapult, M|100/100
|turn|6
|
|t:|1743888279
|move|p1a: Dragapult|U-turn|p2a: String Cheese
|-resisted|p2a: String Cheese
|-damage|p2a: String Cheese|94/100
|-enditem|p2a: String Cheese|Air Balloon
|
|t:|1743888282
|switch|p1a: Weezing|Weezing-Galar, M|100/100|[from] U-turn
|-ability|p1a: Weezing|Neutralizing Gas
|move|p2a: String Cheese|Shadow Ball|p1a: Weezing
|-damage|p1a: Weezing|40/100
|-unboost|p1a: Weezing|spd|1
|
|upkeep
|turn|7
|
|t:|1743888299
|move|p2a: String Cheese|Nasty Plot|p2a: String Cheese
|-boost|p2a: String Cheese|spa|2
|move|p1a: Weezing|Defog|p2a: String Cheese
|-unboost|p2a: String Cheese|evasion|1
|-sideend|p1: demigod157751|Spikes|[from] move: Defog|[of] p1a: Weezing
|-sideend|p1: demigod157751|Stealth Rock|[from] move: Defog|[of] p1a: Weezing
|
|upkeep
|turn|8
|
|t:|1743888309
|move|p2a: String Cheese|Shadow Ball|p1a: Weezing
|-damage|p1a: Weezing|0 fnt
|faint|p1a: Weezing
|-end|p1a: Weezing|ability: Neutralizing Gas
|
|upkeep
|
|t:|1743888324
|switch|p1a: Slowking|Slowking-Galar, F|100/100
|turn|9
|
|t:|1743888332
|move|p2a: String Cheese|Shadow Ball|p1a: Slowking
|-supereffective|p1a: Slowking
|-damage|p1a: Slowking|29/100
|move|p1a: Slowking|Flamethrower|p2a: String Cheese
|-supereffective|p2a: String Cheese
|-damage|p2a: String Cheese|37/100
|
|upkeep
|turn|10
|
|t:|1743888342
|switch|p1a: Corviknight|Corviknight, M|1/100
|-ability|p1a: Corviknight|Pressure
|move|p2a: String Cheese|Shadow Ball|p1a: Corviknight
|-damage|p1a: Corviknight|0 fnt
|faint|p1a: Corviknight
|
|upkeep
|
|t:|1743888346
|switch|p1a: Dragapult|Dragapult, M|100/100
|turn|11
|
|t:|1743888359
|move|p1a: Dragapult|Hex|p2a: String Cheese
|-supereffective|p2a: String Cheese
|-damage|p2a: String Cheese|0 fnt
|faint|p2a: String Cheese
|
|upkeep
|
|t:|1743888376
|switch|p2a: Hi|Mimikyu, F, shiny|100/100
|turn|12
|inactive|clownlitos has 120 seconds left.
|
|t:|1743888397
|-terastallize|p2a: Hi|Ghost
|move|p1a: Dragapult|U-turn|p2a: Hi
|-activate|p2a: Hi|ability: Disguise
|-damage|p2a: Hi|100/100
|detailschange|p2a: Hi|Mimikyu-Busted, F, shiny, tera:Ghost
|-damage|p2a: Hi|88/100|[from] pokemon: Mimikyu-Busted
|
|t:|1743888402
|switch|p1a: Garganacl|Garganacl, F|100/100|[from] U-turn
|move|p2a: Hi|Shadow Claw|p1a: Garganacl
|-damage|p1a: Garganacl|83/100
|-damage|p2a: Hi|78/100|[from] item: Life Orb
|
|-heal|p1a: Garganacl|89/100|[from] item: Leftovers
|upkeep
|turn|13
|
|t:|1743888412
|move|p2a: Hi|Swords Dance|p2a: Hi
|-boost|p2a: Hi|atk|2
|move|p1a: Garganacl|Salt Cure|p2a: Hi
|-damage|p2a: Hi|57/100
|-start|p2a: Hi|Salt Cure
|
|-heal|p1a: Garganacl|96/100|[from] item: Leftovers
|-damage|p2a: Hi|44/100|[from] Salt Cure
|upkeep
|turn|14
|
|t:|1743888426
|move|p2a: Hi|Play Rough|p1a: Garganacl|[miss]
|-miss|p2a: Hi|p1a: Garganacl
|move|p1a: Garganacl|Stealth Rock|p2a: Hi
|-sidestart|p2: clownlitos|move: Stealth Rock
|
|-heal|p1a: Garganacl|100/100|[from] item: Leftovers
|-damage|p2a: Hi|32/100|[from] Salt Cure
|upkeep
|turn|15
|
|t:|1743888439
|move|p2a: Hi|Play Rough|p1a: Garganacl
|-damage|p1a: Garganacl|35/100
|-damage|p2a: Hi|22/100|[from] item: Life Orb
|move|p1a: Garganacl|Salt Cure|p2a: Hi
|-damage|p2a: Hi|0 fnt
|faint|p2a: Hi
|
|-heal|p1a: Garganacl|41/100|[from] item: Leftovers
|upkeep
|
|t:|1743888450
|switch|p2a: ogidogi|Okidogi, M|100/100
|-damage|p2a: ogidogi|94/100|[from] Stealth Rock
|turn|16
|
|t:|1743888470
|-terastallize|p1a: Garganacl|Fairy
|move|p2a: ogidogi|Drain Punch|p1a: Garganacl
|-resisted|p1a: Garganacl
|-damage|p1a: Garganacl|29/100
|-heal|p2a: ogidogi|100/100|[from] drain|[of] p1a: Garganacl
|move|p1a: Garganacl|Recover|p1a: Garganacl
|-heal|p1a: Garganacl|79/100
|
|-heal|p1a: Garganacl|85/100|[from] item: Leftovers
|upkeep
|turn|17
|
|t:|1743888483
|move|p2a: ogidogi|Bulk Up|p2a: ogidogi
|-boost|p2a: ogidogi|atk|1
|-boost|p2a: ogidogi|def|1
|move|p1a: Garganacl|Salt Cure|p2a: ogidogi
|-resisted|p2a: ogidogi
|-damage|p2a: ogidogi|97/100
|-start|p2a: ogidogi|Salt Cure
|
|-heal|p1a: Garganacl|91/100|[from] item: Leftovers
|-damage|p2a: ogidogi|85/100|[from] Salt Cure
|upkeep
|turn|18
|
|t:|1743888496
|move|p2a: ogidogi|Bulk Up|p2a: ogidogi
|-boost|p2a: ogidogi|atk|1
|-boost|p2a: ogidogi|def|1
|move|p1a: Garganacl|Recover|p1a: Garganacl
|-heal|p1a: Garganacl|100/100
|
|-damage|p2a: ogidogi|73/100|[from] Salt Cure
|upkeep
|turn|19
|
|t:|1743888504
|move|p2a: ogidogi|Bulk Up|p2a: ogidogi
|-boost|p2a: ogidogi|atk|1
|-boost|p2a: ogidogi|def|1
|move|p1a: Garganacl|Salt Cure|p2a: ogidogi
|-resisted|p2a: ogidogi
|-damage|p2a: ogidogi|70/100
|
|-damage|p2a: ogidogi|58/100|[from] Salt Cure
|upkeep
|turn|20
|
|t:|1743888516
|move|p2a: ogidogi|Ice Punch|p1a: Garganacl
|-crit|p1a: Garganacl
|-damage|p1a: Garganacl|43/100
|move|p1a: Garganacl|Salt Cure|p2a: ogidogi
|-resisted|p2a: ogidogi
|-damage|p2a: ogidogi|55/100
|
|-heal|p1a: Garganacl|49/100|[from] item: Leftovers
|-damage|p2a: ogidogi|43/100|[from] Salt Cure
|upkeep
|turn|21
|
|t:|1743888539
|move|p2a: ogidogi|Drain Punch|p1a: Garganacl
|-resisted|p1a: Garganacl
|-damage|p1a: Garganacl|18/100
|-heal|p2a: ogidogi|60/100|[from] drain|[of] p1a: Garganacl
|move|p1a: Garganacl|Recover|p1a: Garganacl
|-heal|p1a: Garganacl|68/100
|
|-heal|p1a: Garganacl|74/100|[from] item: Leftovers
|-damage|p2a: ogidogi|47/100|[from] Salt Cure
|upkeep
|turn|22
|
|t:|1743888550
|move|p2a: ogidogi|Knock Off|p1a: Garganacl
|-resisted|p1a: Garganacl
|-damage|p1a: Garganacl|47/100
|-enditem|p1a: Garganacl|Leftovers|[from] move: Knock Off|[of] p2a: ogidogi
|move|p1a: Garganacl|Salt Cure|p2a: ogidogi
|-resisted|p2a: ogidogi
|-damage|p2a: ogidogi|45/100
|
|-damage|p2a: ogidogi|32/100|[from] Salt Cure
|upkeep
|turn|23
|
|t:|1743888558
|move|p2a: ogidogi|Ice Punch|p1a: Garganacl
|-damage|p1a: Garganacl|9/100
|move|p1a: Garganacl|Recover|p1a: Garganacl
|-heal|p1a: Garganacl|59/100
|
|-damage|p2a: ogidogi|20/100|[from] Salt Cure
|upkeep
|turn|24
|
|t:|1743888566
|move|p2a: ogidogi|Drain Punch|p1a: Garganacl
|-resisted|p1a: Garganacl
|-damage|p1a: Garganacl|26/100
|-heal|p2a: ogidogi|37/100|[from] drain|[of] p1a: Garganacl
|move|p1a: Garganacl|Recover|p1a: Garganacl
|-heal|p1a: Garganacl|76/100
|
|-damage|p2a: ogidogi|25/100|[from] Salt Cure
|upkeep
|turn|25
|
|t:|1743888580
|move|p2a: ogidogi|Ice Punch|p1a: Garganacl
|-damage|p1a: Garganacl|37/100
|move|p1a: Garganacl|Salt Cure|p2a: ogidogi
|-resisted|p2a: ogidogi
|-damage|p2a: ogidogi|23/100
|
|-damage|p2a: ogidogi|10/100|[from] Salt Cure
|upkeep
|turn|26
|
|t:|1743888587
|move|p1a: Garganacl|Protect|p1a: Garganacl
|-singleturn|p1a: Garganacl|Protect
|move|p2a: ogidogi|Ice Punch|p1a: Garganacl
|-activate|p1a: Garganacl|move: Protect
|
|-damage|p2a: ogidogi|0 fnt|[from] Salt Cure
|faint|p2a: ogidogi
|upkeep
|
|t:|1743888609
|switch|p2a: House MD|Great Tusk|100/100
|-damage|p2a: House MD|98/100|[from] Stealth Rock
|-enditem|p2a: House MD|Booster Energy
|-activate|p2a: House MD|ability: Protosynthesis|[fromitem]
|-start|p2a: House MD|protosynthesisspe
|turn|27
|
|t:|1743888617
|move|p2a: House MD|Bulk Up|p2a: House MD
|-boost|p2a: House MD|atk|1
|-boost|p2a: House MD|def|1
|move|p1a: Garganacl|Recover|p1a: Garganacl
|-heal|p1a: Garganacl|87/100
|
|upkeep
|turn|28
|
|t:|1743888627
|move|p2a: House MD|Rapid Spin|p1a: Garganacl
|-damage|p1a: Garganacl|72/100
|-boost|p2a: House MD|spe|1
|-sideend|p2: clownlitos|Stealth Rock|[from] move: Rapid Spin|[of] p2a: House MD
|move|p1a: Garganacl|Salt Cure|p2a: House MD
|-resisted|p2a: House MD
|-damage|p2a: House MD|96/100
|-start|p2a: House MD|Salt Cure
|
|-damage|p2a: House MD|84/100|[from] Salt Cure
|upkeep
|turn|29
|
|t:|1743888637
|move|p2a: House MD|Bulk Up|p2a: House MD
|-boost|p2a: House MD|atk|1
|-boost|p2a: House MD|def|1
|move|p1a: Garganacl|Stealth Rock|p2a: House MD
|-sidestart|p2: clownlitos|move: Stealth Rock
|
|-damage|p2a: House MD|71/100|[from] Salt Cure
|upkeep
|turn|30
|
|t:|1743888647
|move|p2a: House MD|Headlong Rush|p1a: Garganacl
|-damage|p1a: Garganacl|0 fnt
|-unboost|p2a: House MD|def|1
|-unboost|p2a: House MD|spd|1
|faint|p1a: Garganacl
|
|-damage|p2a: House MD|59/100|[from] Salt Cure
|upkeep
|
|t:|1743888661
|switch|p1a: Dragapult|Dragapult, M|100/100
|turn|31
|
|t:|1743888668
|move|p2a: House MD|Ice Spinner|p1a: Dragapult
|-supereffective|p1a: Dragapult
|-damage|p1a: Dragapult|0 fnt
|faint|p1a: Dragapult
|
|-damage|p2a: House MD|46/100|[from] Salt Cure
|upkeep
|
|t:|1743888671
|switch|p1a: Slowking|Slowking-Galar, F|62/100
|turn|32
|
|t:|1743888677
|move|p2a: House MD|Headlong Rush|p1a: Slowking
|-supereffective|p1a: Slowking
|-damage|p1a: Slowking|0 fnt
|-unboost|p2a: House MD|def|1
|-unboost|p2a: House MD|spd|1
|faint|p1a: Slowking
|
|win|clownlitos
|raw|demigod157751's rating: 1252 &rarr; <strong>1224</strong><br />(-28 for losing)
|raw|clownlitos's rating: 1209 &rarr; <strong>1237</strong><br />(+28 for winning)
|c|☆demigod157751|gg
|l|☆demigod157751
|player|p1|
|c|☆clownlitos|gg
|l|☆clownlitos
|player|p2|
