|j|☆dongfangbaimo
|j|☆CapitolG
|t:|1743832314
|gametype|singles
|player|p1|dongfangbaimo|dawn|1135
|player|p2|CapitolG|1|1192
|teamsize|p1|6
|teamsize|p2|6
|gen|9
|tier|[Gen 9] OU
|rated|
|rule|HP Percentage Mod: HP is shown in percentages
|rule|Endless Battle Clause: Forcing endless battles is banned
|rule|Species Clause: Limit one of each Pokémon
|rule|OHKO Clause: OHKO moves are banned
|rule|Evasion Items Clause: Evasion items are banned
|rule|Evasion Moves Clause: Evasion moves are banned
|rule|Sleep Moves Clause: Sleep-inducing moves are banned
|clearpoke
|poke|p1|Amoonguss, M|
|poke|p1|Kingambit, F|
|poke|p1|Samurott-Hisui, F|
|poke|p1|Deoxys-Defense|
|poke|p1|Serperior, F|
|poke|p1|Ting-Lu|
|poke|p2|Chandelure, M|
|poke|p2|Gothitelle, M|
|poke|p2|Milotic, M|
|poke|p2|Kingambit, M|
|poke|p2|Cinderace, F|
|poke|p2|Leavanny, M|
|teampreview
|
|t:|1743832320
|start
|switch|p1a: Samurott|Samurott-Hisui, F, shiny|100/100
|switch|p2a: Chandelure|Chandelure, M|100/100
|turn|1
|
|t:|1743832328
|move|p1a: Samurott|Ceaseless Edge|p2a: Chandelure
|-supereffective|p2a: Chandelure
|-enditem|p2a: Chandelure|Focus Sash
|-damage|p2a: Chandelure|1/100
|-sidestart|p2: CapitolG|Spikes
|move|p2a: Chandelure|Trick Room|p2a: Chandelure
|-fieldstart|move: Trick Room|[of] p2a: Chandelure
|
|upkeep
|turn|2
|
|t:|1743832339
|switch|p1a: Ting-Lu|Ting-Lu|100/100
|-ability|p1a: Ting-Lu|Vessel of Ruin
|move|p2a: Chandelure|Will-O-Wisp|p1a: Ting-Lu
|-status|p1a: Ting-Lu|brn
|
|-damage|p1a: Ting-Lu|94/100 brn|[from] brn
|upkeep
|turn|3
|
|t:|1743832347
|switch|p2a: Leavanny|Leavanny, M|100/100
|-damage|p2a: Leavanny|88/100|[from] Spikes
|move|p1a: Ting-Lu|Stealth Rock|p2a: Leavanny
|-sidestart|p2: CapitolG|move: Stealth Rock
|
|-heal|p1a: Ting-Lu|100/100 brn|[from] item: Leftovers
|-damage|p1a: Ting-Lu|94/100 brn|[from] brn
|upkeep
|turn|4
|
|t:|1743832356
|move|p2a: Leavanny|Sticky Web|p1a: Ting-Lu
|-sidestart|p1: dongfangbaimo|move: Sticky Web
|move|p1a: Ting-Lu|Whirlwind|p2a: Leavanny
|drag|p2a: Milotic|Milotic, M|100/100
|-damage|p2a: Milotic|88/100|[from] Spikes
|-damage|p2a: Milotic|76/100|[from] Stealth Rock
|
|-heal|p1a: Ting-Lu|100/100 brn|[from] item: Leftovers
|-damage|p1a: Ting-Lu|94/100 brn|[from] brn
|upkeep
|turn|5
|
|t:|1743832361
|move|p1a: Ting-Lu|Body Press|p2a: Milotic
|-damage|p2a: Milotic|62/100
|move|p2a: Milotic|Scald|p1a: Ting-Lu
|-supereffective|p1a: Ting-Lu
|-damage|p1a: Ting-Lu|49/100 brn
|
|-heal|p1a: Ting-Lu|55/100 brn|[from] item: Leftovers
|-damage|p1a: Ting-Lu|49/100 brn|[from] brn
|-fieldend|move: Trick Room
|upkeep
|turn|6
|
|t:|1743832368
|move|p2a: Milotic|Scald|p1a: Ting-Lu
|-supereffective|p1a: Ting-Lu
|-damage|p1a: Ting-Lu|4/100 brn
|move|p1a: Ting-Lu|Whirlwind|p2a: Milotic
|drag|p2a: Leavanny|Leavanny, M|88/100
|-damage|p2a: Leavanny|76/100|[from] Spikes
|-damage|p2a: Leavanny|51/100|[from] Stealth Rock
|
|-heal|p1a: Ting-Lu|10/100 brn|[from] item: Leftovers
|-damage|p1a: Ting-Lu|4/100 brn|[from] brn
|upkeep
|turn|7
|
|t:|1743832374
|move|p2a: Leavanny|Lunge|p1a: Ting-Lu
|-supereffective|p1a: Ting-Lu
|-damage|p1a: Ting-Lu|0 fnt
|faint|p1a: Ting-Lu
|
|upkeep
|inactive|Battle timer is ON: inactive players will automatically lose when time's up. (requested by CapitolG)
|
|t:|1743832387
|switch|p1a: Samurott|Samurott-Hisui, F, shiny|100/100
|-activate|p1a: Samurott|move: Sticky Web
|-unboost|p1a: Samurott|spe|1
|turn|8
|
|t:|1743832401
|move|p2a: Leavanny|Lunge|p1a: Samurott
|-supereffective|p1a: Samurott
|-damage|p1a: Samurott|11/100
|-unboost|p1a: Samurott|atk|1
|move|p1a: Samurott|Sacred Sword|p2a: Leavanny
|-resisted|p2a: Leavanny
|-damage|p2a: Leavanny|33/100
|
|upkeep
|turn|9
|
|t:|1743832405
|move|p1a: Samurott|Detect|p1a: Samurott
|-singleturn|p1a: Samurott|Protect
|move|p2a: Leavanny|Lunge|p1a: Samurott
|-activate|p1a: Samurott|move: Protect
|
|upkeep
|turn|10
|
|t:|1743832410
|move|p2a: Leavanny|Lunge|p1a: Samurott
|-supereffective|p1a: Samurott
|-damage|p1a: Samurott|0 fnt
|faint|p1a: Samurott
|
|upkeep
|
|t:|1743832413
|switch|p1a: Deoxys|Deoxys-Defense, shiny|100/100
|-activate|p1a: Deoxys|move: Sticky Web
|-unboost|p1a: Deoxys|spe|1
|-ability|p1a: Deoxys|Pressure
|turn|11
|
|t:|1743832417
|-terastallize|p1a: Deoxys|Poison
|move|p2a: Leavanny|Lunge|p1a: Deoxys
|-resisted|p1a: Deoxys
|-damage|p1a: Deoxys|86/100
|-unboost|p1a: Deoxys|atk|1
|move|p1a: Deoxys|Cosmic Power|p1a: Deoxys
|-boost|p1a: Deoxys|def|1
|-boost|p1a: Deoxys|spd|1
|
|-heal|p1a: Deoxys|92/100|[from] item: Leftovers
|upkeep
|turn|12
|
|t:|1743832423
|switch|p2a: Cinderace|Cinderace, F|100/100
|move|p1a: Deoxys|Cosmic Power|p1a: Deoxys
|-boost|p1a: Deoxys|def|1
|-boost|p1a: Deoxys|spd|1
|
|-heal|p1a: Deoxys|98/100|[from] item: Leftovers
|upkeep
|turn|13
|
|t:|1743832435
|move|p2a: Cinderace|Court Change|p2a: Cinderace
|-start|p2a: Cinderace|typechange|Normal|[from] ability: Libero
|-swapsideconditions
|-activate|p2a: Cinderace|move: Court Change
|move|p1a: Deoxys|Stored Power|p2a: Cinderace
|-damage|p2a: Cinderace|62/100
|
|-heal|p1a: Deoxys|100/100|[from] item: Leftovers
|upkeep
|turn|14
|-message|CapitolG forfeited.
|
|win|dongfangbaimo
|raw|dongfangbaimo's rating: 1135 &rarr; <strong>1164</strong><br />(+29 for winning)
|raw|CapitolG's rating: 1192 &rarr; <strong>1163</strong><br />(-29 for losing)
|l|☆CapitolG
|player|p2|
