|j|☆definitelypeter
|j|☆xTamer
|t:|1743915188
|gametype|singles
|player|p1|definitelypeter|1|1075
|player|p2|xTamer|2|1111
|teamsize|p1|6
|teamsize|p2|6
|gen|9
|tier|[Gen 9] OU
|rated|
|rule|HP Percentage Mod: HP is shown in percentages
|rule|Endless Battle Clause: Forcing endless battles is banned
|rule|Species Clause: Limit one of each Pokémon
|rule|OHKO Clause: OHKO moves are banned
|rule|Evasion Items Clause: Evasion items are banned
|rule|Evasion Moves Clause: Evasion moves are banned
|rule|Sleep Moves Clause: Sleep-inducing moves are banned
|clearpoke
|poke|p1|Hatterene, F|
|poke|p1|Kommo-o, F|
|poke|p1|Jirachi|
|poke|p1|Galvantula, F|
|poke|p1|Cresselia, F|
|poke|p1|Glimmora, F|
|poke|p2|Lucario, F|
|poke|p2|Skarmory, F|
|poke|p2|Polteageist-Antique|
|poke|p2|Garchomp, M|
|poke|p2|Iron Moth|
|poke|p2|Weezing-Galar, M|
|teampreview
|inactive|Battle timer is ON: inactive players will automatically lose when time's up. (requested by xTamer)
|
|t:|1743915204
|start
|switch|p1a: Hatterene|Hatterene, F|100/100
|switch|p2a: Iron Moth|Iron Moth|100/100
|-enditem|p2a: Iron Moth|Booster Energy
|-activate|p2a: Iron Moth|ability: Quark Drive|[fromitem]
|-start|p2a: Iron Moth|quarkdrivespa
|turn|1
|
|t:|1743915224
|switch|p1a: Cresselia|Cresselia, F|100/100
|-terastallize|p2a: Iron Moth|Flying
|move|p2a: Iron Moth|Sludge Wave|p1a: Cresselia
|-damage|p1a: Cresselia|73/100
|
|upkeep
|turn|2
|
|t:|1743915231
|move|p2a: Iron Moth|Fiery Dance|p1a: Cresselia
|-damage|p1a: Cresselia|50/100
|move|p1a: Cresselia|Expanding Force|p2a: Iron Moth
|-damage|p2a: Iron Moth|67/100
|
|upkeep
|turn|3
|
|t:|1743915238
|move|p2a: Iron Moth|Fiery Dance|p1a: Cresselia
|-damage|p1a: Cresselia|26/100
|move|p1a: Cresselia|Power Gem|p2a: Iron Moth
|-supereffective|p2a: Iron Moth
|-damage|p2a: Iron Moth|21/100
|
|upkeep
|turn|4
|
|t:|1743915244
|move|p2a: Iron Moth|Fiery Dance|p1a: Cresselia
|-damage|p1a: Cresselia|2/100
|move|p1a: Cresselia|Power Gem|p2a: Iron Moth
|-supereffective|p2a: Iron Moth
|-damage|p2a: Iron Moth|0 fnt
|faint|p2a: Iron Moth
|-end|p2a: Iron Moth|Quark Drive|[silent]
|
|upkeep
|
|t:|1743915251
|switch|p2a: Skarmory|Skarmory, F|100/100
|turn|5
|
|t:|1743915259
|move|p1a: Cresselia|Power Gem|p2a: Skarmory
|-damage|p2a: Skarmory|70/100
|move|p2a: Skarmory|Stealth Rock|p1a: Cresselia
|-sidestart|p1: definitelypeter|move: Stealth Rock
|
|upkeep
|turn|6
|
|t:|1743915265
|move|p1a: Cresselia|Power Gem|p2a: Skarmory
|-damage|p2a: Skarmory|40/100
|move|p2a: Skarmory|Whirlwind|p1a: Cresselia
|drag|p1a: Galvantula|Galvantula, F|100/100
|-damage|p1a: Galvantula|76/100|[from] Stealth Rock
|
|upkeep
|turn|7
|
|t:|1743915272
|switch|p2a: Weezing|Weezing-Galar, M|100/100
|-fieldstart|move: Misty Terrain|[from] ability: Misty Surge|[of] p2a: Weezing
|move|p1a: Galvantula|Thunder|p2a: Weezing
|-damage|p2a: Weezing|38/100
|
|-heal|p2a: Weezing|44/100|[from] item: Black Sludge
|upkeep
|turn|8
|
|t:|1743915287
|move|p1a: Galvantula|Thunder|p2a: Weezing
|-damage|p2a: Weezing|0 fnt
|faint|p2a: Weezing
|
|upkeep
|
|t:|1743915294
|switch|p2a: Polteageist|Polteageist-Antique, shiny|100/100
|turn|9
|
|t:|1743915297
|move|p1a: Galvantula|Thunder|p2a: Polteageist
|-damage|p2a: Polteageist|14/100
|move|p2a: Polteageist|Shell Smash|p2a: Polteageist
|-unboost|p2a: Polteageist|def|1
|-unboost|p2a: Polteageist|spd|1
|-boost|p2a: Polteageist|atk|2
|-boost|p2a: Polteageist|spa|2
|-boost|p2a: Polteageist|spe|2
|
|upkeep
|turn|10
|
|t:|1743915306
|move|p2a: Polteageist|Shadow Ball|p1a: Galvantula
|-damage|p1a: Galvantula|0 fnt
|faint|p1a: Galvantula
|
|upkeep
|
|t:|1743915317
|switch|p1a: Glimmora|Glimmora, F|100/100
|-damage|p1a: Glimmora|88/100|[from] Stealth Rock
|-item|p1a: Glimmora|Air Balloon
|turn|11
|
|t:|1743915328
|move|p2a: Polteageist|Shadow Ball|p1a: Glimmora
|-damage|p1a: Glimmora|0 fnt
|-enditem|p1a: Glimmora|Air Balloon
|faint|p1a: Glimmora
|
|-fieldend|Misty Terrain
|upkeep
|
|t:|1743915345
|switch|p1a: Kommo-o|Kommo-o, F|100/100
|-damage|p1a: Kommo-o|94/100|[from] Stealth Rock
|turn|12
|
|t:|1743915352
|move|p2a: Polteageist|Shadow Ball|p1a: Kommo-o
|-damage|p1a: Kommo-o|0 fnt
|faint|p1a: Kommo-o
|
|upkeep
|
|t:|1743915357
|switch|p1a: Jirachi|Jirachi|100/100
|-damage|p1a: Jirachi|94/100|[from] Stealth Rock
|turn|13
|
|t:|1743915363
|-terastallize|p1a: Jirachi|Steel
|move|p2a: Polteageist|Shadow Ball|p1a: Jirachi
|-damage|p1a: Jirachi|16/100
|-unboost|p1a: Jirachi|spd|1
|move|p1a: Jirachi|Doom Desire|p2a: Polteageist
|-start|p1a: Jirachi|Doom Desire
|
|upkeep
|turn|14
|
|t:|1743915374
|move|p2a: Polteageist|Shadow Ball|p1a: Jirachi
|-damage|p1a: Jirachi|0 fnt
|faint|p1a: Jirachi
|
|upkeep
|
|t:|1743915378
|switch|p1a: Cresselia|Cresselia, F|2/100
|-damage|p1a: Cresselia|0 fnt|[from] Stealth Rock
|faint|p1a: Cresselia
|
|t:|1743915381
|switch|p1a: Hatterene|Hatterene, F|100/100
|-damage|p1a: Hatterene|88/100|[from] Stealth Rock
|turn|15
|
|t:|1743915386
|move|p2a: Polteageist|Pain Split|p1a: Hatterene
|-sethp|p1a: Hatterene|50/100|[from] move: Pain Split|[silent]
|-sethp|p2a: Polteageist|61/100|[from] move: Pain Split
|move|p1a: Hatterene|Draining Kiss|p2a: Polteageist
|-damage|p2a: Polteageist|7/100
|-heal|p1a: Hatterene|83/100|[from] drain|[of] p2a: Polteageist
|
|-end|p2a: Polteageist|move: Doom Desire
|-damage|p2a: Polteageist|0 fnt
|faint|p2a: Polteageist
|-heal|p1a: Hatterene|89/100|[from] item: Leftovers
|upkeep
|
|t:|1743915398
|switch|p2a: Lucario|Lucario, F|100/100
|turn|16
|
|t:|1743915404
|move|p2a: Lucario|Flash Cannon|p1a: Hatterene
|-supereffective|p1a: Hatterene
|-damage|p1a: Hatterene|0 fnt
|faint|p1a: Hatterene
|-damage|p2a: Lucario|91/100|[from] item: Life Orb
|
|win|xTamer
|raw|definitelypeter's rating: 1075 &rarr; <strong>1056</strong><br />(-19 for losing)
|raw|xTamer's rating: 1111 &rarr; <strong>1133</strong><br />(+22 for winning)
|l|☆definitelypeter
|player|p1|
|l|☆xTamer
|player|p2|
