|j|☆DogShed
|j|☆N0AH__123__
|t:|1743858373
|gametype|singles
|player|p1|DogShed|101|1367
|player|p2|N0AH__123__|boarder|1312
|teamsize|p1|6
|teamsize|p2|6
|gen|9
|tier|[Gen 9] OU
|rated|
|rule|HP Percentage Mod: HP is shown in percentages
|rule|Endless Battle Clause: Forcing endless battles is banned
|rule|Species Clause: Limit one of each Pokémon
|rule|OHKO Clause: OHKO moves are banned
|rule|Evasion Items Clause: Evasion items are banned
|rule|Evasion Moves Clause: Evasion moves are banned
|rule|Sleep Moves Clause: Sleep-inducing moves are banned
|clearpoke
|poke|p1|Klefki, F|
|poke|p1|Dragapult, M|
|poke|p1|Great Tusk|
|poke|p1|Kingambit, F|
|poke|p1|Dragonite, F|
|poke|p1|Garganacl, M|
|poke|p2|Pelipper, F|
|poke|p2|Overqwil, M|
|poke|p2|Scizor, F|
|poke|p2|Landorus-Therian, M|
|poke|p2|Tornadus-Therian, M|
|poke|p2|Iron Treads|
|teampreview
|
|t:|1743858393
|start
|switch|p1a: Klefki|Klefki, F|100/100
|switch|p2a: Pelipper|Pelipper, F|100/100
|-weather|RainDance|[from] ability: Drizzle|[of] p2a: Pelipper
|turn|1
|
|t:|1743858400
|switch|p2a: Iron Treads|Iron Treads|100/100
|-enditem|p2a: Iron Treads|Booster Energy
|-activate|p2a: Iron Treads|ability: Quark Drive|[fromitem]
|-start|p2a: Iron Treads|quarkdrivespe
|move|p1a: Klefki|Switcheroo|p2a: Iron Treads
|-activate|p1a: Klefki|move: Trick|[of] p2a: Iron Treads
|-item|p2a: Iron Treads|Iron Ball|[from] move: Switcheroo
|-enditem|p1a: Klefki|Iron Ball|[silent]|[from] move: Switcheroo
|
|-weather|RainDance|[upkeep]
|upkeep
|turn|2
|
|t:|1743858417
|move|p1a: Klefki|Spikes|p2a: Iron Treads
|-sidestart|p2: N0AH__123__|Spikes
|move|p2a: Iron Treads|Stealth Rock|p1a: Klefki
|-sidestart|p1: DogShed|move: Stealth Rock
|
|-weather|RainDance|[upkeep]
|upkeep
|turn|3
|
|t:|1743858422
|switch|p1a: Dragapult|Dragapult, M|100/100
|-damage|p1a: Dragapult|88/100|[from] Stealth Rock
|move|p2a: Iron Treads|Rapid Spin|p1a: Dragapult
|-immune|p1a: Dragapult
|
|-weather|RainDance|[upkeep]
|upkeep
|turn|4
|
|t:|1743858432
|move|p1a: Dragapult|Hex|p2a: Iron Treads
|-damage|p2a: Iron Treads|37/100
|move|p2a: Iron Treads|Knock Off|p1a: Dragapult
|-supereffective|p1a: Dragapult
|-damage|p1a: Dragapult|0 fnt
|-enditem|p1a: Dragapult|Choice Specs|[from] move: Knock Off|[of] p2a: Iron Treads
|faint|p1a: Dragapult
|
|-weather|RainDance|[upkeep]
|upkeep
|
|t:|1743858441
|switch|p1a: Great Tusk|Great Tusk|100/100
|-damage|p1a: Great Tusk|98/100|[from] Stealth Rock
|-enditem|p1a: Great Tusk|Booster Energy
|-activate|p1a: Great Tusk|ability: Protosynthesis|[fromitem]
|-start|p1a: Great Tusk|protosynthesisspe
|turn|5
|
|t:|1743858448
|-terastallize|p2a: Iron Treads|Ghost
|move|p1a: Great Tusk|Bulk Up|p1a: Great Tusk
|-boost|p1a: Great Tusk|atk|1
|-boost|p1a: Great Tusk|def|1
|move|p2a: Iron Treads|Rapid Spin|p1a: Great Tusk
|-damage|p1a: Great Tusk|91/100
|-boost|p2a: Iron Treads|spe|1
|-sideend|p2: N0AH__123__|Spikes|[from] move: Rapid Spin|[of] p2a: Iron Treads
|
|-weather|RainDance|[upkeep]
|upkeep
|turn|6
|
|t:|1743858463
|move|p1a: Great Tusk|Ice Spinner|p2a: Iron Treads
|-damage|p2a: Iron Treads|4/100
|move|p2a: Iron Treads|Earthquake|p1a: Great Tusk
|-damage|p1a: Great Tusk|71/100
|
|-weather|RainDance|[upkeep]
|upkeep
|turn|7
|
|t:|1743858470
|move|p1a: Great Tusk|Ice Spinner|p2a: Iron Treads
|-damage|p2a: Iron Treads|0 fnt
|faint|p2a: Iron Treads
|-end|p2a: Iron Treads|Quark Drive|[silent]
|
|-weather|RainDance|[upkeep]
|upkeep
|
|t:|1743858479
|switch|p2a: Overqwil|Overqwil, M|100/100
|turn|8
|
|t:|1743858486
|move|p2a: Overqwil|Liquidation|p1a: Great Tusk
|-supereffective|p1a: Great Tusk
|-damage|p1a: Great Tusk|30/100
|-damage|p2a: Overqwil|91/100|[from] item: Life Orb
|move|p1a: Great Tusk|Headlong Rush|p2a: Overqwil
|-supereffective|p2a: Overqwil
|-damage|p2a: Overqwil|0 fnt
|-unboost|p1a: Great Tusk|def|1
|-unboost|p1a: Great Tusk|spd|1
|faint|p2a: Overqwil
|
|-weather|none
|upkeep
|
|t:|1743858494
|switch|p2a: Pelipper|Pelipper, F|100/100
|-weather|RainDance|[from] ability: Drizzle|[of] p2a: Pelipper
|turn|9
|
|t:|1743858502
|move|p1a: Great Tusk|Rapid Spin|p2a: Pelipper
|-damage|p2a: Pelipper|85/100
|-boost|p1a: Great Tusk|spe|1
|-sideend|p1: DogShed|Stealth Rock|[from] move: Rapid Spin|[of] p1a: Great Tusk
|move|p2a: Pelipper|Weather Ball|p1a: Great Tusk
|-supereffective|p1a: Great Tusk
|-damage|p1a: Great Tusk|0 fnt
|faint|p1a: Great Tusk
|-end|p1a: Great Tusk|Protosynthesis|[silent]
|
|-weather|RainDance|[upkeep]
|upkeep
|
|t:|1743858517
|switch|p1a: Garganacl|Garganacl, M|100/100
|turn|10
|
|t:|1743858521
|move|p2a: Pelipper|Weather Ball|p1a: Garganacl
|-supereffective|p1a: Garganacl
|-damage|p1a: Garganacl|29/100
|move|p1a: Garganacl|Salt Cure|p2a: Pelipper
|-supereffective|p2a: Pelipper
|-damage|p2a: Pelipper|64/100
|-start|p2a: Pelipper|Salt Cure
|
|-weather|RainDance|[upkeep]
|-heal|p1a: Garganacl|35/100|[from] item: Leftovers
|-damage|p2a: Pelipper|39/100|[from] Salt Cure
|upkeep
|turn|11
|
|t:|1743858531
|switch|p2a: Landorus|Landorus-Therian, M|100/100
|-ability|p2a: Landorus|Intimidate|boost
|-unboost|p1a: Garganacl|atk|1
|move|p1a: Garganacl|Protect||[still]
|-fail|p1a: Garganacl
|
|-weather|RainDance|[upkeep]
|-heal|p1a: Garganacl|41/100|[from] item: Leftovers
|upkeep
|turn|12
|inactive|Battle timer is ON: inactive players will automatically lose when time's up. (requested by DogShed)
|
|t:|1743858540
|switch|p1a: Dragonite|Dragonite, F|100/100
|move|p2a: Landorus|Weather Ball|p1a: Dragonite
|-resisted|p1a: Dragonite
|-damage|p1a: Dragonite|89/100
|
|-weather|RainDance|[upkeep]
|upkeep
|turn|13
|
|t:|1743858551
|move|p2a: Landorus|U-turn|p1a: Dragonite
|-resisted|p1a: Dragonite
|-damage|p1a: Dragonite|79/100
|
|t:|1743858553
|switch|p2a: Tornadus|Tornadus-Therian, M|100/100|[from] U-turn
|move|p1a: Dragonite|Dragon Dance|p1a: Dragonite
|-boost|p1a: Dragonite|atk|1
|-boost|p1a: Dragonite|spe|1
|
|-weather|RainDance|[upkeep]
|upkeep
|turn|14
|
|t:|1743858562
|move|p1a: Dragonite|Ice Spinner|p2a: Tornadus
|-supereffective|p2a: Tornadus
|-damage|p2a: Tornadus|0 fnt
|-damage|p1a: Dragonite|62/100|[from] item: Rocky Helmet|[of] p2a: Tornadus
|faint|p2a: Tornadus
|
|-weather|RainDance|[upkeep]
|upkeep
|
|t:|1743858571
|switch|p2a: Scizor|Scizor, F|100/100
|turn|15
|
|t:|1743858577
|switch|p1a: Klefki|Klefki, F|100/100
|move|p2a: Scizor|Dual Wingbeat|p1a: Klefki
|-resisted|p1a: Klefki
|-damage|p1a: Klefki|87/100
|-resisted|p1a: Klefki
|-damage|p1a: Klefki|73/100
|-hitcount|p1a: Klefki|2
|
|-weather|RainDance|[upkeep]
|upkeep
|turn|16
|
|t:|1743858594
|switch|p2a: Landorus|Landorus-Therian, M|100/100
|-ability|p2a: Landorus|Intimidate|boost
|-unboost|p1a: Klefki|atk|1
|move|p1a: Klefki|Thunder Wave|p2a: Landorus
|-immune|p2a: Landorus
|
|-weather|none
|upkeep
|turn|17
|
|t:|1743858601
|move|p1a: Klefki|Switcheroo|p2a: Landorus
|-activate|p1a: Klefki|move: Trick|[of] p2a: Landorus
|-enditem|p2a: Landorus|Rocky Helmet|[silent]|[from] move: Switcheroo
|-item|p1a: Klefki|Rocky Helmet|[from] move: Switcheroo
|move|p2a: Landorus|Earth Power|p1a: Klefki
|-supereffective|p1a: Klefki
|-damage|p1a: Klefki|0 fnt
|faint|p1a: Klefki
|
|upkeep
|
|t:|1743858613
|switch|p1a: Dragonite|Dragonite, F|62/100
|turn|18
|
|t:|1743858622
|move|p2a: Landorus|U-turn|p1a: Dragonite
|-resisted|p1a: Dragonite
|-damage|p1a: Dragonite|50/100
|
|t:|1743858624
|switch|p2a: Scizor|Scizor, F|100/100|[from] U-turn
|move|p1a: Dragonite|Earthquake|p2a: Scizor
|-damage|p2a: Scizor|61/100
|
|upkeep
|turn|19
|
|t:|1743858632
|switch|p1a: Kingambit|Kingambit, F|100/100
|-activate|p1a: Kingambit|ability: Supreme Overlord
|-start|p1a: Kingambit|fallen3|[silent]
|move|p2a: Scizor|Close Combat|p1a: Kingambit
|-supereffective|p1a: Kingambit
|-damage|p1a: Kingambit|0 fnt
|-unboost|p2a: Scizor|def|1
|-unboost|p2a: Scizor|spd|1
|faint|p1a: Kingambit
|-end|p1a: Kingambit|fallen3|[silent]
|
|upkeep
|
|t:|1743858643
|switch|p1a: Garganacl|Garganacl, M|41/100
|turn|20
|
|t:|1743858650
|-terastallize|p1a: Garganacl|Fairy
|move|p2a: Scizor|Close Combat|p1a: Garganacl
|-resisted|p1a: Garganacl
|-damage|p1a: Garganacl|18/100
|-unboost|p2a: Scizor|def|1
|-unboost|p2a: Scizor|spd|1
|move|p1a: Garganacl|Salt Cure|p2a: Scizor
|-damage|p2a: Scizor|33/100
|-start|p2a: Scizor|Salt Cure
|
|-heal|p1a: Garganacl|24/100|[from] item: Leftovers
|-damage|p2a: Scizor|9/100|[from] Salt Cure
|upkeep
|turn|21
|
|t:|1743858662
|switch|p2a: Pelipper|Pelipper, F|39/100
|-weather|RainDance|[from] ability: Drizzle|[of] p2a: Pelipper
|move|p1a: Garganacl|Protect||[still]
|-fail|p1a: Garganacl
|
|-weather|RainDance|[upkeep]
|-heal|p1a: Garganacl|30/100|[from] item: Leftovers
|upkeep
|turn|22
|
|t:|1743858673
|switch|p1a: Dragonite|Dragonite, F|50/100
|move|p2a: Pelipper|Weather Ball|p1a: Dragonite
|-resisted|p1a: Dragonite
|-damage|p1a: Dragonite|26/100
|
|-weather|RainDance|[upkeep]
|upkeep
|turn|23
|
|t:|1743858685
|move|p1a: Dragonite|Extreme Speed|p2a: Pelipper
|-damage|p2a: Pelipper|13/100
|move|p2a: Pelipper|Hurricane|p1a: Dragonite
|-damage|p1a: Dragonite|0 fnt
|faint|p1a: Dragonite
|
|-weather|RainDance|[upkeep]
|upkeep
|
|t:|1743858693
|switch|p1a: Garganacl|Garganacl, M, tera:Fairy|30/100
|turn|24
|
|t:|1743858696
|move|p2a: Pelipper|Weather Ball|p1a: Garganacl
|-damage|p1a: Garganacl|0 fnt
|faint|p1a: Garganacl
|
|win|N0AH__123__
|raw|DogShed's rating: 1367 &rarr; <strong>1344</strong><br />(-23 for losing)
|raw|N0AH__123__'s rating: 1312 &rarr; <strong>1335</strong><br />(+23 for winning)
|l|☆DogShed
|player|p1|
|l|☆N0AH__123__
|player|p2|
