|j|☆Adlet
|j|☆eriomirg
|t:|1743829959
|gametype|singles
|player|p1|Adlet|169|1136
|player|p2|eriomirg|palmer|1120
|teamsize|p1|6
|teamsize|p2|6
|gen|9
|tier|[Gen 9] OU
|rated|
|rule|HP Percentage Mod: HP is shown in percentages
|rule|Endless Battle Clause: Forcing endless battles is banned
|rule|Species Clause: Limit one of each Pokémon
|rule|OHKO Clause: OHKO moves are banned
|rule|Evasion Items Clause: Evasion items are banned
|rule|Evasion Moves Clause: Evasion moves are banned
|rule|Sleep Moves Clause: Sleep-inducing moves are banned
|clearpoke
|poke|p1|Serperior, M|
|poke|p1|Weavile, F|
|poke|p1|Alomomola, F|
|poke|p1|Moltres|
|poke|p1|Iron Treads|
|poke|p1|Dragapult, F|
|poke|p2|Blaziken, F|
|poke|p2|Cobalion|
|poke|p2|Decidueye-Hisui, M|
|poke|p2|Pawmot, F|
|poke|p2|Hawlucha, F|
|poke|p2|Toxicroak, M|
|teampreview
|inactive|Battle timer is ON: inactive players will automatically lose when time's up. (requested by Adlet)
|
|t:|1743829976
|start
|switch|p1a: Iron Treads|Iron Treads|100/100
|switch|p2a: Cobalion|Cobalion|100/100
|turn|1
|
|t:|1743829983
|move|p2a: Cobalion|Taunt|p1a: Iron Treads
|-start|p1a: Iron Treads|move: Taunt
|move|p1a: Iron Treads|Volt Switch|p2a: Cobalion
|-damage|p2a: Cobalion|87/100
|
|t:|1743829989
|-end|p1a: Iron Treads|Quark Drive|[silent]
|switch|p1a: Moltres|Moltres|100/100|[from] Volt Switch
|
|upkeep
|turn|2
|
|t:|1743829998
|move|p2a: Cobalion|Thunder Wave|p1a: Moltres
|-status|p1a: Moltres|par
|move|p1a: Moltres|Flamethrower|p2a: Cobalion
|-supereffective|p2a: Cobalion
|-damage|p2a: Cobalion|1/100
|
|upkeep
|turn|3
|
|t:|1743830009
|move|p2a: Cobalion|Stealth Rock|p1a: Moltres
|-sidestart|p1: Adlet|move: Stealth Rock
|move|p1a: Moltres|Flamethrower|p2a: Cobalion
|-supereffective|p2a: Cobalion
|-damage|p2a: Cobalion|0 fnt
|faint|p2a: Cobalion
|
|upkeep
|
|t:|1743830015
|switch|p2a: Pawmot|Pawmot, F, shiny|100/100
|turn|4
|
|t:|1743830020
|move|p2a: Pawmot|Rain Dance|p2a: Pawmot
|-weather|RainDance
|move|p1a: Moltres|Will-O-Wisp|p2a: Pawmot
|-status|p2a: Pawmot|brn
|
|-weather|RainDance|[upkeep]
|-damage|p2a: Pawmot|94/100 brn|[from] brn
|upkeep
|turn|5
|
|t:|1743830040
|switch|p1a: Serperior|Serperior, M|100/100
|-damage|p1a: Serperior|88/100|[from] Stealth Rock
|move|p2a: Pawmot|Wish|p2a: Pawmot
|
|-weather|RainDance|[upkeep]
|-heal|p1a: Serperior|94/100|[from] item: Leftovers
|-damage|p2a: Pawmot|88/100 brn|[from] brn
|upkeep
|turn|6
|
|t:|1743830050
|switch|p2a: Toxicroak|Toxicroak, M|100/100
|move|p1a: Serperior|Leaf Storm|p2a: Toxicroak
|-resisted|p2a: Toxicroak
|-damage|p2a: Toxicroak|82/100
|-boost|p1a: Serperior|spa|2
|
|-weather|RainDance|[upkeep]
|-heal|p2a: Toxicroak|95/100|[from] ability: Dry Skin
|-heal|p2a: Toxicroak|100/100|[from] move: Wish|[wisher] Pawmot
|-heal|p1a: Serperior|99/100|[from] item: Leftovers
|upkeep
|turn|7
|
|t:|1743830067
|-terastallize|p1a: Serperior|Ground
|move|p1a: Serperior|Tera Blast|p2a: Toxicroak|[anim] Tera Blast Ground
|-supereffective|p2a: Toxicroak
|-damage|p2a: Toxicroak|18/100
|move|p2a: Toxicroak|Gunk Shot|p1a: Serperior
|-resisted|p1a: Serperior
|-damage|p1a: Serperior|72/100
|-status|p1a: Serperior|psn
|
|-weather|RainDance|[upkeep]
|-heal|p2a: Toxicroak|30/100|[from] ability: Dry Skin
|-heal|p1a: Serperior|78/100 psn|[from] item: Leftovers
|-damage|p1a: Serperior|66/100 psn|[from] psn
|upkeep
|turn|8
|
|t:|1743830096
|move|p1a: Serperior|Leaf Storm|p2a: Toxicroak
|-resisted|p2a: Toxicroak
|-damage|p2a: Toxicroak|0 fnt
|-boost|p1a: Serperior|spa|2
|faint|p2a: Toxicroak
|
|-weather|RainDance|[upkeep]
|-heal|p1a: Serperior|72/100 psn|[from] item: Leftovers
|-damage|p1a: Serperior|59/100 psn|[from] psn
|upkeep
|inactive|eriomirg has 120 seconds left.
|
|t:|1743830108
|switch|p2a: Decidueye|Decidueye-Hisui, M|100/100
|turn|9
|
|t:|1743830119
|move|p1a: Serperior|Leaf Storm|p2a: Decidueye
|-resisted|p2a: Decidueye
|-damage|p2a: Decidueye|52/100
|-boost|p1a: Serperior|spa|2
|move|p2a: Decidueye|Seed Bomb|p1a: Serperior
|-supereffective|p1a: Serperior
|-damage|p1a: Serperior|0 fnt
|faint|p1a: Serperior
|
|-weather|RainDance|[upkeep]
|upkeep
|
|t:|1743830133
|switch|p1a: Iron Treads|Iron Treads|100/100
|-damage|p1a: Iron Treads|98/100|[from] Stealth Rock
|turn|10
|
|t:|1743830145
|-terastallize|p2a: Decidueye|Ghost
|move|p1a: Iron Treads|Rapid Spin|p2a: Decidueye
|-immune|p2a: Decidueye
|move|p2a: Decidueye|Triple Arrows|p1a: Iron Treads
|-supereffective|p1a: Iron Treads
|-damage|p1a: Iron Treads|29/100
|-unboost|p1a: Iron Treads|def|1
|
|-weather|RainDance|[upkeep]
|-heal|p1a: Iron Treads|35/100|[from] item: Leftovers
|upkeep
|turn|11
|
|t:|1743830160
|move|p1a: Iron Treads|Volt Switch|p2a: Decidueye
|-damage|p2a: Decidueye|42/100
|
|t:|1743830167
|-end|p1a: Iron Treads|Quark Drive|[silent]
|switch|p1a: Moltres|Moltres|100/100 par|[from] Volt Switch
|move|p2a: Decidueye|Triple Arrows|p1a: Moltres
|-resisted|p1a: Moltres
|-damage|p1a: Moltres|84/100 par
|-unboost|p1a: Moltres|def|1
|
|-weather|none
|upkeep
|turn|12
|
|t:|1743830184
|move|p2a: Decidueye|Triple Arrows|p1a: Moltres
|-resisted|p1a: Moltres
|-damage|p1a: Moltres|58/100 par
|-unboost|p1a: Moltres|def|1
|cant|p1a: Moltres|flinch
|
|upkeep
|turn|13
|
|t:|1743830202
|switch|p1a: Alomomola|Alomomola, F|100/100
|move|p2a: Decidueye|Triple Arrows|p1a: Alomomola
|-damage|p1a: Alomomola|75/100
|-unboost|p1a: Alomomola|def|1
|
|upkeep
|turn|14
|
|t:|1743830217
|move|p2a: Decidueye|Seed Bomb|p1a: Alomomola
|-supereffective|p1a: Alomomola
|-damage|p1a: Alomomola|0 fnt
|faint|p1a: Alomomola
|
|upkeep
|
|t:|1743830223
|switch|p1a: Weavile|Weavile, F|100/100
|-damage|p1a: Weavile|76/100|[from] Stealth Rock
|-ability|p1a: Weavile|Pressure
|turn|15
|
|t:|1743830232
|move|p1a: Weavile|Triple Axel|p2a: Decidueye
|-damage|p2a: Decidueye|25/100
|-damage|p2a: Decidueye|0 fnt
|faint|p2a: Decidueye
|-hitcount|p2: Decidueye|2
|
|upkeep
|
|t:|1743830245
|switch|p2a: Pawmot|Pawmot, F, shiny|88/100 brn
|turn|16
|
|t:|1743830254
|move|p1a: Weavile|Triple Axel|p2a: Pawmot
|-crit|p2a: Pawmot
|-damage|p2a: Pawmot|60/100 brn
|-damage|p2a: Pawmot|20/100 brn
|-hitcount|p2a: Pawmot|2
|move|p2a: Pawmot|Revival Blessing|p2a: Pawmot
|
|t:|1743830262
|-heal|p2: Cobalion|50/100|[from] move: Revival Blessing
|
|-damage|p2a: Pawmot|14/100 brn|[from] brn
|upkeep
|turn|17
|
|t:|1743830269
|move|p1a: Weavile|Triple Axel|p2a: Pawmot
|-crit|p2a: Pawmot
|-damage|p2a: Pawmot|0 fnt
|faint|p2a: Pawmot
|-hitcount|p2: Pawmot|1
|
|upkeep
|
|t:|1743830280
|switch|p2a: Cobalion|Cobalion|50/100
|turn|18
|
|t:|1743830291
|switch|p1a: Moltres|Moltres|58/100 par
|move|p2a: Cobalion|Reflect|p2a: Cobalion
|-sidestart|p2: eriomirg|Reflect
|
|upkeep
|turn|19
|-message|Adlet forfeited.
|
|win|eriomirg
|raw|Adlet's rating: 1136 &rarr; <strong>1110</strong><br />(-26 for losing)
|raw|eriomirg's rating: 1120 &rarr; <strong>1146</strong><br />(+26 for winning)
|l|☆Adlet
|player|p1|
|l|☆eriomirg
|player|p2|
