|j|☆KirbyKillua
|j|☆WhisperWhite0
|t:|1743835657
|gametype|singles
|player|p1|KirbyKillua|miku-water|1113
|player|p2|WhisperWhite0|cynthia|1121
|teamsize|p1|6
|teamsize|p2|6
|gen|9
|tier|[Gen 9] OU
|rated|
|rule|HP Percentage Mod: HP is shown in percentages
|rule|Endless Battle Clause: Forcing endless battles is banned
|rule|Species Clause: Limit one of each Pokémon
|rule|OHKO Clause: OHKO moves are banned
|rule|Evasion Items Clause: Evasion items are banned
|rule|Evasion Moves Clause: Evasion moves are banned
|rule|Sleep Moves Clause: Sleep-inducing moves are banned
|clearpoke
|poke|p1|Meowscarada, F|
|poke|p1|Ogerpon-Wellspring, F|
|poke|p1|Decidueye, M|
|poke|p1|Cinderace, M|
|poke|p1|Alcremie-Ruby-Cream, F|
|poke|p1|Tinkaton, F|
|poke|p2|Torkoal, F|
|poke|p2|Dondozo, M|
|poke|p2|Great Tusk|
|poke|p2|Venusaur, F|
|poke|p2|Blissey, F|
|poke|p2|Dragapult, F|
|teampreview
|inactive|Battle timer is ON: inactive players will automatically lose when time's up. (requested by KirbyKillua)
|
|t:|1743835670
|start
|switch|p1a: Alcremie|Alcremie-Ruby-Cream, F|100/100
|switch|p2a: Torkoal|Torkoal, F|100/100
|-weather|SunnyDay|[from] ability: Drought|[of] p2a: Torkoal
|turn|1
|
|t:|1743835687
|move|p1a: Alcremie|Calm Mind|p1a: Alcremie
|-boost|p1a: Alcremie|spa|1
|-boost|p1a: Alcremie|spd|1
|move|p2a: Torkoal|Eruption|p1a: Alcremie
|-damage|p1a: Alcremie|48/100
|
|-weather|SunnyDay|[upkeep]
|-heal|p1a: Alcremie|54/100|[from] item: Leftovers
|upkeep
|turn|2
|
|t:|1743835704
|switch|p2a: Dondozo|Dondozo, M|100/100
|move|p1a: Alcremie|Draining Kiss|p2a: Dondozo
|-damage|p2a: Dondozo|81/100
|-heal|p1a: Alcremie|76/100|[from] drain|[of] p2a: Dondozo
|
|-weather|SunnyDay|[upkeep]
|-heal|p1a: Alcremie|82/100|[from] item: Leftovers
|-heal|p2a: Dondozo|88/100|[from] item: Leftovers
|upkeep
|turn|3
|inactive|WhisperWhite0 has 120 seconds left.
|
|t:|1743835731
|switch|p1a: Decidueye|Decidueye, M|100/100
|move|p2a: Dondozo|Liquidation|p1a: Decidueye
|-resisted|p1a: Decidueye
|-damage|p1a: Decidueye|88/100
|
|-weather|SunnyDay|[upkeep]
|-heal|p2a: Dondozo|94/100|[from] item: Leftovers
|upkeep
|turn|4
|inactive|WhisperWhite0 has 120 seconds left.
|
|t:|1743835761
|switch|p2a: Blissey|Blissey, F|100/100
|move|p1a: Decidueye|Swords Dance|p1a: Decidueye
|-boost|p1a: Decidueye|atk|2
|
|-weather|SunnyDay|[upkeep]
|upkeep
|turn|5
|
|t:|1743835778
|switch|p2a: Great Tusk|Great Tusk|100/100
|-activate|p2a: Great Tusk|ability: Protosynthesis
|-start|p2a: Great Tusk|protosynthesisdef
|move|p1a: Decidueye|Leaf Blade|p2a: Great Tusk
|-supereffective|p2a: Great Tusk
|-damage|p2a: Great Tusk|31/100
|
|-weather|SunnyDay|[upkeep]
|upkeep
|turn|6
|
|t:|1743835790
|-end|p2a: Great Tusk|Protosynthesis|[silent]
|switch|p2a: Dondozo|Dondozo, M|94/100
|move|p1a: Decidueye|Shadow Sneak|p2a: Dondozo
|-damage|p2a: Dondozo|78/100
|
|-weather|SunnyDay|[upkeep]
|-heal|p2a: Dondozo|84/100|[from] item: Leftovers
|upkeep
|turn|7
|inactive|WhisperWhite0 has 90 seconds left.
|
|t:|1743835809
|move|p1a: Decidueye|Swords Dance|p1a: Decidueye
|-boost|p1a: Decidueye|atk|2
|move|p2a: Dondozo|Crunch|p1a: Decidueye
|-supereffective|p1a: Decidueye
|-damage|p1a: Decidueye|26/100
|
|-weather|SunnyDay|[upkeep]
|-heal|p2a: Dondozo|90/100|[from] item: Leftovers
|upkeep
|turn|8
|inactive|WhisperWhite0 has 90 seconds left.
|
|t:|1743835820
|move|p1a: Decidueye|Leaf Blade|p2a: Dondozo
|-supereffective|p2a: Dondozo
|-crit|p2a: Dondozo
|-damage|p2a: Dondozo|13/100
|move|p2a: Dondozo|Crunch|p1a: Decidueye
|-supereffective|p1a: Decidueye
|-damage|p1a: Decidueye|0 fnt
|faint|p1a: Decidueye
|
|-weather|none
|-heal|p2a: Dondozo|19/100|[from] item: Leftovers
|upkeep
|
|t:|1743835828
|switch|p1a: Ogerpon|Ogerpon-Wellspring, F|100/100
|turn|9
|
|t:|1743835835
|switch|p2a: Torkoal|Torkoal, F|100/100
|-weather|SunnyDay|[from] ability: Drought|[of] p2a: Torkoal
|move|p1a: Ogerpon|Horn Leech|p2a: Torkoal
|-resisted|p2a: Torkoal
|-damage|p2a: Torkoal|85/100
|
|-weather|SunnyDay|[upkeep]
|upkeep
|turn|10
|
|t:|1743835848
|switch|p2a: Venusaur|Venusaur, F|100/100
|move|p1a: Ogerpon|Ivy Cudgel|p2a: Venusaur|[anim] Ivy Cudgel Water
|-resisted|p2a: Venusaur
|-damage|p2a: Venusaur|81/100
|
|-weather|SunnyDay|[upkeep]
|upkeep
|turn|11
|
|t:|1743835857
|switch|p1a: Tinkaton|Tinkaton, F|100/100
|-ability|p1a: Tinkaton|Mold Breaker
|move|p2a: Venusaur|Solar Beam||[still]
|-prepare|p2a: Venusaur|Solar Beam
|-anim|p2a: Venusaur|Solar Beam|p1a: Tinkaton
|-resisted|p1a: Tinkaton
|-damage|p1a: Tinkaton|74/100
|
|-weather|SunnyDay|[upkeep]
|-heal|p1a: Tinkaton|80/100|[from] item: Leftovers
|upkeep
|turn|12
|
|t:|1743835875
|move|p2a: Venusaur|Leech Seed|p1a: Tinkaton
|-start|p1a: Tinkaton|move: Leech Seed
|move|p1a: Tinkaton|Thunder Wave|p2a: Venusaur
|-status|p2a: Venusaur|par
|
|-weather|SunnyDay|[upkeep]
|-heal|p1a: Tinkaton|86/100|[from] item: Leftovers
|-damage|p1a: Tinkaton|74/100|[from] Leech Seed|[of] p2a: Venusaur
|-heal|p2a: Venusaur|96/100 par|[silent]
|upkeep
|turn|13
|
|t:|1743835892
|switch|p2a: Great Tusk|Great Tusk|31/100
|-activate|p2a: Great Tusk|ability: Protosynthesis
|-start|p2a: Great Tusk|protosynthesisdef
|move|p1a: Tinkaton|Encore||[still]
|-fail|p1a: Tinkaton
|
|-weather|SunnyDay|[upkeep]
|-heal|p1a: Tinkaton|80/100|[from] item: Leftovers
|-damage|p1a: Tinkaton|68/100|[from] Leech Seed|[of] p2a: Great Tusk
|-heal|p2a: Great Tusk|44/100|[silent]
|upkeep
|turn|14
|inactive|WhisperWhite0 has 90 seconds left.
|
|t:|1743835910
|move|p1a: Tinkaton|Knock Off|p2a: Great Tusk
|-resisted|p2a: Great Tusk
|-damage|p2a: Great Tusk|39/100
|-damage|p1a: Tinkaton|51/100|[from] item: Rocky Helmet|[of] p2a: Great Tusk
|-enditem|p2a: Great Tusk|Rocky Helmet|[from] move: Knock Off|[of] p1a: Tinkaton
|move|p2a: Great Tusk|Earthquake|p1a: Tinkaton
|-supereffective|p1a: Tinkaton
|-damage|p1a: Tinkaton|0 fnt
|faint|p1a: Tinkaton
|
|-weather|SunnyDay|[upkeep]
|upkeep
|
|t:|1743835930
|switch|p1a: Meowscarada|Meowscarada, F|100/100
|turn|15
|inactive|WhisperWhite0 has 90 seconds left.
|
|t:|1743835953
|move|p1a: Meowscarada|Flower Trick|p2a: Great Tusk
|-start|p1a: Meowscarada|typechange|Grass|[from] ability: Protean
|-supereffective|p2a: Great Tusk
|-crit|p2a: Great Tusk
|-damage|p2a: Great Tusk|0 fnt
|faint|p2a: Great Tusk
|-end|p2a: Great Tusk|Protosynthesis|[silent]
|-damage|p1a: Meowscarada|91/100|[from] item: Life Orb
|
|-weather|SunnyDay|[upkeep]
|upkeep
|
|t:|1743835970
|switch|p2a: Blissey|Blissey, F|100/100
|turn|16
|
|t:|1743835976
|move|p1a: Meowscarada|Knock Off|p2a: Blissey
|-damage|p2a: Blissey|17/100
|-enditem|p2a: Blissey|Heavy-Duty Boots|[from] move: Knock Off|[of] p1a: Meowscarada
|-damage|p1a: Meowscarada|81/100|[from] item: Life Orb
|move|p2a: Blissey|Thunderbolt|p1a: Meowscarada
|-resisted|p1a: Meowscarada
|-damage|p1a: Meowscarada|68/100
|
|-weather|none
|upkeep
|turn|17
|
|t:|1743835985
|switch|p2a: Torkoal|Torkoal, F|85/100
|-weather|SunnyDay|[from] ability: Drought|[of] p2a: Torkoal
|move|p1a: Meowscarada|U-turn|p2a: Torkoal
|-resisted|p2a: Torkoal
|-damage|p2a: Torkoal|74/100
|-damage|p1a: Meowscarada|58/100|[from] item: Life Orb
|
|t:|1743835988
|switch|p1a: Alcremie|Alcremie-Ruby-Cream, F|82/100|[from] U-turn
|
|-weather|SunnyDay|[upkeep]
|-heal|p1a: Alcremie|88/100|[from] item: Leftovers
|upkeep
|turn|18
|inactive|WhisperWhite0 has 90 seconds left.
|
|t:|1743836007
|switch|p2a: Venusaur|Venusaur, F|96/100 par
|move|p1a: Alcremie|Calm Mind|p1a: Alcremie
|-boost|p1a: Alcremie|spa|1
|-boost|p1a: Alcremie|spd|1
|
|-weather|SunnyDay|[upkeep]
|-heal|p1a: Alcremie|94/100|[from] item: Leftovers
|upkeep
|turn|19
|inactive|WhisperWhite0 has 90 seconds left.
|
|t:|1743836016
|-terastallize|p2a: Venusaur|Poison
|cant|p2a: Venusaur|par
|move|p1a: Alcremie|Calm Mind|p1a: Alcremie
|-boost|p1a: Alcremie|spa|1
|-boost|p1a: Alcremie|spd|1
|
|-weather|SunnyDay|[upkeep]
|-heal|p1a: Alcremie|99/100|[from] item: Leftovers
|upkeep
|turn|20
|
|t:|1743836024
|move|p2a: Venusaur|Tera Blast|p1a: Alcremie|[anim] Tera Blast Poison
|-supereffective|p1a: Alcremie
|-damage|p1a: Alcremie|53/100
|move|p1a: Alcremie|Calm Mind|p1a: Alcremie
|-boost|p1a: Alcremie|spa|1
|-boost|p1a: Alcremie|spd|1
|
|-weather|SunnyDay|[upkeep]
|-heal|p1a: Alcremie|59/100|[from] item: Leftovers
|upkeep
|turn|21
|
|t:|1743836034
|move|p2a: Venusaur|Tera Blast|p1a: Alcremie|[anim] Tera Blast Poison
|-supereffective|p1a: Alcremie
|-damage|p1a: Alcremie|21/100
|move|p1a: Alcremie|Stored Power|p2a: Venusaur
|-supereffective|p2a: Venusaur
|-damage|p2a: Venusaur|0 fnt
|faint|p2a: Venusaur
|
|-weather|SunnyDay|[upkeep]
|-heal|p1a: Alcremie|27/100|[from] item: Leftovers
|upkeep
|inactive|WhisperWhite0 has 90 seconds left.
|
|t:|1743836046
|switch|p2a: Dondozo|Dondozo, M|19/100
|turn|22
|inactive|WhisperWhite0 has 90 seconds left.
|
|t:|1743836058
|move|p1a: Alcremie|Stored Power|p2a: Dondozo
|-damage|p2a: Dondozo|0 fnt
|faint|p2a: Dondozo
|
|-weather|SunnyDay|[upkeep]
|-heal|p1a: Alcremie|33/100|[from] item: Leftovers
|upkeep
|inactive|WhisperWhite0 has 90 seconds left.
|
|t:|1743836065
|switch|p2a: Dragapult|Dragapult, F|100/100
|turn|23
|
|t:|1743836071
|move|p2a: Dragapult|Flamethrower|p1a: Alcremie
|-damage|p1a: Alcremie|17/100
|move|p1a: Alcremie|Draining Kiss|p2a: Dragapult
|-supereffective|p2a: Dragapult
|-damage|p2a: Dragapult|0 fnt
|-heal|p1a: Alcremie|88/100|[from] drain|[of] p2a: Dragapult
|faint|p2a: Dragapult
|
|-weather|SunnyDay|[upkeep]
|-heal|p1a: Alcremie|94/100|[from] item: Leftovers
|upkeep
|inactive|WhisperWhite0 has 90 seconds left.
|
|t:|1743836082
|switch|p2a: Torkoal|Torkoal, F|74/100
|turn|24
|
|t:|1743836090
|move|p1a: Alcremie|Stored Power|p2a: Torkoal
|-damage|p2a: Torkoal|0 fnt
|faint|p2a: Torkoal
|
|-weather|none
|-heal|p1a: Alcremie|99/100|[from] item: Leftovers
|upkeep
|
|t:|1743836097
|switch|p2a: Blissey|Blissey, F|17/100
|turn|25
|
|t:|1743836102
|move|p1a: Alcremie|Stored Power|p2a: Blissey
|-damage|p2a: Blissey|0 fnt
|faint|p2a: Blissey
|
|win|KirbyKillua
|raw|KirbyKillua's rating: 1113 &rarr; <strong>1139</strong><br />(+26 for winning)
|raw|WhisperWhite0's rating: 1121 &rarr; <strong>1095</strong><br />(-26 for losing)
|l|☆KirbyKillua
|player|p1|
|l|☆WhisperWhite0
|player|p2|
