|j|☆cococrispies
|j|☆Torontotalonflames
|t:|1743916817
|gametype|singles
|player|p1|cococrispies|n|1553
|player|p2|Torontotalonflames|cynthia|1541
|teamsize|p1|6
|teamsize|p2|6
|gen|9
|tier|[Gen 9] OU
|rated|
|rule|HP Percentage Mod: HP is shown in percentages
|rule|Endless Battle Clause: Forcing endless battles is banned
|rule|Species Clause: Limit one of each Pokémon
|rule|OHKO Clause: OHKO moves are banned
|rule|Evasion Items Clause: Evasion items are banned
|rule|Evasion Moves Clause: Evasion moves are banned
|rule|Sleep Moves Clause: Sleep-inducing moves are banned
|clearpoke
|poke|p1|Zamazenta-*|
|poke|p1|Great Tusk|
|poke|p1|Moltres|
|poke|p1|Kyurem|
|poke|p1|Iron Valiant|
|poke|p1|Alomomola, F|
|poke|p2|Gliscor, F|
|poke|p2|Dragapult, F|
|poke|p2|Slowking-Galar, M|
|poke|p2|Zamazenta-*|
|poke|p2|Ting-Lu|
|poke|p2|Primarina, F|
|teampreview
|inactive|Battle timer is ON: inactive players will automatically lose when time's up. (requested by Torontotalonflames)
|
|t:|1743916831
|start
|switch|p1a: Alomomola|Alomomola, F|100/100
|switch|p2a: Primarina|Primarina, F|100/100
|turn|1
|
|t:|1743916852
|move|p2a: Primarina|Moonblast|p1a: Alomomola
|-damage|p1a: Alomomola|70/100
|move|p1a: Alomomola|Scald|p2a: Primarina
|-resisted|p2a: Primarina
|-damage|p2a: Primarina|96/100
|
|upkeep
|turn|2
|
|t:|1743916860
|move|p2a: Primarina|Flip Turn|p1a: Alomomola
|-resisted|p1a: Alomomola
|-damage|p1a: Alomomola|66/100
|
|t:|1743916863
|switch|p2a: Slowking|Slowking-Galar, M|100/100|[from] Flip Turn
|move|p1a: Alomomola|Scald|p2a: Slowking
|-damage|p2a: Slowking|91/100
|
|upkeep
|turn|3
|
|t:|1743916868
|move|p1a: Alomomola|Flip Turn|p2a: Slowking
|-damage|p2a: Slowking|75/100
|
|t:|1743916873
|switch|p1a: Great Tusk|Great Tusk|100/100|[from] Flip Turn
|move|p2a: Slowking|Thunder Wave|p1a: Great Tusk
|-immune|p1a: Great Tusk
|
|upkeep
|turn|4
|
|t:|1743916884
|switch|p2a: Dragapult|Dragapult, F|100/100
|move|p1a: Great Tusk|Stealth Rock|p2a: Dragapult
|-sidestart|p2: Torontotalonflames|move: Stealth Rock
|
|upkeep
|turn|5
|
|t:|1743916901
|-end|p1a: Great Tusk|Protosynthesis|[silent]
|switch|p1a: Alomomola|Alomomola, F|99/100
|move|p2a: Dragapult|Will-O-Wisp|p1a: Alomomola
|-status|p1a: Alomomola|brn
|
|-damage|p1a: Alomomola|93/100 brn|[from] brn
|upkeep
|turn|6
|
|t:|1743916907
|move|p2a: Dragapult|U-turn|p1a: Alomomola
|-damage|p1a: Alomomola|81/100 brn
|
|t:|1743916910
|switch|p2a: Slowking|Slowking-Galar, M|100/100|[from] U-turn
|move|p1a: Alomomola|Mirror Coat||[still]
|-fail|p1a: Alomomola
|
|-damage|p1a: Alomomola|74/100 brn|[from] brn
|upkeep
|turn|7
|
|t:|1743916917
|move|p1a: Alomomola|Flip Turn|p2a: Slowking
|-damage|p2a: Slowking|92/100
|
|t:|1743916919
|switch|p1a: Great Tusk|Great Tusk|100/100|[from] Flip Turn
|-prepare|p2a: Slowking|Chilly Reception|[premajor]
|move|p2a: Slowking|Chilly Reception|p2a: Slowking
|-weather|Snowscape
|
|t:|1743916929
|switch|p2a: Primarina|Primarina, F|96/100|[from] Chilly Reception
|-damage|p2a: Primarina|84/100|[from] Stealth Rock
|
|-weather|Snowscape|[upkeep]
|upkeep
|turn|8
|
|t:|1743916934
|-end|p1a: Great Tusk|Protosynthesis|[silent]
|switch|p1a: Alomomola|Alomomola, F|100/100 brn
|move|p2a: Primarina|Moonblast|p1a: Alomomola
|-damage|p1a: Alomomola|73/100 brn
|-unboost|p1a: Alomomola|spa|1
|
|-weather|Snowscape|[upkeep]
|-damage|p1a: Alomomola|67/100 brn|[from] brn
|upkeep
|turn|9
|
|t:|1743916942
|move|p2a: Primarina|Surf|p1a: Alomomola
|-resisted|p1a: Alomomola
|-crit|p1a: Alomomola
|-damage|p1a: Alomomola|47/100 brn
|move|p1a: Alomomola|Scald|p2a: Primarina
|-resisted|p2a: Primarina
|-damage|p2a: Primarina|81/100
|
|-weather|Snowscape|[upkeep]
|-damage|p1a: Alomomola|40/100 brn|[from] brn
|upkeep
|turn|10
|
|t:|1743916963
|move|p2a: Primarina|Moonblast|p1a: Alomomola
|-damage|p1a: Alomomola|11/100 brn
|move|p1a: Alomomola|Flip Turn|p2a: Primarina
|-resisted|p2a: Primarina
|-damage|p2a: Primarina|76/100
|
|t:|1743916973
|switch|p1a: Moltres|Moltres|100/100|[from] Flip Turn
|
|-weather|Snowscape|[upkeep]
|upkeep
|turn|11
|
|t:|1743916976
|move|p1a: Moltres|U-turn|p2a: Primarina
|-resisted|p2a: Primarina
|-damage|p2a: Primarina|65/100
|
|t:|1743916978
|switch|p1a: Alomomola|Alomomola, F|45/100 brn|[from] U-turn
|move|p2a: Primarina|Surf|p1a: Alomomola
|-resisted|p1a: Alomomola
|-damage|p1a: Alomomola|30/100 brn
|
|-weather|none
|-damage|p1a: Alomomola|24/100 brn|[from] brn
|upkeep
|turn|12
|
|t:|1743916982
|move|p2a: Primarina|Moonblast|p1a: Alomomola
|-crit|p1a: Alomomola
|-damage|p1a: Alomomola|0 fnt
|faint|p1a: Alomomola
|
|upkeep
|
|t:|1743916986
|switch|p1a: Kyurem|Kyurem|100/100
|-ability|p1a: Kyurem|Pressure
|turn|13
|
|t:|1743916988
|move|p1a: Kyurem|Freeze-Dry|p2a: Primarina
|-supereffective|p2a: Primarina
|-damage|p2a: Primarina|0 fnt
|faint|p2a: Primarina
|
|upkeep
|
|t:|1743916995
|switch|p2a: Slowking|Slowking-Galar, M|100/100
|turn|14
|
|t:|1743916997
|switch|p1a: Great Tusk|Great Tusk|100/100
|move|p2a: Slowking|Thunder Wave|p1a: Great Tusk
|-immune|p1a: Great Tusk
|
|upkeep
|turn|15
|
|t:|1743917003
|move|p1a: Great Tusk|Headlong Rush|p2a: Slowking
|-supereffective|p2a: Slowking
|-damage|p2a: Slowking|0 fnt
|-unboost|p1a: Great Tusk|def|1
|-unboost|p1a: Great Tusk|spd|1
|faint|p2a: Slowking
|
|upkeep
|
|t:|1743917010
|switch|p2a: Dragapult|Dragapult, F|100/100
|turn|16
|
|t:|1743917017
|-end|p1a: Great Tusk|Protosynthesis|[silent]
|switch|p1a: Moltres|Moltres|100/100
|move|p2a: Dragapult|Dragon Darts|p1a: Moltres
|-damage|p1a: Moltres|86/100
|-anim|p2a: Dragapult|Dragon Darts|p1a: Moltres
|-damage|p1a: Moltres|72/100
|
|upkeep
|turn|17
|
|t:|1743917025
|move|p2a: Dragapult|Hex|p1a: Moltres
|-damage|p1a: Moltres|46/100
|move|p1a: Moltres|Will-O-Wisp|p2a: Dragapult
|-status|p2a: Dragapult|brn
|
|-damage|p2a: Dragapult|95/100 brn|[from] brn
|upkeep
|turn|18
|
|t:|1743917029
|move|p2a: Dragapult|U-turn|p1a: Moltres
|-resisted|p1a: Moltres
|-damage|p1a: Moltres|45/100
|
|t:|1743917030
|switch|p2a: Gliscor|Gliscor, F|100/100|[from] U-turn
|-damage|p2a: Gliscor|88/100|[from] Stealth Rock
|move|p1a: Moltres|Roost|p1a: Moltres
|-heal|p1a: Moltres|95/100
|-singleturn|p1a: Moltres|move: Roost
|
|-status|p2a: Gliscor|tox|[from] item: Toxic Orb
|upkeep
|turn|19
|
|t:|1743917035
|move|p2a: Gliscor|Swords Dance|p2a: Gliscor
|-boost|p2a: Gliscor|atk|2
|move|p1a: Moltres|U-turn|p2a: Gliscor
|-resisted|p2a: Gliscor
|-damage|p2a: Gliscor|83/100 tox
|
|t:|1743917039
|switch|p1a: Kyurem|Kyurem|100/100|[from] U-turn
|-ability|p1a: Kyurem|Pressure
|
|-heal|p2a: Gliscor|95/100 tox|[from] ability: Poison Heal
|upkeep
|turn|20
|
|t:|1743917042
|move|p2a: Gliscor|Protect|p2a: Gliscor
|-singleturn|p2a: Gliscor|Protect
|move|p1a: Kyurem|Ice Beam|p2a: Gliscor
|-activate|p2a: Gliscor|move: Protect
|
|-heal|p2a: Gliscor|100/100 tox|[from] ability: Poison Heal
|upkeep
|turn|21
|
|t:|1743917047
|-terastallize|p2a: Gliscor|Normal
|move|p1a: Kyurem|Ice Beam|p2a: Gliscor
|-damage|p2a: Gliscor|41/100 tox
|move|p2a: Gliscor|Knock Off|p1a: Kyurem
|-damage|p1a: Kyurem|58/100
|-enditem|p1a: Kyurem|Choice Specs|[from] move: Knock Off|[of] p2a: Gliscor
|
|-heal|p2a: Gliscor|53/100 tox|[from] ability: Poison Heal
|upkeep
|turn|22
|
|t:|1743917054
|switch|p1a: Zamazenta|Zamazenta|100/100
|-ability|p1a: Zamazenta|Dauntless Shield|boost
|-boost|p1a: Zamazenta|def|1
|move|p2a: Gliscor|Protect||[still]
|-fail|p2a: Gliscor
|
|-heal|p2a: Gliscor|66/100 tox|[from] ability: Poison Heal
|upkeep
|turn|23
|
|t:|1743917061
|switch|p2a: Dragapult|Dragapult, F|95/100 brn
|move|p1a: Zamazenta|Crunch|p2a: Dragapult
|-supereffective|p2a: Dragapult
|-damage|p2a: Dragapult|39/100 brn
|
|-damage|p2a: Dragapult|33/100 brn|[from] brn
|upkeep
|turn|24
|
|t:|1743917067
|switch|p1a: Moltres|Moltres|95/100
|move|p2a: Dragapult|U-turn|p1a: Moltres
|-resisted|p1a: Moltres
|-damage|p1a: Moltres|93/100
|
|t:|1743917077
|switch|p2a: Gliscor|Gliscor, F, tera:Normal|66/100 tox|[from] U-turn
|-damage|p2a: Gliscor|53/100 tox|[from] Stealth Rock
|
|-heal|p2a: Gliscor|66/100 tox|[from] ability: Poison Heal
|upkeep
|turn|25
|
|t:|1743917081
|move|p2a: Gliscor|Protect|p2a: Gliscor
|-singleturn|p2a: Gliscor|Protect
|move|p1a: Moltres|U-turn|p2a: Gliscor
|-activate|p2a: Gliscor|move: Protect
|
|-heal|p2a: Gliscor|78/100 tox|[from] ability: Poison Heal
|upkeep
|turn|26
|
|t:|1743917088
|move|p2a: Gliscor|Knock Off|p1a: Moltres
|-damage|p1a: Moltres|79/100
|-enditem|p1a: Moltres|Heavy-Duty Boots|[from] move: Knock Off|[of] p2a: Gliscor
|move|p1a: Moltres|U-turn|p2a: Gliscor
|-damage|p2a: Gliscor|66/100 tox
|
|t:|1743917091
|switch|p1a: Zamazenta|Zamazenta|100/100|[from] U-turn
|
|-heal|p2a: Gliscor|79/100 tox|[from] ability: Poison Heal
|upkeep
|turn|27
|
|t:|1743917097
|move|p1a: Zamazenta|Body Press|p2a: Gliscor
|-supereffective|p2a: Gliscor
|-damage|p2a: Gliscor|29/100 tox
|move|p2a: Gliscor|Knock Off|p1a: Zamazenta
|-resisted|p1a: Zamazenta
|-damage|p1a: Zamazenta|93/100
|-enditem|p1a: Zamazenta|Leftovers|[from] move: Knock Off|[of] p2a: Gliscor
|
|-heal|p2a: Gliscor|41/100 tox|[from] ability: Poison Heal
|upkeep
|turn|28
|
|t:|1743917102
|move|p2a: Gliscor|Protect|p2a: Gliscor
|-singleturn|p2a: Gliscor|Protect
|move|p1a: Zamazenta|Iron Defense|p1a: Zamazenta
|-boost|p1a: Zamazenta|def|2
|
|-heal|p2a: Gliscor|54/100 tox|[from] ability: Poison Heal
|upkeep
|turn|29
|
|t:|1743917107
|switch|p2a: Zamazenta|Zamazenta|100/100
|-ability|p2a: Zamazenta|Dauntless Shield|boost
|-boost|p2a: Zamazenta|def|1
|move|p1a: Zamazenta|Body Press|p2a: Zamazenta
|-damage|p2a: Zamazenta|69/100
|
|upkeep
|turn|30
|
|t:|1743917110
|move|p1a: Zamazenta|Iron Defense|p1a: Zamazenta
|-boost|p1a: Zamazenta|def|2
|move|p2a: Zamazenta|Roar|p1a: Zamazenta
|drag|p1a: Iron Valiant|Iron Valiant|100/100
|-enditem|p1a: Iron Valiant|Booster Energy
|-activate|p1a: Iron Valiant|ability: Quark Drive|[fromitem]
|-start|p1a: Iron Valiant|quarkdrivespe
|
|upkeep
|turn|31
|
|t:|1743917115
|move|p1a: Iron Valiant|Moonblast|p2a: Zamazenta
|-supereffective|p2a: Zamazenta
|-damage|p2a: Zamazenta|0 fnt
|faint|p2a: Zamazenta
|
|upkeep
|
|t:|1743917119
|switch|p2a: Ting-Lu|Ting-Lu|100/100
|-damage|p2a: Ting-Lu|94/100|[from] Stealth Rock
|-ability|p2a: Ting-Lu|Vessel of Ruin
|turn|32
|
|t:|1743917125
|move|p1a: Iron Valiant|Calm Mind|p1a: Iron Valiant
|-boost|p1a: Iron Valiant|spa|1
|-boost|p1a: Iron Valiant|spd|1
|move|p2a: Ting-Lu|Ruination|p1a: Iron Valiant
|-damage|p1a: Iron Valiant|51/100
|
|-heal|p2a: Ting-Lu|100/100|[from] item: Leftovers
|upkeep
|turn|33
|
|t:|1743917127
|move|p1a: Iron Valiant|Calm Mind|p1a: Iron Valiant
|-boost|p1a: Iron Valiant|spa|1
|-boost|p1a: Iron Valiant|spd|1
|move|p2a: Ting-Lu|Earthquake|p1a: Iron Valiant
|-damage|p1a: Iron Valiant|0 fnt
|faint|p1a: Iron Valiant
|-end|p1a: Iron Valiant|Quark Drive|[silent]
|
|upkeep
|
|t:|1743917132
|switch|p1a: Zamazenta|Zamazenta|93/100
|turn|34
|
|t:|1743917139
|move|p1a: Zamazenta|Iron Defense|p1a: Zamazenta
|-boost|p1a: Zamazenta|def|2
|move|p2a: Ting-Lu|Ruination|p1a: Zamazenta
|-damage|p1a: Zamazenta|47/100
|
|upkeep
|turn|35
|
|t:|1743917143
|move|p1a: Zamazenta|Body Press|p2a: Ting-Lu
|-supereffective|p2a: Ting-Lu
|-damage|p2a: Ting-Lu|34/100
|move|p2a: Ting-Lu|Ruination|p1a: Zamazenta
|-damage|p1a: Zamazenta|24/100
|
|-heal|p2a: Ting-Lu|40/100|[from] item: Leftovers
|upkeep
|turn|36
|
|t:|1743917147
|move|p1a: Zamazenta|Body Press|p2a: Ting-Lu
|-supereffective|p2a: Ting-Lu
|-damage|p2a: Ting-Lu|0 fnt
|faint|p2a: Ting-Lu
|
|upkeep
|
|t:|1743917149
|switch|p2a: Dragapult|Dragapult, F|33/100 brn
|turn|37
|
|t:|1743917156
|switch|p1a: Moltres|Moltres|79/100
|move|p2a: Dragapult|Hex|p1a: Moltres
|-damage|p1a: Moltres|53/100
|
|-damage|p2a: Dragapult|27/100 brn|[from] brn
|upkeep
|turn|38
|-message|Torontotalonflames forfeited.
|
|win|cococrispies
|raw|cococrispies's rating: 1553 &rarr; <strong>1572</strong><br />(+19 for winning)
|raw|Torontotalonflames's rating: 1541 &rarr; <strong>1522</strong><br />(-19 for losing)
|l|☆Torontotalonflames
|player|p2|
|l|☆cococrispies
|player|p1|
