|badge|p2|bronze|gen9ou|100-5
|uhtml|medal-msg|<div class="broadcast-blue">Curious what those medals under the avatar are? PS now has Ladder Seasons! For more information, check out the <a href="https://www.smogon.com/forums/threads/3740067/">thread on Smogon.</a></div>
|j|☆MiaTaylor612
|j|☆Prav33n
|t:|1743871261
|gametype|singles
|player|p1|MiaTaylor612|idol|1872
|player|p2|Prav33n|koga|1828
|teamsize|p1|6
|teamsize|p2|6
|gen|9
|tier|[Gen 9] OU
|rated|
|rule|HP Percentage Mod: HP is shown in percentages
|rule|Endless Battle Clause: Forcing endless battles is banned
|rule|Species Clause: Limit one of each Pokémon
|rule|OHKO Clause: OHKO moves are banned
|rule|Evasion Items Clause: Evasion items are banned
|rule|Evasion Moves Clause: Evasion moves are banned
|rule|Sleep Moves Clause: Sleep-inducing moves are banned
|clearpoke
|poke|p1|Garchomp, M|
|poke|p1|Slowking-Galar, M|
|poke|p1|Gholdengo|
|poke|p1|Moltres|
|poke|p1|Iron Valiant|
|poke|p1|Kingambit, F|
|poke|p2|Ogerpon-Wellspring, F|
|poke|p2|Darkrai|
|poke|p2|Hatterene, F|
|poke|p2|Landorus-Therian, M|
|poke|p2|Dragonite, M|
|poke|p2|Zamazenta-*|
|teampreview
|inactive|Battle timer is ON: inactive players will automatically lose when time's up. (requested by MiaTaylor612)
|
|t:|1743871272
|start
|switch|p1a: Slowking|Slowking-Galar, M|100/100
|switch|p2a: Darkrai|Darkrai|100/100
|turn|1
|
|t:|1743871274
|move|p2a: Darkrai|Dark Pulse|p1a: Slowking
|-supereffective|p1a: Slowking
|-damage|p1a: Slowking|47/100
|move|p1a: Slowking|Sludge Bomb|p2a: Darkrai
|-damage|p2a: Darkrai|59/100
|
|upkeep
|turn|2
|
|t:|1743871285
|switch|p2a: Ogerpon|Ogerpon-Wellspring, F|100/100
|-terastallize|p1a: Slowking|Water
|move|p1a: Slowking|Sludge Bomb|p2a: Ogerpon
|-supereffective|p2a: Ogerpon
|-damage|p2a: Ogerpon|28/100
|-status|p2a: Ogerpon|psn
|
|-damage|p2a: Ogerpon|16/100 psn|[from] psn
|upkeep
|turn|3
|
|t:|1743871295
|switch|p1a: Garchomp|Garchomp, M|100/100
|move|p2a: Ogerpon|Synthesis|p2a: Ogerpon
|-heal|p2a: Ogerpon|66/100 psn
|
|-damage|p2a: Ogerpon|53/100 psn|[from] psn
|upkeep
|turn|4
|
|t:|1743871299
|switch|p2a: Landorus|Landorus-Therian, M|100/100
|-ability|p2a: Landorus|Intimidate|boost
|-unboost|p1a: Garchomp|atk|1
|move|p1a: Garchomp|Dragon Tail|p2a: Landorus
|-damage|p2a: Landorus|85/100
|-damage|p1a: Garchomp|84/100|[from] item: Rocky Helmet|[of] p2a: Landorus
|drag|p2a: Zamazenta|Zamazenta|100/100
|-ability|p2a: Zamazenta|Dauntless Shield|boost
|-boost|p2a: Zamazenta|def|1
|
|upkeep
|turn|5
|
|t:|1743871304
|switch|p2a: Hatterene|Hatterene, F|100/100
|switch|p1a: Gholdengo|Gholdengo|100/100
|
|upkeep
|turn|6
|
|t:|1743871321
|switch|p2a: Ogerpon|Ogerpon-Wellspring, F|53/100 psn
|move|p1a: Gholdengo|Make It Rain|p2a: Ogerpon
|-resisted|p2a: Ogerpon
|-damage|p2a: Ogerpon|25/100 psn
|-unboost|p1a: Gholdengo|spa|1
|
|-damage|p2a: Ogerpon|13/100 psn|[from] psn
|upkeep
|turn|7
|
|t:|1743871326
|move|p2a: Ogerpon|Synthesis|p2a: Ogerpon
|-heal|p2a: Ogerpon|63/100 psn
|move|p1a: Gholdengo|Hex|p2a: Ogerpon
|-damage|p2a: Ogerpon|16/100 psn
|
|-damage|p2a: Ogerpon|3/100 psn|[from] psn
|upkeep
|turn|8
|
|t:|1743871330
|switch|p1a: Garchomp|Garchomp, M|84/100
|move|p2a: Ogerpon|U-turn|p1a: Garchomp
|-damage|p1a: Garchomp|66/100
|-damage|p2a: Ogerpon|0 fnt|[from] ability: Rough Skin|[of] p1a: Garchomp
|faint|p2a: Ogerpon
|
|upkeep
|
|t:|1743871336
|switch|p2a: Darkrai|Darkrai|59/100
|turn|9
|
|t:|1743871348
|switch|p1a: Slowking|Slowking-Galar, M, tera:Water|80/100
|move|p2a: Darkrai|Will-O-Wisp|p1a: Slowking
|-status|p1a: Slowking|brn
|
|-damage|p1a: Slowking|74/100 brn|[from] brn
|upkeep
|turn|10
|
|t:|1743871365
|move|p2a: Darkrai|Dark Pulse|p1a: Slowking
|-damage|p1a: Slowking|51/100 brn
|move|p1a: Slowking|Ice Beam|p2a: Darkrai
|-damage|p2a: Darkrai|28/100
|
|-damage|p1a: Slowking|45/100 brn|[from] brn
|upkeep
|turn|11
|
|t:|1743871374
|move|p2a: Darkrai|Dark Pulse|p1a: Slowking
|-damage|p1a: Slowking|17/100 brn
|move|p1a: Slowking|Ice Beam|p2a: Darkrai
|-damage|p2a: Darkrai|0 fnt
|faint|p2a: Darkrai
|
|-damage|p1a: Slowking|11/100 brn|[from] brn
|upkeep
|
|t:|1743871378
|switch|p2a: Landorus|Landorus-Therian, M|85/100
|-ability|p2a: Landorus|Intimidate|boost
|-unboost|p1a: Slowking|atk|1
|turn|12
|
|t:|1743871381
|switch|p1a: Moltres|Moltres|100/100
|move|p2a: Landorus|Stealth Rock|p1a: Moltres
|-sidestart|p1: MiaTaylor612|move: Stealth Rock
|
|upkeep
|turn|13
|
|t:|1743871386
|switch|p1a: Garchomp|Garchomp, M|66/100
|-damage|p1a: Garchomp|60/100|[from] Stealth Rock
|move|p2a: Landorus|Stone Edge|p1a: Garchomp
|-resisted|p1a: Garchomp
|-damage|p1a: Garchomp|50/100
|
|upkeep
|turn|14
|
|t:|1743871390
|move|p2a: Landorus|U-turn|p1a: Garchomp
|-damage|p1a: Garchomp|37/100
|-damage|p2a: Landorus|72/100|[from] ability: Rough Skin|[of] p1a: Garchomp
|-damage|p2a: Landorus|56/100|[from] item: Rocky Helmet|[of] p1a: Garchomp
|
|t:|1743871392
|switch|p2a: Hatterene|Hatterene, F|100/100|[from] U-turn
|move|p1a: Garchomp|Earthquake|p2a: Hatterene
|-damage|p2a: Hatterene|48/100
|
|upkeep
|turn|15
|
|t:|1743871398
|switch|p2a: Landorus|Landorus-Therian, M|56/100
|-ability|p2a: Landorus|Intimidate|boost
|-unboost|p1a: Garchomp|atk|1
|move|p1a: Garchomp|Earthquake|p2a: Landorus
|-immune|p2a: Landorus
|
|upkeep
|turn|16
|
|t:|1743871403
|move|p2a: Landorus|U-turn|p1a: Garchomp
|-damage|p1a: Garchomp|24/100
|-damage|p2a: Landorus|43/100|[from] ability: Rough Skin|[of] p1a: Garchomp
|-damage|p2a: Landorus|27/100|[from] item: Rocky Helmet|[of] p1a: Garchomp
|
|t:|1743871404
|switch|p2a: Hatterene|Hatterene, F|48/100|[from] U-turn
|move|p1a: Garchomp|Dragon Tail|p2a: Hatterene
|-immune|p2a: Hatterene
|
|upkeep
|turn|17
|
|t:|1743871409
|move|p1a: Garchomp|Earthquake|p2a: Hatterene
|-damage|p2a: Hatterene|17/100
|move|p2a: Hatterene|Draining Kiss|p1a: Garchomp
|-supereffective|p1a: Garchomp
|-damage|p1a: Garchomp|0 fnt
|-heal|p2a: Hatterene|41/100|[from] drain|[of] p1a: Garchomp
|-damage|p2a: Hatterene|28/100|[from] ability: Rough Skin|[of] p1a: Garchomp
|-damage|p2a: Hatterene|12/100|[from] item: Rocky Helmet|[of] p1a: Garchomp
|faint|p1a: Garchomp
|
|upkeep
|
|t:|1743871415
|switch|p1a: Moltres|Moltres|100/100
|turn|18
|
|t:|1743871424
|move|p1a: Moltres|U-turn|p2a: Hatterene
|-damage|p2a: Hatterene|0 fnt
|faint|p2a: Hatterene
|
|t:|1743871426
|switch|p1a: Slowking|Slowking-Galar, M, tera:Water|44/100 brn|[from] U-turn
|
|-damage|p1a: Slowking|38/100 brn|[from] brn
|upkeep
|
|t:|1743871434
|switch|p2a: Landorus|Landorus-Therian, M|27/100
|-ability|p2a: Landorus|Intimidate|boost
|-unboost|p1a: Slowking|atk|1
|turn|19
|
|t:|1743871442
|move|p2a: Landorus|Earthquake|p1a: Slowking
|-damage|p1a: Slowking|0 fnt
|faint|p1a: Slowking
|
|upkeep
|
|t:|1743871444
|switch|p1a: Iron Valiant|Iron Valiant|100/100
|turn|20
|
|t:|1743871451
|move|p1a: Iron Valiant|Moonblast|p2a: Landorus
|-damage|p2a: Landorus|0 fnt
|faint|p2a: Landorus
|
|upkeep
|
|t:|1743871459
|switch|p2a: Dragonite|Dragonite, M, shiny|100/100
|turn|21
|
|t:|1743871476
|-terastallize|p2a: Dragonite|Flying
|move|p1a: Iron Valiant|Moonblast|p2a: Dragonite
|-damage|p2a: Dragonite|80/100
|move|p2a: Dragonite|Dragon Dance|p2a: Dragonite
|-boost|p2a: Dragonite|atk|1
|-boost|p2a: Dragonite|spe|1
|
|upkeep
|turn|22
|
|t:|1743871487
|move|p2a: Dragonite|Dragon Dance|p2a: Dragonite
|-boost|p2a: Dragonite|atk|1
|-boost|p2a: Dragonite|spe|1
|move|p1a: Iron Valiant|Encore|p2a: Dragonite
|-start|p2a: Dragonite|Encore
|
|upkeep
|turn|23
|
|t:|1743871492
|-end|p1a: Iron Valiant|Quark Drive|[silent]
|switch|p1a: Kingambit|Kingambit, F|100/100
|-damage|p1a: Kingambit|94/100|[from] Stealth Rock
|-activate|p1a: Kingambit|ability: Supreme Overlord
|-start|p1a: Kingambit|fallen2|[silent]
|move|p2a: Dragonite|Dragon Dance|p2a: Dragonite
|-boost|p2a: Dragonite|atk|1
|-boost|p2a: Dragonite|spe|1
|
|-heal|p1a: Kingambit|100/100|[from] item: Leftovers
|upkeep
|turn|24
|
|t:|1743871495
|switch|p2a: Zamazenta|Zamazenta|100/100
|move|p1a: Kingambit|Iron Head|p2a: Zamazenta
|-damage|p2a: Zamazenta|57/100
|
|upkeep
|turn|25
|
|t:|1743871500
|switch|p2a: Dragonite|Dragonite, M, shiny, tera:Flying|80/100
|-end|p1a: Kingambit|fallen2|[silent]
|switch|p1a: Gholdengo|Gholdengo|100/100
|
|upkeep
|turn|26
|j| ShaqFromBasketball
|
|t:|1743871506
|move|p2a: Dragonite|Earthquake|p1a: Gholdengo
|-supereffective|p1a: Gholdengo
|-damage|p1a: Gholdengo|42/100
|move|p1a: Gholdengo|Thunder Wave|p2a: Dragonite
|-status|p2a: Dragonite|par
|
|upkeep
|turn|27
|
|t:|1743871510
|move|p1a: Gholdengo|Hex|p2a: Dragonite
|-damage|p2a: Dragonite|17/100 par
|move|p2a: Dragonite|Dragon Dance|p2a: Dragonite
|-boost|p2a: Dragonite|atk|1
|-boost|p2a: Dragonite|spe|1
|
|upkeep
|turn|28
|
|t:|1743871513
|move|p1a: Gholdengo|Hex|p2a: Dragonite
|-damage|p2a: Dragonite|0 fnt
|faint|p2a: Dragonite
|
|upkeep
|-message|Prav33n forfeited.
|
|win|MiaTaylor612
|raw|MiaTaylor612's rating: 1872 &rarr; <strong>1889</strong><br />(+17 for winning)
|raw|Prav33n's rating: 1828 &rarr; <strong>1811</strong><br />(-17 for losing)
|l|☆Prav33n
|player|p2|
|l|☆MiaTaylor612
|player|p1|
