|j|☆jcgolden
|j|☆Punfy
|t:|1743806208
|gametype|singles
|player|p1|jcgolden|1|1179
|player|p2|Punfy|bruno|1236
|teamsize|p1|6
|teamsize|p2|6
|gen|9
|tier|[Gen 9] OU
|rated|
|rule|HP Percentage Mod: HP is shown in percentages
|rule|Endless Battle Clause: Forcing endless battles is banned
|rule|Species Clause: Limit one of each Pokémon
|rule|OHKO Clause: OHKO moves are banned
|rule|Evasion Items Clause: Evasion items are banned
|rule|Evasion Moves Clause: Evasion moves are banned
|rule|Sleep Moves Clause: Sleep-inducing moves are banned
|clearpoke
|poke|p1|Iron Valiant|
|poke|p1|Ceruledge, M|
|poke|p1|Froslass, F|
|poke|p1|Armarouge, M|
|poke|p1|Kingambit, M|
|poke|p1|Iron Treads|
|poke|p2|Zamazenta-*|
|poke|p2|Scraggy, M|
|poke|p2|Samurott-Hisui, M|
|poke|p2|Landorus-Therian, M|
|poke|p2|Iron Valiant|
|poke|p2|Iron Moth|
|teampreview
|inactive|Battle timer is ON: inactive players will automatically lose when time's up. (requested by jcgolden)
|c|☆Punfy|there is 1 imposter among us
|
|t:|1743806227
|start
|switch|p1a: Oh no?!|Froslass, F|100/100
|switch|p2a: Samurott|Samurott-Hisui, M|100/100
|turn|1
|
|t:|1743806239
|move|p1a: Oh no?!|Trailblaze|p2a: Samurott
|-supereffective|p2a: Samurott
|-damage|p2a: Samurott|77/100
|-boost|p1a: Oh no?!|spe|1
|move|p2a: Samurott|Ceaseless Edge|p1a: Oh no?!
|-supereffective|p1a: Oh no?!
|-enditem|p1a: Oh no?!|Focus Sash
|-damage|p1a: Oh no?!|1/100
|-sidestart|p1: jcgolden|Spikes
|
|upkeep
|turn|2
|
|t:|1743806260
|switch|p2a: Iron Valiant|Iron Valiant|100/100
|-enditem|p2a: Iron Valiant|Booster Energy
|-activate|p2a: Iron Valiant|ability: Quark Drive|[fromitem]
|-start|p2a: Iron Valiant|quarkdrivespe
|move|p1a: Oh no?!|Destiny Bond|p1a: Oh no?!
|-singlemove|p1a: Oh no?!|Destiny Bond
|
|upkeep
|turn|3
|inactive|Punfy has 120 seconds left.
|c|☆jcgolden|decisions decisions
|
|t:|1743806303
|-end|p2a: Iron Valiant|Quark Drive|[silent]
|switch|p2a: Scraggy|Scraggy, M|100/100
|-ability|p2a: Scraggy|Intimidate|boost
|-unboost|p1a: Oh no?!|atk|1
|move|p1a: Oh no?!|Ice Beam|p2a: Scraggy
|-damage|p2a: Scraggy|70/100
|
|upkeep
|turn|4
|inactive|Punfy has 90 seconds left.
|
|t:|1743806326
|switch|p2a: Zamazenta|Zamazenta|100/100
|-ability|p2a: Zamazenta|Dauntless Shield|boost
|-boost|p2a: Zamazenta|def|1
|move|p1a: Oh no?!|Destiny Bond|p1a: Oh no?!
|-singlemove|p1a: Oh no?!|Destiny Bond
|
|upkeep
|turn|5
|c|☆jcgolden|i do like a scraggy
|inactive|Punfy has 90 seconds left.
|
|t:|1743806342
|move|p1a: Oh no?!|Shadow Ball|p2a: Zamazenta
|-crit|p2a: Zamazenta
|-damage|p2a: Zamazenta|62/100
|move|p2a: Zamazenta|Roar|p1a: Oh no?!
|drag|p1a: WTF bro?!|Ceruledge, M|100/100
|-damage|p1a: WTF bro?!|88/100|[from] Spikes
|
|-heal|p2a: Zamazenta|68/100|[from] item: Leftovers
|upkeep
|turn|6
|inactive|Punfy has 90 seconds left.
|c|☆Punfy|not dealing with that
|c|☆jcgolden|:)
|
|t:|1743806364
|move|p2a: Zamazenta|Crunch|p1a: WTF bro?!
|-supereffective|p1a: WTF bro?!
|-damage|p1a: WTF bro?!|31/100
|-ability|p1a: WTF bro?!|Weak Armor|boost
|-unboost|p1a: WTF bro?!|def|1
|-boost|p1a: WTF bro?!|spe|2
|move|p1a: WTF bro?!|Bitter Blade|p2a: Zamazenta
|-damage|p2a: Zamazenta|43/100
|-heal|p1a: WTF bro?!|47/100|[from] drain|[of] p2a: Zamazenta
|
|-heal|p2a: Zamazenta|50/100|[from] item: Leftovers
|upkeep
|turn|7
|
|t:|1743806375
|move|p1a: WTF bro?!|Destiny Bond|p1a: WTF bro?!
|-singlemove|p1a: WTF bro?!|Destiny Bond
|move|p2a: Zamazenta|Crunch|p1a: WTF bro?!
|-supereffective|p1a: WTF bro?!
|-damage|p1a: WTF bro?!|0 fnt
|faint|p1a: WTF bro?!
|-activate|p1a: WTF bro?!|move: Destiny Bond
|faint|p2a: Zamazenta
|
|upkeep
|inactive|Punfy has 90 seconds left.
|
|t:|1743806386
|switch|p2a: Scraggy|Scraggy, M|70/100
|switch|p1a: Iron Treads|Iron Treads|100/100
|-damage|p1a: Iron Treads|88/100|[from] Spikes
|-ability|p2a: Scraggy|Intimidate|boost
|-unboost|p1a: Iron Treads|atk|1
|turn|8
|
|t:|1743806395
|move|p1a: Iron Treads|Rapid Spin|p2a: Scraggy
|-damage|p2a: Scraggy|58/100
|-boost|p1a: Iron Treads|spe|1
|-sideend|p1: jcgolden|Spikes|[from] move: Rapid Spin|[of] p1a: Iron Treads
|move|p2a: Scraggy|High Jump Kick|p1a: Iron Treads
|-supereffective|p1a: Iron Treads
|-damage|p1a: Iron Treads|6/100
|-enditem|p1a: Iron Treads|Red Card|[of] p2a: Scraggy
|drag|p2a: Iron Moth|Iron Moth|100/100
|-enditem|p2a: Iron Moth|Booster Energy
|-activate|p2a: Iron Moth|ability: Quark Drive|[fromitem]
|-start|p2a: Iron Moth|quarkdrivespe
|
|upkeep
|turn|9
|inactive|Punfy has 90 seconds left.
|
|t:|1743806410
|move|p2a: Iron Moth|Fiery Dance|p1a: Iron Treads
|-supereffective|p1a: Iron Treads
|-damage|p1a: Iron Treads|0 fnt
|faint|p1a: Iron Treads
|-end|p1a: Iron Treads|Quark Drive|[silent]
|
|upkeep
|
|t:|1743806416
|switch|p1a: Hadenuff dis shi|Armarouge, M|100/100
|turn|10
|inactive|Punfy has 90 seconds left.
|
|t:|1743806433
|-terastallize|p2a: Iron Moth|Ground
|move|p2a: Iron Moth|Sludge Wave|p1a: Hadenuff dis shi
|-damage|p1a: Hadenuff dis shi|43/100
|move|p1a: Hadenuff dis shi|Psychic|p2a: Iron Moth
|-damage|p2a: Iron Moth|46/100
|
|upkeep
|turn|11
|inactive|Punfy has 90 seconds left.
|
|t:|1743806452
|switch|p1a: Oh no?!|Froslass, F|1/100
|move|p2a: Iron Moth|Tera Blast|p1a: Oh no?!|[anim] Tera Blast Ground
|-damage|p1a: Oh no?!|0 fnt
|faint|p1a: Oh no?!
|
|upkeep
|
|t:|1743806460
|switch|p1a: dude...why?|Iron Valiant|100/100
|-enditem|p1a: dude...why?|Booster Energy
|-activate|p1a: dude...why?|ability: Quark Drive|[fromitem]
|-start|p1a: dude...why?|quarkdrivespe
|turn|12
|
|t:|1743806469
|move|p1a: dude...why?|Moonblast|p2a: Iron Moth
|-damage|p2a: Iron Moth|0 fnt
|faint|p2a: Iron Moth
|-end|p2a: Iron Moth|Quark Drive|[silent]
|
|upkeep
|
|t:|1743806473
|switch|p2a: Iron Valiant|Iron Valiant|100/100
|turn|13
|
|t:|1743806478
|move|p1a: dude...why?|Moonblast|p2a: Iron Valiant
|-supereffective|p2a: Iron Valiant
|-damage|p2a: Iron Valiant|0 fnt
|faint|p2a: Iron Valiant
|-end|p2a: Iron Valiant|Quark Drive|[silent]
|
|upkeep
|
|t:|1743806487
|switch|p2a: Landorus|Landorus-Therian, M|100/100
|-ability|p2a: Landorus|Intimidate|boost
|-unboost|p1a: dude...why?|atk|1
|turn|14
|
|t:|1743806492
|move|p1a: dude...why?|Moonblast|p2a: Landorus
|-damage|p2a: Landorus|52/100
|move|p2a: Landorus|Earthquake|p1a: dude...why?
|-damage|p1a: dude...why?|39/100
|
|upkeep
|turn|15
|inactive|Punfy has 120 seconds left.
|c|☆Punfy|prayge
|c|☆Punfy|its a roll
|
|t:|1743806510
|move|p1a: dude...why?|Moonblast|p2a: Landorus
|-damage|p2a: Landorus|0 fnt
|faint|p2a: Landorus
|
|upkeep
|c|☆jcgolden|:)
|
|t:|1743806518
|switch|p2a: Samurott|Samurott-Hisui, M|77/100
|turn|16
|c|☆Punfy|gg
|
|t:|1743806523
|move|p1a: dude...why?|Moonblast|p2a: Samurott
|-supereffective|p2a: Samurott
|-damage|p2a: Samurott|0 fnt
|faint|p2a: Samurott
|
|upkeep
|
|t:|1743806526
|switch|p2a: Scraggy|Scraggy, M|58/100
|-ability|p2a: Scraggy|Intimidate|boost
|-unboost|p1a: dude...why?|atk|1
|turn|17
|c|☆jcgolden|gg
|c|☆Punfy|cool team
|
|t:|1743806533
|move|p1a: dude...why?|Moonblast|p2a: Scraggy
|-supereffective|p2a: Scraggy
|-damage|p2a: Scraggy|0 fnt
|faint|p2a: Scraggy
|
|win|jcgolden
|raw|jcgolden's rating: 1179 &rarr; <strong>1208</strong><br />(+29 for winning)
|raw|Punfy's rating: 1236 &rarr; <strong>1207</strong><br />(-29 for losing)
|c|☆jcgolden|thx
|l|☆jcgolden
|player|p1|
|l|☆Punfy
|player|p2|
