|j|☆redner bo
|j|☆civic jpg
|t:|1743912349
|gametype|singles
|player|p1|redner bo|1|1459
|player|p2|civic jpg|101|1454
|teamsize|p1|6
|teamsize|p2|6
|gen|9
|tier|[Gen 9] OU
|rated|
|rule|HP Percentage Mod: HP is shown in percentages
|rule|Endless Battle Clause: Forcing endless battles is banned
|rule|Species Clause: Limit one of each Pokémon
|rule|OHKO Clause: OHKO moves are banned
|rule|Evasion Items Clause: Evasion items are banned
|rule|Evasion Moves Clause: Evasion moves are banned
|rule|Sleep Moves Clause: Sleep-inducing moves are banned
|clearpoke
|poke|p1|Kingambit, M|
|poke|p1|Clefable, F|
|poke|p1|Latios, M|
|poke|p1|Iron Treads|
|poke|p1|Ogerpon-Wellspring, F|
|poke|p1|Pelipper, F|
|poke|p2|Manaphy|
|poke|p2|Kingambit, F|
|poke|p2|Iron Valiant|
|poke|p2|Darkrai|
|poke|p2|Sandy Shocks|
|poke|p2|Dragonite, F|
|teampreview
|
|t:|1743912391
|start
|switch|p1a: Latios|Latios, M|100/100
|switch|p2a: Sandy Shocks|Sandy Shocks|100/100
|-item|p2a: Sandy Shocks|Air Balloon
|turn|1
|
|t:|1743912399
|move|p1a: Latios|Trick|p2a: Sandy Shocks
|-activate|p1a: Latios|move: Trick|[of] p2a: Sandy Shocks
|-item|p2a: Sandy Shocks|Choice Scarf|[from] move: Trick
|-item|p1a: Latios|Air Balloon
|-item|p1a: Latios|Air Balloon|[from] move: Trick
|move|p2a: Sandy Shocks|Stealth Rock|p1a: Latios
|-sidestart|p1: redner bo|move: Stealth Rock
|
|upkeep
|turn|2
|
|t:|1743912418
|-end|p2a: Sandy Shocks|Protosynthesis|[silent]
|switch|p2a: Manaphy|Manaphy|100/100
|move|p1a: Latios|Draco Meteor|p2a: Manaphy
|-damage|p2a: Manaphy|36/100
|-unboost|p1a: Latios|spa|2
|
|upkeep
|turn|3
|
|t:|1743912426
|switch|p1a: Ogerpon|Ogerpon-Wellspring, F|100/100
|-damage|p1a: Ogerpon|88/100|[from] Stealth Rock
|move|p2a: Manaphy|Ice Beam|p1a: Ogerpon
|-damage|p1a: Ogerpon|59/100
|
|upkeep
|turn|4
|
|t:|1743912435
|move|p1a: Ogerpon|Horn Leech|p2a: Manaphy
|-supereffective|p2a: Manaphy
|-damage|p2a: Manaphy|0 fnt
|-heal|p1a: Ogerpon|80/100|[from] drain|[of] p2a: Manaphy
|faint|p2a: Manaphy
|
|upkeep
|
|t:|1743912445
|switch|p2a: Kingambit|Kingambit, F|100/100
|-activate|p2a: Kingambit|ability: Supreme Overlord
|-start|p2a: Kingambit|fallen1|[silent]
|turn|5
|
|t:|1743912450
|move|p2a: Kingambit|Sucker Punch|p1a: Ogerpon
|-damage|p1a: Ogerpon|8/100
|move|p1a: Ogerpon|Ivy Cudgel|p2a: Kingambit|[anim] Ivy Cudgel Water
|-damage|p2a: Kingambit|53/100
|
|upkeep
|turn|6
|
|t:|1743912456
|move|p2a: Kingambit|Sucker Punch||[still]
|-fail|p2a: Kingambit
|move|p1a: Ogerpon|Encore|p2a: Kingambit
|-start|p2a: Kingambit|Encore
|
|upkeep
|turn|7
|
|t:|1743912462
|move|p2a: Kingambit|Sucker Punch|p1a: Ogerpon
|-damage|p1a: Ogerpon|0 fnt
|faint|p1a: Ogerpon
|
|upkeep
|
|t:|1743912464
|switch|p1a: Iron Treads|Iron Treads|100/100
|-damage|p1a: Iron Treads|97/100|[from] Stealth Rock
|-enditem|p1a: Iron Treads|Booster Energy
|-activate|p1a: Iron Treads|ability: Quark Drive|[fromitem]
|-start|p1a: Iron Treads|quarkdrivespe
|turn|8
|
|t:|1743912474
|-end|p2a: Kingambit|fallen1|[silent]
|switch|p2a: Sandy Shocks|Sandy Shocks|100/100
|move|p1a: Iron Treads|Rapid Spin|p2a: Sandy Shocks
|-damage|p2a: Sandy Shocks|82/100
|-boost|p1a: Iron Treads|spe|1
|-sideend|p1: redner bo|Stealth Rock|[from] move: Rapid Spin|[of] p1a: Iron Treads
|
|upkeep
|turn|9
|
|t:|1743912482
|move|p1a: Iron Treads|Earthquake|p2a: Sandy Shocks
|-supereffective|p2a: Sandy Shocks
|-damage|p2a: Sandy Shocks|0 fnt
|faint|p2a: Sandy Shocks
|-end|p2a: Sandy Shocks|Protosynthesis|[silent]
|
|upkeep
|
|t:|1743912488
|switch|p2a: Dragonite|Dragonite, F|100/100
|turn|10
|
|t:|1743912493
|-terastallize|p2a: Dragonite|Normal
|move|p1a: Iron Treads|Ice Spinner|p2a: Dragonite
|-damage|p2a: Dragonite|88/100
|move|p2a: Dragonite|Dragon Dance|p2a: Dragonite
|-boost|p2a: Dragonite|atk|1
|-boost|p2a: Dragonite|spe|1
|
|upkeep
|turn|11
|
|t:|1743912502
|move|p1a: Iron Treads|Earthquake|p2a: Dragonite
|-damage|p2a: Dragonite|33/100
|move|p2a: Dragonite|Dragon Dance|p2a: Dragonite
|-boost|p2a: Dragonite|atk|1
|-boost|p2a: Dragonite|spe|1
|
|upkeep
|turn|12
|
|t:|1743912509
|move|p1a: Iron Treads|Earthquake|p2a: Dragonite
|-damage|p2a: Dragonite|0 fnt
|faint|p2a: Dragonite
|
|upkeep
|
|t:|1743912519
|switch|p2a: Iron Valiant|Iron Valiant|100/100
|-enditem|p2a: Iron Valiant|Booster Energy
|-activate|p2a: Iron Valiant|ability: Quark Drive|[fromitem]
|-start|p2a: Iron Valiant|quarkdrivespe
|turn|13
|
|t:|1743912523
|move|p1a: Iron Treads|Earthquake|p2a: Iron Valiant
|-damage|p2a: Iron Valiant|44/100
|move|p2a: Iron Valiant|Aura Sphere|p1a: Iron Treads
|-supereffective|p1a: Iron Treads
|-crit|p1a: Iron Treads
|-damage|p1a: Iron Treads|0 fnt
|faint|p1a: Iron Treads
|-end|p1a: Iron Treads|Quark Drive|[silent]
|
|upkeep
|
|t:|1743912529
|switch|p1a: Clefable|Clefable, F|100/100
|turn|14
|
|t:|1743912537
|-end|p2a: Iron Valiant|Quark Drive|[silent]
|switch|p2a: Darkrai|Darkrai|100/100
|move|p1a: Clefable|Moonblast|p2a: Darkrai
|-supereffective|p2a: Darkrai
|-enditem|p2a: Darkrai|Focus Sash
|-damage|p2a: Darkrai|1/100
|-unboost|p2a: Darkrai|spa|1
|
|upkeep
|turn|15
|
|t:|1743912548
|switch|p1a: Latios|Latios, M|100/100
|-item|p1a: Latios|Air Balloon
|move|p2a: Darkrai|Sludge Bomb|p1a: Latios
|-damage|p1a: Latios|78/100
|-enditem|p1a: Latios|Air Balloon
|
|upkeep
|turn|16
|
|t:|1743912559
|move|p2a: Darkrai|Ice Beam|p1a: Latios
|-supereffective|p1a: Latios
|-damage|p1a: Latios|37/100
|move|p1a: Latios|Draco Meteor|p2a: Darkrai
|-damage|p2a: Darkrai|0 fnt
|-unboost|p1a: Latios|spa|2
|faint|p2a: Darkrai
|
|upkeep
|
|t:|1743912566
|switch|p2a: Kingambit|Kingambit, F|53/100
|-activate|p2a: Kingambit|ability: Supreme Overlord
|-start|p2a: Kingambit|fallen4|[silent]
|turn|17
|
|t:|1743912571
|move|p2a: Kingambit|Sucker Punch||[still]
|-fail|p2a: Kingambit
|move|p1a: Latios|Trick|p2a: Kingambit
|-activate|p1a: Latios|move: Trick|[of] p2a: Kingambit
|-enditem|p2a: Kingambit|Black Glasses|[silent]|[from] move: Trick
|-item|p1a: Latios|Black Glasses|[from] move: Trick
|
|upkeep
|turn|18
|
|t:|1743912582
|move|p2a: Kingambit|Sucker Punch|p1a: Latios
|-supereffective|p1a: Latios
|-damage|p1a: Latios|0 fnt
|faint|p1a: Latios
|
|upkeep
|
|t:|1743912587
|switch|p1a: Clefable|Clefable, F|100/100
|turn|19
|
|t:|1743912600
|move|p1a: Clefable|Flamethrower|p2a: Kingambit
|-supereffective|p2a: Kingambit
|-damage|p2a: Kingambit|0 fnt
|faint|p2a: Kingambit
|-end|p2a: Kingambit|fallen4|[silent]
|
|upkeep
|
|t:|1743912604
|switch|p2a: Iron Valiant|Iron Valiant|44/100
|turn|20
|
|t:|1743912608
|move|p2a: Iron Valiant|Psychic|p1a: Clefable
|-damage|p1a: Clefable|75/100
|move|p1a: Clefable|Moonblast|p2a: Iron Valiant
|-supereffective|p2a: Iron Valiant
|-damage|p2a: Iron Valiant|0 fnt
|faint|p2a: Iron Valiant
|-end|p2a: Iron Valiant|Quark Drive|[silent]
|
|win|redner bo
|raw|redner bo's rating: 1459 &rarr; <strong>1478</strong><br />(+19 for winning)
|raw|civic jpg's rating: 1438 &rarr; <strong>1419</strong><br />(-19 for losing)
|l|☆redner bo
|player|p1|
|l|☆civic jpg
|player|p2|
