|j|☆Thenix12
|j|☆Pr0geny
|t:|1743885055
|gametype|singles
|player|p1|Thenix12|nurse|1339
|player|p2|Pr0geny|cogita|1374
|teamsize|p1|6
|teamsize|p2|6
|gen|9
|tier|[Gen 9] OU
|rated|
|rule|HP Percentage Mod: HP is shown in percentages
|rule|Endless Battle Clause: Forcing endless battles is banned
|rule|Species Clause: Limit one of each Pokémon
|rule|OHKO Clause: OHKO moves are banned
|rule|Evasion Items Clause: Evasion items are banned
|rule|Evasion Moves Clause: Evasion moves are banned
|rule|Sleep Moves Clause: Sleep-inducing moves are banned
|clearpoke
|poke|p1|Emboar, M|
|poke|p1|Cinccino, F|
|poke|p1|Hydrapple, M|
|poke|p1|Iron Crown|
|poke|p1|Basculin-Blue-Striped, M|
|poke|p1|Clodsire, M|
|poke|p2|Great Tusk|
|poke|p2|Iron Valiant|
|poke|p2|Zapdos|
|poke|p2|Samurott-Hisui, M|
|poke|p2|Dragapult, F|
|poke|p2|Slowking-Galar, F|
|teampreview
|
|t:|1743885059
|start
|switch|p1a: Cinccino|Cinccino, F|100/100
|switch|p2a: Edging Ceaselessly|Samurott-Hisui, M|100/100
|turn|1
|
|t:|1743885063
|-terastallize|p2a: Edging Ceaselessly|Ghost
|move|p2a: Edging Ceaselessly|Ceaseless Edge|p1a: Cinccino
|-damage|p1a: Cinccino|21/100
|-sidestart|p1: Thenix12|Spikes
|move|p1a: Cinccino|Bullet Seed|p2a: Edging Ceaselessly
|-damage|p2a: Edging Ceaselessly|88/100
|-damage|p2a: Edging Ceaselessly|74/100
|-damage|p2a: Edging Ceaselessly|60/100
|-damage|p2a: Edging Ceaselessly|47/100
|-hitcount|p2a: Edging Ceaselessly|4
|
|upkeep
|turn|2
|inactive|Battle timer is ON: inactive players will automatically lose when time's up. (requested by Pr0geny)
|
|t:|1743885077
|switch|p1a: Hydrapple|Hydrapple, M|100/100
|-damage|p1a: Hydrapple|88/100|[from] Spikes
|move|p2a: Edging Ceaselessly|Ceaseless Edge|p1a: Hydrapple
|-damage|p1a: Hydrapple|61/100
|-damage|p2a: Edging Ceaselessly|30/100|[from] item: Rocky Helmet|[of] p1a: Hydrapple
|-sidestart|p1: Thenix12|Spikes
|
|upkeep
|turn|3
|
|t:|1743885091
|switch|p2a: Head?|Slowking-Galar, F|100/100
|move|p1a: Hydrapple|Recover|p1a: Hydrapple
|-heal|p1a: Hydrapple|100/100
|
|upkeep
|turn|4
|
|t:|1743885094
|move|p1a: Hydrapple|Protect|p1a: Hydrapple
|-singleturn|p1a: Hydrapple|Protect
|move|p2a: Head?|Ice Beam|p1a: Hydrapple
|-activate|p1a: Hydrapple|move: Protect
|
|upkeep
|turn|5
|
|t:|1743885101
|switch|p1a: Iron Crown|Iron Crown|100/100
|-damage|p1a: Iron Crown|84/100|[from] Spikes
|-enditem|p1a: Iron Crown|Booster Energy
|-activate|p1a: Iron Crown|ability: Quark Drive|[fromitem]
|-start|p1a: Iron Crown|quarkdrivespa
|move|p2a: Head?|Fire Blast|p1a: Iron Crown
|-supereffective|p1a: Iron Crown
|-damage|p1a: Iron Crown|14/100
|
|upkeep
|turn|6
|
|t:|1743885111
|move|p1a: Iron Crown|Tachyon Cutter|p2a: Head?
|-damage|p2a: Head?|84/100
|-damage|p2a: Head?|68/100
|-hitcount|p2a: Head?|2
|move|p2a: Head?|Fire Blast|p1a: Iron Crown
|-supereffective|p1a: Iron Crown
|-damage|p1a: Iron Crown|0 fnt
|faint|p1a: Iron Crown
|-end|p1a: Iron Crown|Quark Drive|[silent]
|
|upkeep
|
|t:|1743885114
|switch|p1a: Cinccino|Cinccino, F|21/100
|-damage|p1a: Cinccino|4/100|[from] Spikes
|turn|7
|
|t:|1743885118
|switch|p2a: Edging Ceaselessly|Samurott-Hisui, M, tera:Ghost|30/100
|move|p1a: Cinccino|Tidy Up|p1a: Cinccino
|-sideend|p1: Thenix12|Spikes
|-activate|p1a: Cinccino|move: Tidy Up
|-boost|p1a: Cinccino|atk|1
|-boost|p1a: Cinccino|spe|1
|
|upkeep
|turn|8
|
|t:|1743885123
|move|p1a: Cinccino|Bullet Seed|p2a: Edging Ceaselessly
|-damage|p2a: Edging Ceaselessly|10/100
|-damage|p2a: Edging Ceaselessly|0 fnt
|faint|p2a: Edging Ceaselessly
|-hitcount|p2: Edging Ceaselessly|2
|
|upkeep
|
|t:|1743885125
|switch|p2a: Cope|Iron Valiant|100/100
|-enditem|p2a: Cope|Booster Energy
|-activate|p2a: Cope|ability: Quark Drive|[fromitem]
|-start|p2a: Cope|quarkdrivespe
|turn|9
|
|t:|1743885130
|-terastallize|p1a: Cinccino|Ghost
|move|p2a: Cope|Vacuum Wave|p1a: Cinccino
|-immune|p1a: Cinccino
|move|p1a: Cinccino|Tail Slap|p2a: Cope
|-damage|p2a: Cope|67/100
|-damage|p2a: Cope|35/100
|-damage|p2a: Cope|0 fnt
|faint|p2a: Cope
|-end|p2a: Cope|Quark Drive|[silent]
|-hitcount|p2: Cope|3
|
|upkeep
|
|t:|1743885133
|switch|p2a: Drag HER|Dragapult, F|100/100
|turn|10
|
|t:|1743885142
|move|p2a: Drag HER|Sucker Punch|p1a: Cinccino
|-supereffective|p1a: Cinccino
|-damage|p1a: Cinccino|0 fnt
|faint|p1a: Cinccino
|
|upkeep
|
|t:|1743885148
|switch|p1a: Basculin|Basculin-Blue-Striped, M|100/100
|turn|11
|
|t:|1743885151
|move|p2a: Drag HER|Dragon Dance|p2a: Drag HER
|-boost|p2a: Drag HER|atk|1
|-boost|p2a: Drag HER|spe|1
|move|p1a: Basculin|Blizzard|p2a: Drag HER
|-supereffective|p2a: Drag HER
|-damage|p2a: Drag HER|24/100
|
|upkeep
|turn|12
|
|t:|1743885158
|move|p1a: Basculin|Aqua Jet|p2a: Drag HER
|-resisted|p2a: Drag HER
|-damage|p2a: Drag HER|11/100
|move|p2a: Drag HER|Dragon Darts|p1a: Basculin
|-damage|p1a: Basculin|40/100
|-anim|p2a: Drag HER|Dragon Darts|p1a: Basculin
|-damage|p1a: Basculin|0 fnt
|faint|p1a: Basculin
|
|upkeep
|
|t:|1743885165
|switch|p1a: Emboar|Emboar, M|100/100
|turn|13
|
|t:|1743885168
|move|p1a: Emboar|Sucker Punch|p2a: Drag HER
|-supereffective|p2a: Drag HER
|-damage|p2a: Drag HER|0 fnt
|faint|p2a: Drag HER
|
|upkeep
|
|t:|1743885170
|switch|p2a: The OG Don|Great Tusk|100/100
|turn|14
|
|t:|1743885177
|switch|p1a: Hydrapple|Hydrapple, M|100/100
|move|p2a: The OG Don|Headlong Rush|p1a: Hydrapple
|-resisted|p1a: Hydrapple
|-crit|p1a: Hydrapple
|-damage|p1a: Hydrapple|78/100
|-unboost|p2a: The OG Don|def|1
|-unboost|p2a: The OG Don|spd|1
|-damage|p2a: The OG Don|84/100|[from] item: Rocky Helmet|[of] p1a: Hydrapple
|
|upkeep
|turn|15
|
|t:|1743885185
|move|p2a: The OG Don|Ice Spinner|p1a: Hydrapple
|-supereffective|p1a: Hydrapple
|-damage|p1a: Hydrapple|25/100
|-damage|p2a: The OG Don|67/100|[from] item: Rocky Helmet|[of] p1a: Hydrapple
|move|p1a: Hydrapple|Giga Drain|p2a: The OG Don
|-supereffective|p2a: The OG Don
|-damage|p2a: The OG Don|0 fnt
|-heal|p1a: Hydrapple|58/100|[from] drain|[of] p2a: The OG Don
|faint|p2a: The OG Don
|-end|p2a: The OG Don|Protosynthesis|[silent]
|
|upkeep
|
|t:|1743885188
|switch|p2a: Head?|Slowking-Galar, F|100/100
|turn|16
|
|t:|1743885195
|move|p1a: Hydrapple|Protect|p1a: Hydrapple
|-singleturn|p1a: Hydrapple|Protect
|move|p2a: Head?|Psychic Noise|p1a: Hydrapple
|-activate|p1a: Hydrapple|move: Protect
|
|upkeep
|turn|17
|
|t:|1743885208
|switch|p1a: Clodsire|Clodsire, M|100/100
|move|p2a: Head?|Ice Beam|p1a: Clodsire
|-supereffective|p1a: Clodsire
|-damage|p1a: Clodsire|65/100
|
|-heal|p1a: Clodsire|71/100|[from] item: Leftovers
|upkeep
|turn|18
|
|t:|1743885213
|move|p2a: Head?|Psychic Noise|p1a: Clodsire
|-supereffective|p1a: Clodsire
|-damage|p1a: Clodsire|33/100
|-start|p1a: Clodsire|move: Heal Block
|move|p1a: Clodsire|Earthquake|p2a: Head?
|-supereffective|p2a: Head?
|-damage|p2a: Head?|35/100
|
|upkeep
|turn|19
|
|t:|1743885220
|switch|p2a: Don’t PMO|Zapdos, shiny|100/100
|-ability|p2a: Don’t PMO|Pressure
|move|p1a: Clodsire|Earthquake|p2a: Don’t PMO
|-immune|p2a: Don’t PMO
|
|-end|p1a: Clodsire|move: Heal Block
|upkeep
|turn|20
|
|t:|1743885222
|move|p2a: Don’t PMO|Hurricane|p1a: Clodsire
|-damage|p1a: Clodsire|3/100
|-start|p1a: Clodsire|confusion
|-activate|p1a: Clodsire|confusion
|move|p1a: Clodsire|Toxic|p2a: Don’t PMO
|-status|p2a: Don’t PMO|tox
|
|-heal|p1a: Clodsire|9/100|[from] item: Leftovers
|-damage|p2a: Don’t PMO|94/100 tox|[from] psn
|upkeep
|turn|21
|
|t:|1743885227
|switch|p2a: Head?|Slowking-Galar, F|68/100
|-activate|p1a: Clodsire|confusion
|move|p1a: Clodsire|Recover|p1a: Clodsire
|-heal|p1a: Clodsire|59/100
|
|-heal|p1a: Clodsire|65/100|[from] item: Leftovers
|upkeep
|turn|22
|
|t:|1743885230
|move|p2a: Head?|Psychic Noise|p1a: Clodsire
|-supereffective|p1a: Clodsire
|-damage|p1a: Clodsire|21/100
|-start|p1a: Clodsire|move: Heal Block
|-activate|p1a: Clodsire|confusion
|-damage|p1a: Clodsire|13/100|[from] confusion
|
|upkeep
|turn|23
|
|t:|1743885233
|move|p2a: Head?|Psychic Noise|p1a: Clodsire
|-supereffective|p1a: Clodsire
|-damage|p1a: Clodsire|0 fnt
|faint|p1a: Clodsire
|
|upkeep
|
|t:|1743885236
|switch|p1a: Emboar|Emboar, M|100/100
|turn|24
|
|t:|1743885242
|switch|p2a: Don’t PMO|Zapdos, shiny|94/100 tox
|-ability|p2a: Don’t PMO|Pressure
|move|p1a: Emboar|Flare Blitz|p2a: Don’t PMO
|-damage|p2a: Don’t PMO|0 fnt
|faint|p2a: Don’t PMO
|-damage|p1a: Emboar|75/100|[from] Recoil
|
|upkeep
|
|t:|1743885245
|switch|p2a: Head?|Slowking-Galar, F|100/100
|turn|25
|
|t:|1743885254
|switch|p1a: Hydrapple|Hydrapple, M|92/100
|move|p2a: Head?|Psychic Noise|p1a: Hydrapple
|-damage|p1a: Hydrapple|55/100
|-start|p1a: Hydrapple|move: Heal Block
|
|upkeep
|turn|26
|
|t:|1743885260
|move|p1a: Hydrapple|Body Press|p2a: Head?
|-resisted|p2a: Head?
|-damage|p2a: Head?|92/100
|move|p2a: Head?|Ice Beam|p1a: Hydrapple
|-supereffective|p1a: Hydrapple
|-damage|p1a: Hydrapple|0 fnt
|faint|p1a: Hydrapple
|
|upkeep
|
|t:|1743885265
|switch|p1a: Emboar|Emboar, M|75/100
|turn|27
|inactive|Thenix12 has 120 seconds left.
|
|t:|1743885295
|move|p1a: Emboar|Flare Blitz|p2a: Head?
|-damage|p2a: Head?|0 fnt
|faint|p2a: Head?
|-damage|p1a: Emboar|45/100|[from] Recoil
|
|win|Thenix12
|raw|Thenix12's rating: 1339 &rarr; <strong>1361</strong><br />(+22 for winning)
|raw|Pr0geny's rating: 1374 &rarr; <strong>1352</strong><br />(-22 for losing)
|c|☆Pr0geny|Girl hurry up
|c|☆Thenix12|bro chill
|c|☆Thenix12|gg
|l|☆Pr0geny
|player|p2|
|l|☆Thenix12
|player|p1|
