|j|☆ChrisSweeps
|j|☆lebmaster
|t:|1743890750
|gametype|singles
|player|p1|ChrisSweeps|veteran|1367
|player|p2|lebmaster|dahlia|1364
|teamsize|p1|6
|teamsize|p2|6
|gen|9
|tier|[Gen 9] OU
|rated|
|rule|HP Percentage Mod: HP is shown in percentages
|rule|Endless Battle Clause: Forcing endless battles is banned
|rule|Species Clause: Limit one of each Pokémon
|rule|OHKO Clause: OHKO moves are banned
|rule|Evasion Items Clause: Evasion items are banned
|rule|Evasion Moves Clause: Evasion moves are banned
|rule|Sleep Moves Clause: Sleep-inducing moves are banned
|clearpoke
|poke|p1|Blaziken, M|
|poke|p1|Dragapult, M|
|poke|p1|Dragonite, M|
|poke|p1|Great Tusk|
|poke|p1|Raging Bolt|
|poke|p1|Glimmora, M|
|poke|p2|Zapdos|
|poke|p2|Darkrai|
|poke|p2|Kingambit, F|
|poke|p2|Ogerpon-Wellspring, F|
|poke|p2|Gliscor, M|
|poke|p2|Cinderace, M|
|teampreview
|inactive|Battle timer is ON: inactive players will automatically lose when time's up. (requested by ChrisSweeps)
|
|t:|1743890769
|start
|switch|p1a: Great Tusk|Great Tusk|100/100
|switch|p2a: Darkrai|Darkrai|100/100
|turn|1
|
|t:|1743890780
|move|p2a: Darkrai|Trick|p1a: Great Tusk
|-activate|p2a: Darkrai|move: Trick|[of] p1a: Great Tusk
|-item|p1a: Great Tusk|Choice Scarf|[from] move: Trick
|-item|p2a: Darkrai|Heavy-Duty Boots|[from] move: Trick
|move|p1a: Great Tusk|Close Combat|p2a: Darkrai
|-supereffective|p2a: Darkrai
|-damage|p2a: Darkrai|0 fnt
|-unboost|p1a: Great Tusk|def|1
|-unboost|p1a: Great Tusk|spd|1
|faint|p2a: Darkrai
|
|upkeep
|
|t:|1743890788
|switch|p2a: Gliscor|Gliscor, M|100/100
|turn|2
|
|t:|1743890793
|-end|p1a: Great Tusk|Protosynthesis|[silent]
|switch|p1a: Glimmora|Glimmora, M|100/100
|move|p2a: Gliscor|Toxic|p1a: Glimmora
|-immune|p1a: Glimmora
|
|-status|p2a: Gliscor|tox|[from] item: Toxic Orb
|upkeep
|turn|3
|
|t:|1743890801
|move|p1a: Glimmora|Power Gem|p2a: Gliscor
|-damage|p2a: Gliscor|52/100 tox
|move|p2a: Gliscor|Earthquake|p1a: Glimmora
|-supereffective|p1a: Glimmora
|-crit|p1a: Glimmora
|-enditem|p1a: Glimmora|Focus Sash
|-damage|p1a: Glimmora|1/100
|-activate|p1a: Glimmora|ability: Toxic Debris
|-sidestart|p2: lebmaster|move: Toxic Spikes
|
|-heal|p2a: Gliscor|64/100 tox|[from] ability: Poison Heal
|upkeep
|turn|4
|
|t:|1743890813
|move|p2a: Gliscor|Protect|p2a: Gliscor
|-singleturn|p2a: Gliscor|Protect
|move|p1a: Glimmora|Power Gem|p2a: Gliscor
|-activate|p2a: Gliscor|move: Protect
|
|-heal|p2a: Gliscor|77/100 tox|[from] ability: Poison Heal
|upkeep
|turn|5
|
|t:|1743890821
|move|p1a: Glimmora|Power Gem|p2a: Gliscor
|-damage|p2a: Gliscor|25/100 tox
|move|p2a: Gliscor|U-turn|p1a: Glimmora
|-resisted|p1a: Glimmora
|-damage|p1a: Glimmora|0 fnt
|-activate|p1a: Glimmora|ability: Toxic Debris
|-sidestart|p2: lebmaster|move: Toxic Spikes
|faint|p1a: Glimmora
|
|t:|1743890827
|switch|p2a: Cinderace|Cinderace, M|100/100|[from] U-turn
|
|upkeep
|
|t:|1743890835
|switch|p1a: Blaziken|Blaziken, M, shiny|100/100
|turn|6
|
|t:|1743890840
|move|p2a: Cinderace|Court Change|p2a: Cinderace
|-swapsideconditions
|-activate|p2a: Cinderace|move: Court Change
|move|p1a: Blaziken|Swords Dance|p1a: Blaziken
|-boost|p1a: Blaziken|atk|2
|
|-ability|p1a: Blaziken|Speed Boost|boost
|-boost|p1a: Blaziken|spe|1
|upkeep
|turn|7
|
|t:|1743890849
|move|p1a: Blaziken|Flare Blitz|p2a: Cinderace
|-resisted|p2a: Cinderace
|-damage|p2a: Cinderace|5/100
|-damage|p1a: Blaziken|69/100|[from] Recoil
|move|p2a: Cinderace|High Jump Kick|p1a: Blaziken
|-damage|p1a: Blaziken|2/100
|
|-heal|p1a: Blaziken|8/100|[from] item: Leftovers
|-ability|p1a: Blaziken|Speed Boost|boost
|-boost|p1a: Blaziken|spe|1
|upkeep
|turn|8
|
|t:|1743890864
|move|p1a: Blaziken|Protect|p1a: Blaziken
|-singleturn|p1a: Blaziken|Protect
|move|p2a: Cinderace|U-turn|p1a: Blaziken
|-activate|p1a: Blaziken|move: Protect
|
|-heal|p1a: Blaziken|14/100|[from] item: Leftovers
|-ability|p1a: Blaziken|Speed Boost|boost
|-boost|p1a: Blaziken|spe|1
|upkeep
|turn|9
|
|t:|1743890876
|move|p1a: Blaziken|Flare Blitz|p2a: Cinderace
|-resisted|p2a: Cinderace
|-damage|p2a: Cinderace|0 fnt
|faint|p2a: Cinderace
|-damage|p1a: Blaziken|13/100|[from] Recoil
|
|-heal|p1a: Blaziken|19/100|[from] item: Leftovers
|-ability|p1a: Blaziken|Speed Boost|boost
|-boost|p1a: Blaziken|spe|1
|upkeep
|
|t:|1743890884
|switch|p2a: Kingambit|Kingambit, F|100/100
|-activate|p2a: Kingambit|ability: Supreme Overlord
|-start|p2a: Kingambit|fallen2|[silent]
|turn|10
|
|t:|1743890888
|move|p2a: Kingambit|Sucker Punch||[still]
|-fail|p2a: Kingambit
|move|p1a: Blaziken|Swords Dance|p1a: Blaziken
|-boost|p1a: Blaziken|atk|2
|
|-heal|p1a: Blaziken|25/100|[from] item: Leftovers
|-ability|p1a: Blaziken|Speed Boost|boost
|-boost|p1a: Blaziken|spe|1
|upkeep
|turn|11
|
|t:|1743890897
|move|p1a: Blaziken|Protect|p1a: Blaziken
|-singleturn|p1a: Blaziken|Protect
|move|p2a: Kingambit|Kowtow Cleave|p1a: Blaziken
|-activate|p1a: Blaziken|move: Protect
|
|-heal|p1a: Blaziken|31/100|[from] item: Leftovers
|-ability|p1a: Blaziken|Speed Boost|boost
|-boost|p1a: Blaziken|spe|1
|upkeep
|turn|12
|
|t:|1743890909
|move|p2a: Kingambit|Sucker Punch||[still]
|-fail|p2a: Kingambit
|move|p1a: Blaziken|Swords Dance|p1a: Blaziken
|-boost|p1a: Blaziken|atk|2
|
|-heal|p1a: Blaziken|37/100|[from] item: Leftovers
|upkeep
|turn|13
|
|t:|1743890917
|move|p1a: Blaziken|Close Combat|p2a: Kingambit
|-supereffective|p2a: Kingambit
|-damage|p2a: Kingambit|0 fnt
|-unboost|p1a: Blaziken|def|1
|-unboost|p1a: Blaziken|spd|1
|faint|p2a: Kingambit
|-end|p2a: Kingambit|fallen2|[silent]
|
|-heal|p1a: Blaziken|43/100|[from] item: Leftovers
|upkeep
|c|☆ChrisSweeps|🤣
|-message|lebmaster forfeited.
|
|win|ChrisSweeps
|raw|ChrisSweeps's rating: 1367 &rarr; <strong>1387</strong><br />(+20 for winning)
|raw|lebmaster's rating: 1364 &rarr; <strong>1344</strong><br />(-20 for losing)
|l|☆lebmaster
|player|p2|
