|j|☆M1rrorshot
|j|☆Jebus1989_
|t:|1743857803
|gametype|singles
|player|p1|M1rrorshot|266|1589
|player|p2|Jebus1989_|ethan|1678
|teamsize|p1|6
|teamsize|p2|6
|gen|9
|tier|[Gen 9] OU
|rated|
|rule|HP Percentage Mod: HP is shown in percentages
|rule|Endless Battle Clause: Forcing endless battles is banned
|rule|Species Clause: Limit one of each Pokémon
|rule|OHKO Clause: OHKO moves are banned
|rule|Evasion Items Clause: Evasion items are banned
|rule|Evasion Moves Clause: Evasion moves are banned
|rule|Sleep Moves Clause: Sleep-inducing moves are banned
|clearpoke
|poke|p1|Cinderace, M|
|poke|p1|Kingambit, F|
|poke|p1|Great Tusk|
|poke|p1|Hatterene, F|
|poke|p1|Pecharunt|
|poke|p1|Garchomp, M|
|poke|p2|Hawlucha, M|
|poke|p2|Weezing-Galar, F|
|poke|p2|Kingambit, F|
|poke|p2|Frosmoth, F|
|poke|p2|Vaporeon, F|
|poke|p2|Great Tusk|
|teampreview
|inactive|Battle timer is ON: inactive players will automatically lose when time's up. (requested by Jebus1989_)
|
|t:|1743857818
|start
|switch|p1a: Garchomp|Garchomp, M|100/100
|switch|p2a: Frosmoth|Frosmoth, F|100/100
|turn|1
|
|t:|1743857828
|-terastallize|p2a: Frosmoth|Ground
|move|p1a: Garchomp|Stone Edge|p2a: Frosmoth
|-resisted|p2a: Frosmoth
|-damage|p2a: Frosmoth|74/100
|move|p2a: Frosmoth|Ice Beam|p1a: Garchomp
|-supereffective|p1a: Garchomp
|-damage|p1a: Garchomp|0 fnt
|faint|p1a: Garchomp
|
|-heal|p2a: Frosmoth|80/100|[from] item: Leftovers
|upkeep
|inactive|M1rrorshot has 120 seconds left.
|
|t:|1743857861
|switch|p1a: Cinderace|Cinderace, M|100/100
|turn|2
|inactive|M1rrorshot has 120 seconds left.
|
|t:|1743857873
|switch|p2a: Vaporeon|Vaporeon, F|100/100
|move|p1a: Cinderace|Double-Edge|p2a: Vaporeon
|-start|p1a: Cinderace|typechange|Normal|[from] ability: Libero
|-damage|p2a: Vaporeon|42/100
|-damage|p1a: Cinderace|71/100|[from] Recoil
|-damage|p1a: Cinderace|61/100|[from] item: Life Orb
|
|-heal|p2a: Vaporeon|48/100|[from] item: Leftovers
|upkeep
|turn|3
|inactive|M1rrorshot has 120 seconds left.
|
|t:|1743857889
|move|p2a: Vaporeon|Protect|p2a: Vaporeon
|-singleturn|p2a: Vaporeon|Protect
|move|p1a: Cinderace|Pyro Ball|p2a: Vaporeon
|-activate|p2a: Vaporeon|move: Protect
|
|-heal|p2a: Vaporeon|54/100|[from] item: Leftovers
|upkeep
|turn|4
|inactive|M1rrorshot has 120 seconds left.
|
|t:|1743857897
|switch|p2a: Great Tusk|Great Tusk|100/100
|move|p1a: Cinderace|Double-Edge|p2a: Great Tusk
|-damage|p2a: Great Tusk|65/100
|-damage|p1a: Cinderace|44/100|[from] item: Rocky Helmet|[of] p2a: Great Tusk
|-damage|p1a: Cinderace|28/100|[from] Recoil
|-damage|p1a: Cinderace|18/100|[from] item: Life Orb
|
|upkeep
|turn|5
|
|t:|1743857906
|move|p1a: Cinderace|Pyro Ball|p2a: Great Tusk
|-damage|p2a: Great Tusk|40/100
|-damage|p1a: Cinderace|8/100|[from] item: Life Orb
|move|p2a: Great Tusk|Earthquake|p1a: Cinderace
|-damage|p1a: Cinderace|0 fnt
|faint|p1a: Cinderace
|
|upkeep
|inactive|M1rrorshot has 120 seconds left.
|
|t:|1743857930
|switch|p1a: Pecharunt|Pecharunt|100/100
|turn|6
|
|t:|1743857937
|-end|p2a: Great Tusk|Protosynthesis|[silent]
|switch|p2a: Weezing|Weezing-Galar, F, shiny|100/100
|-fieldstart|move: Misty Terrain|[from] ability: Misty Surge|[of] p2a: Weezing
|move|p1a: Pecharunt|Malignant Chain|p2a: Weezing
|-damage|p2a: Weezing|47/100
|
|upkeep
|turn|7
|inactive|M1rrorshot has 120 seconds left.
|
|t:|1743857954
|switch|p2a: Frosmoth|Frosmoth, F, tera:Ground|80/100
|move|p1a: Pecharunt|Parting Shot|p2a: Frosmoth
|-unboost|p2a: Frosmoth|atk|1
|-unboost|p2a: Frosmoth|spa|1
|inactive|M1rrorshot has 90 seconds left.
|
|t:|1743857993
|switch|p1a: Kingambit|Kingambit, F|100/100|[from] Parting Shot
|-activate|p1a: Kingambit|ability: Supreme Overlord
|-start|p1a: Kingambit|fallen2|[silent]
|
|-heal|p2a: Frosmoth|86/100|[from] item: Leftovers
|upkeep
|turn|8
|
|t:|1743858002
|switch|p2a: Great Tusk|Great Tusk|40/100
|move|p1a: Kingambit|Kowtow Cleave|p2a: Great Tusk
|-resisted|p2a: Great Tusk
|-damage|p2a: Great Tusk|21/100
|-damage|p1a: Kingambit|84/100|[from] item: Rocky Helmet|[of] p2a: Great Tusk
|
|upkeep
|turn|9
|inactive|M1rrorshot has 90 seconds left.
|
|t:|1743858018
|-end|p1a: Kingambit|fallen2|[silent]
|switch|p1a: Pecharunt|Pecharunt|100/100
|move|p2a: Great Tusk|Earthquake|p1a: Pecharunt
|-supereffective|p1a: Pecharunt
|-damage|p1a: Pecharunt|51/100
|
|upkeep
|turn|10
|
|t:|1743858026
|-end|p2a: Great Tusk|Protosynthesis|[silent]
|switch|p2a: Vaporeon|Vaporeon, F|54/100
|move|p1a: Pecharunt|Malignant Chain|p2a: Vaporeon
|-damage|p2a: Vaporeon|28/100
|
|-heal|p2a: Vaporeon|34/100|[from] item: Leftovers
|upkeep
|turn|11
|inactive|M1rrorshot has 90 seconds left.
|
|t:|1743858033
|move|p1a: Pecharunt|Recover|p1a: Pecharunt
|-heal|p1a: Pecharunt|100/100
|move|p2a: Vaporeon|Wish|p2a: Vaporeon
|
|-heal|p2a: Vaporeon|41/100|[from] item: Leftovers
|upkeep
|turn|12
|
|t:|1743858042
|move|p1a: Pecharunt|Malignant Chain|p2a: Vaporeon
|-damage|p2a: Vaporeon|13/100
|move|p2a: Vaporeon|Scald|p1a: Pecharunt
|-damage|p1a: Pecharunt|72/100
|
|-heal|p2a: Vaporeon|63/100|[from] move: Wish|[wisher] Vaporeon
|-heal|p2a: Vaporeon|69/100|[from] item: Leftovers
|upkeep
|turn|13
|
|t:|1743858051
|move|p1a: Pecharunt|Malignant Chain|p2a: Vaporeon
|-crit|p2a: Vaporeon
|-damage|p2a: Vaporeon|30/100
|move|p2a: Vaporeon|Scald|p1a: Pecharunt
|-damage|p1a: Pecharunt|40/100
|
|-heal|p2a: Vaporeon|37/100|[from] item: Leftovers
|-fieldend|Misty Terrain
|upkeep
|turn|14
|
|t:|1743858059
|switch|p2a: Weezing|Weezing-Galar, F, shiny|47/100
|-fieldstart|move: Misty Terrain|[from] ability: Misty Surge|[of] p2a: Weezing
|move|p1a: Pecharunt|Recover|p1a: Pecharunt
|-heal|p1a: Pecharunt|90/100
|
|upkeep
|turn|15
|
|t:|1743858066
|switch|p2a: Frosmoth|Frosmoth, F, tera:Ground|86/100
|move|p1a: Pecharunt|Malignant Chain|p2a: Frosmoth
|-resisted|p2a: Frosmoth
|-damage|p2a: Frosmoth|73/100
|
|-heal|p2a: Frosmoth|79/100|[from] item: Leftovers
|upkeep
|turn|16
|
|t:|1743858073
|move|p2a: Frosmoth|Substitute|p2a: Frosmoth
|-start|p2a: Frosmoth|Substitute
|-damage|p2a: Frosmoth|55/100
|move|p1a: Pecharunt|Malignant Chain|p2a: Frosmoth
|-resisted|p2a: Frosmoth
|-activate|p2a: Frosmoth|move: Substitute|[damage]
|
|-heal|p2a: Frosmoth|60/100|[from] item: Leftovers
|upkeep
|turn|17
|inactive|M1rrorshot has 120 seconds left.
|
|t:|1743858081
|move|p2a: Frosmoth|Quiver Dance|p2a: Frosmoth
|-boost|p2a: Frosmoth|spa|1
|-boost|p2a: Frosmoth|spd|1
|-boost|p2a: Frosmoth|spe|1
|move|p1a: Pecharunt|Parting Shot|p2a: Frosmoth
|-unboost|p2a: Frosmoth|atk|1
|-unboost|p2a: Frosmoth|spa|1
|inactive|M1rrorshot has 120 seconds left.
|j| kingambit player
|c|☆M1rrorshot|not a single poison
|l| kingambit player
|
|t:|1743858096
|switch|p1a: Kingambit|Kingambit, F|84/100|[from] Parting Shot
|-activate|p1a: Kingambit|ability: Supreme Overlord
|-start|p1a: Kingambit|fallen2|[silent]
|
|-heal|p2a: Frosmoth|66/100|[from] item: Leftovers
|upkeep
|turn|18
|
|t:|1743858109
|-terastallize|p1a: Kingambit|Dark
|move|p2a: Frosmoth|Ice Beam|p1a: Kingambit
|-damage|p1a: Kingambit|36/100
|move|p1a: Kingambit|Kowtow Cleave|p2a: Frosmoth
|-end|p2a: Frosmoth|Substitute
|
|-heal|p2a: Frosmoth|72/100|[from] item: Leftovers
|upkeep
|turn|19
|inactive|Jebus1989_ has 120 seconds left.
|
|t:|1743858148
|switch|p2a: Great Tusk|Great Tusk|21/100
|move|p1a: Kingambit|Kowtow Cleave|p2a: Great Tusk
|-resisted|p2a: Great Tusk
|-damage|p2a: Great Tusk|0 fnt
|-damage|p1a: Kingambit|19/100|[from] item: Rocky Helmet|[of] p2a: Great Tusk
|faint|p2a: Great Tusk
|-end|p2a: Great Tusk|Protosynthesis|[silent]
|
|upkeep
|
|t:|1743858153
|switch|p2a: Hawlucha|Hawlucha, M, shiny|100/100
|-enditem|p2a: Hawlucha|Misty Seed
|-boost|p2a: Hawlucha|spd|1|[from] item: Misty Seed
|turn|20
|
|t:|1743858161
|move|p2a: Hawlucha|Acrobatics|p1a: Kingambit
|-damage|p1a: Kingambit|0 fnt
|faint|p1a: Kingambit
|-end|p1a: Kingambit|fallen2|[silent]
|
|upkeep
|
|t:|1743858168
|switch|p1a: Pecharunt|Pecharunt|90/100
|turn|21
|
|t:|1743858173
|move|p2a: Hawlucha|Acrobatics|p1a: Pecharunt
|-damage|p1a: Pecharunt|64/100
|move|p1a: Pecharunt|Parting Shot|p2a: Hawlucha
|-unboost|p2a: Hawlucha|atk|1
|-unboost|p2a: Hawlucha|spa|1
|
|t:|1743858185
|switch|p1a: Great Tusk|Great Tusk|100/100|[from] Parting Shot
|
|-fieldend|Misty Terrain
|upkeep
|turn|22
|
|t:|1743858193
|-end|p1a: Great Tusk|Protosynthesis|[silent]
|switch|p1a: Pecharunt|Pecharunt|64/100
|move|p2a: Hawlucha|Swords Dance|p2a: Hawlucha
|-boost|p2a: Hawlucha|atk|2
|
|upkeep
|turn|23
|
|t:|1743858201
|move|p2a: Hawlucha|Acrobatics|p1a: Pecharunt
|-damage|p1a: Pecharunt|25/100
|move|p1a: Pecharunt|Malignant Chain|p2a: Hawlucha
|-damage|p2a: Hawlucha|62/100
|-status|p2a: Hawlucha|tox
|-start|p2a: Hawlucha|confusion|[from] ability: Poison Puppeteer|[of] p1a: Pecharunt
|
|-damage|p2a: Hawlucha|56/100 tox|[from] psn
|upkeep
|turn|24
|
|t:|1743858211
|-activate|p2a: Hawlucha|confusion
|-damage|p2a: Hawlucha|31/100 tox|[from] confusion
|move|p1a: Pecharunt|Parting Shot|p2a: Hawlucha
|-unboost|p2a: Hawlucha|atk|1
|-unboost|p2a: Hawlucha|spa|1
|
|t:|1743858217
|switch|p1a: Great Tusk|Great Tusk|100/100|[from] Parting Shot
|
|-damage|p2a: Hawlucha|19/100 tox|[from] psn
|upkeep
|turn|25
|
|t:|1743858222
|-activate|p2a: Hawlucha|confusion
|move|p2a: Hawlucha|Acrobatics|p1a: Great Tusk
|-supereffective|p1a: Great Tusk
|-damage|p1a: Great Tusk|39/100
|move|p1a: Great Tusk|Bulk Up|p1a: Great Tusk
|-boost|p1a: Great Tusk|atk|1
|-boost|p1a: Great Tusk|def|1
|
|-heal|p1a: Great Tusk|45/100|[from] item: Leftovers
|-damage|p2a: Hawlucha|1/100 tox|[from] psn
|upkeep
|turn|26
|
|t:|1743858233
|-activate|p2a: Hawlucha|confusion
|move|p2a: Hawlucha|Encore|p1a: Great Tusk
|-start|p1a: Great Tusk|Encore
|move|p1a: Great Tusk|Bulk Up|p1a: Great Tusk
|-boost|p1a: Great Tusk|atk|1
|-boost|p1a: Great Tusk|def|1
|
|-heal|p1a: Great Tusk|52/100|[from] item: Leftovers
|-damage|p2a: Hawlucha|0 fnt|[from] psn
|faint|p2a: Hawlucha
|upkeep
|
|t:|1743858247
|switch|p2a: Frosmoth|Frosmoth, F, tera:Ground|72/100
|turn|27
|-message|M1rrorshot forfeited.
|
|win|Jebus1989_
|raw|M1rrorshot's rating: 1589 &rarr; <strong>1574</strong><br />(-15 for losing)
|raw|Jebus1989_'s rating: 1678 &rarr; <strong>1693</strong><br />(+15 for winning)
|l|☆M1rrorshot
|player|p1|
|l|☆Jebus1989_
|player|p2|
