|j|☆sveinung12321
|j|☆Scarlet Firefly
|t:|1743865244
|gametype|singles
|player|p1|sveinung12321|265|1516
|player|p2|Scarlet Firefly|klara|1490
|teamsize|p1|6
|teamsize|p2|6
|gen|9
|tier|[Gen 9] OU
|rated|
|rule|HP Percentage Mod: HP is shown in percentages
|rule|Endless Battle Clause: Forcing endless battles is banned
|rule|Species Clause: Limit one of each Pokémon
|rule|OHKO Clause: OHKO moves are banned
|rule|Evasion Items Clause: Evasion items are banned
|rule|Evasion Moves Clause: Evasion moves are banned
|rule|Sleep Moves Clause: Sleep-inducing moves are banned
|clearpoke
|poke|p1|Zapdos|
|poke|p1|Corviknight, M|
|poke|p1|Iron Valiant|
|poke|p1|Great Tusk|
|poke|p1|Dragapult, M|
|poke|p1|Slowbro, F|
|poke|p2|Cinderace, M|
|poke|p2|Kingambit, M|
|poke|p2|Great Tusk|
|poke|p2|Hatterene, F|
|poke|p2|Pecharunt|
|poke|p2|Garchomp, M|
|teampreview
|inactive|Battle timer is ON: inactive players will automatically lose when time's up. (requested by sveinung12321)
|inactive|sveinung12321 has 120 seconds left.
|inactive|sveinung12321 has 90 seconds left.
|
|t:|1743865312
|start
|switch|p1a: Slowbro|Slowbro, F|100/100
|switch|p2a: Hatterene|Hatterene, F|100/100
|turn|1
|
|t:|1743865317
|move|p1a: Slowbro|Scald|p2a: Hatterene
|-damage|p2a: Hatterene|66/100
|-status|p2a: Hatterene|brn
|move|p2a: Hatterene|Nuzzle|p1a: Slowbro
|-supereffective|p1a: Slowbro
|-damage|p1a: Slowbro|98/100
|-status|p1a: Slowbro|par
|
|-damage|p2a: Hatterene|60/100 brn|[from] brn
|upkeep
|turn|2
|
|t:|1743865328
|switch|p2a: Pecharunt|Pecharunt|100/100
|move|p1a: Slowbro|Scald|p2a: Pecharunt
|-damage|p2a: Pecharunt|70/100
|
|upkeep
|turn|3
|
|t:|1743865331
|move|p2a: Pecharunt|Recover|p2a: Pecharunt
|-heal|p2a: Pecharunt|100/100
|move|p1a: Slowbro|Future Sight|p2a: Pecharunt
|-start|p1a: Slowbro|move: Future Sight
|
|upkeep
|turn|4
|
|t:|1743865339
|switch|p1a: Corviknight|Corviknight, M|100/100
|-ability|p1a: Corviknight|Pressure
|move|p2a: Pecharunt|Hex|p1a: Corviknight
|-damage|p1a: Corviknight|76/100
|
|upkeep
|turn|5
|
|t:|1743865343
|move|p2a: Pecharunt|Parting Shot|p1a: Corviknight
|-unboost|p1a: Corviknight|atk|1
|-unboost|p1a: Corviknight|spa|1
|
|t:|1743865346
|switch|p2a: Kingambit|Kingambit, M|100/100|[from] Parting Shot
|move|p1a: Corviknight|U-turn|p2a: Kingambit
|-damage|p2a: Kingambit|92/100
|
|t:|1743865350
|switch|p1a: Great Tusk|Great Tusk|100/100|[from] U-turn
|
|-end|p2a: Kingambit|move: Future Sight
|-immune|p2a: Kingambit
|upkeep
|turn|6
|
|t:|1743865355
|-end|p2a: Kingambit|fallenundefined|[silent]
|switch|p2a: Garchomp|Garchomp, M|100/100
|move|p1a: Great Tusk|Headlong Rush|p2a: Garchomp
|-damage|p2a: Garchomp|35/100
|-unboost|p1a: Great Tusk|def|1
|-unboost|p1a: Great Tusk|spd|1
|-damage|p1a: Great Tusk|88/100|[from] ability: Rough Skin|[of] p2a: Garchomp
|-damage|p1a: Great Tusk|71/100|[from] item: Rocky Helmet|[of] p2a: Garchomp
|
|-heal|p1a: Great Tusk|77/100|[from] item: Leftovers
|upkeep
|turn|7
|
|t:|1743865359
|-end|p1a: Great Tusk|Protosynthesis|[silent]
|switch|p1a: Corviknight|Corviknight, M|76/100
|-ability|p1a: Corviknight|Pressure
|move|p2a: Garchomp|Outrage|p1a: Corviknight
|-resisted|p1a: Corviknight
|-damage|p1a: Corviknight|58/100
|-damage|p2a: Garchomp|18/100|[from] item: Rocky Helmet|[of] p1a: Corviknight
|
|upkeep
|turn|8
|
|t:|1743865362
|move|p2a: Garchomp|Outrage|p1a: Corviknight|[from] lockedmove
|-resisted|p1a: Corviknight
|-damage|p1a: Corviknight|40/100
|-damage|p2a: Garchomp|2/100|[from] item: Rocky Helmet|[of] p1a: Corviknight
|move|p1a: Corviknight|Roost|p1a: Corviknight
|-heal|p1a: Corviknight|90/100
|-singleturn|p1a: Corviknight|move: Roost
|
|upkeep
|turn|9
|
|t:|1743865365
|move|p2a: Garchomp|Outrage|p1a: Corviknight|[from] lockedmove
|-resisted|p1a: Corviknight
|-damage|p1a: Corviknight|73/100
|-damage|p2a: Garchomp|0 fnt|[from] item: Rocky Helmet|[of] p1a: Corviknight
|faint|p2a: Garchomp
|move|p1a: Corviknight|Roost|p1a: Corviknight
|-heal|p1a: Corviknight|100/100
|-singleturn|p1a: Corviknight|move: Roost
|
|upkeep
|
|t:|1743865367
|switch|p2a: Cinderace|Cinderace, M|100/100
|turn|10
|
|t:|1743865369
|switch|p1a: Slowbro|Slowbro, F|100/100 par
|move|p2a: Cinderace|Pyro Ball|p1a: Slowbro
|-resisted|p1a: Slowbro
|-damage|p1a: Slowbro|77/100 par
|-damage|p2a: Cinderace|91/100|[from] item: Life Orb
|
|upkeep
|turn|11
|
|t:|1743865376
|switch|p2a: Pecharunt|Pecharunt|100/100
|switch|p1a: Corviknight|Corviknight, M|100/100
|-ability|p1a: Corviknight|Pressure
|
|upkeep
|turn|12
|
|t:|1743865379
|move|p2a: Pecharunt|Parting Shot|p1a: Corviknight
|-unboost|p1a: Corviknight|atk|1
|-unboost|p1a: Corviknight|spa|1
|
|t:|1743865381
|switch|p2a: Cinderace|Cinderace, M|91/100|[from] Parting Shot
|move|p1a: Corviknight|U-turn|p2a: Cinderace
|-resisted|p2a: Cinderace
|-damage|p2a: Cinderace|83/100
|
|t:|1743865394
|switch|p1a: Slowbro|Slowbro, F|100/100 par|[from] U-turn
|
|upkeep
|turn|13
|
|t:|1743865397
|switch|p2a: Pecharunt|Pecharunt|100/100
|move|p1a: Slowbro|Scald|p2a: Pecharunt
|-damage|p2a: Pecharunt|72/100
|
|upkeep
|turn|14
|
|t:|1743865399
|move|p2a: Pecharunt|Parting Shot|p1a: Slowbro
|-unboost|p1a: Slowbro|atk|1
|-unboost|p1a: Slowbro|spa|1
|
|t:|1743865404
|switch|p2a: Hatterene|Hatterene, F|60/100 brn|[from] Parting Shot
|move|p1a: Slowbro|Future Sight|p2a: Hatterene
|-start|p1a: Slowbro|move: Future Sight
|
|-damage|p2a: Hatterene|54/100 brn|[from] brn
|upkeep
|turn|15
|
|t:|1743865417
|switch|p1a: Zapdos|Zapdos|100/100
|move|p2a: Hatterene|Draining Kiss|p1a: Zapdos
|-damage|p1a: Zapdos|67/100
|-heal|p2a: Hatterene|82/100 brn|[from] drain|[of] p1a: Zapdos
|
|-damage|p2a: Hatterene|76/100 brn|[from] brn
|upkeep
|turn|16
|
|t:|1743865421
|switch|p2a: Kingambit|Kingambit, M|92/100
|-activate|p2a: Kingambit|ability: Supreme Overlord
|-start|p2a: Kingambit|fallen1|[silent]
|move|p1a: Zapdos|Hurricane|p2a: Kingambit|[miss]
|-miss|p1a: Zapdos|p2a: Kingambit
|
|-end|p2a: Kingambit|move: Future Sight
|-immune|p2a: Kingambit
|upkeep
|turn|17
|
|t:|1743865425
|switch|p1a: Great Tusk|Great Tusk|77/100
|move|p2a: Kingambit|Kowtow Cleave|p1a: Great Tusk
|-resisted|p1a: Great Tusk
|-damage|p1a: Great Tusk|58/100
|
|-heal|p1a: Great Tusk|64/100|[from] item: Leftovers
|upkeep
|turn|18
|
|t:|1743865435
|-end|p2a: Kingambit|fallen1|[silent]
|switch|p2a: Great Tusk|Great Tusk|100/100
|move|p1a: Great Tusk|Stealth Rock|p2a: Great Tusk
|-sidestart|p2: Scarlet Firefly|move: Stealth Rock
|
|-heal|p1a: Great Tusk|70/100|[from] item: Leftovers
|upkeep
|turn|19
|
|t:|1743865443
|move|p2a: Great Tusk|Bulk Up|p2a: Great Tusk
|-boost|p2a: Great Tusk|atk|1
|-boost|p2a: Great Tusk|def|1
|move|p1a: Great Tusk|Ice Spinner|p2a: Great Tusk
|-supereffective|p2a: Great Tusk
|-damage|p2a: Great Tusk|73/100
|
|-heal|p2a: Great Tusk|80/100|[from] item: Leftovers
|-heal|p1a: Great Tusk|76/100|[from] item: Leftovers
|upkeep
|turn|20
|
|t:|1743865446
|-end|p1a: Great Tusk|Protosynthesis|[silent]
|switch|p1a: Dragapult|Dragapult, M|100/100
|move|p2a: Great Tusk|Rapid Spin|p1a: Dragapult
|-immune|p1a: Dragapult
|
|-heal|p2a: Great Tusk|86/100|[from] item: Leftovers
|upkeep
|turn|21
|
|t:|1743865456
|move|p1a: Dragapult|U-turn|p2a: Great Tusk
|-resisted|p2a: Great Tusk
|-damage|p2a: Great Tusk|78/100
|
|t:|1743865460
|switch|p1a: Iron Valiant|Iron Valiant|100/100|[from] U-turn
|-enditem|p1a: Iron Valiant|Booster Energy
|-activate|p1a: Iron Valiant|ability: Quark Drive|[fromitem]
|-start|p1a: Iron Valiant|quarkdrivespe
|move|p2a: Great Tusk|Headlong Rush|p1a: Iron Valiant
|-crit|p1a: Iron Valiant
|-damage|p1a: Iron Valiant|0 fnt
|-unboost|p2a: Great Tusk|def|1
|-unboost|p2a: Great Tusk|spd|1
|faint|p1a: Iron Valiant
|-end|p1a: Iron Valiant|Quark Drive|[silent]
|
|-heal|p2a: Great Tusk|85/100|[from] item: Leftovers
|upkeep
|
|t:|1743865466
|switch|p1a: Zapdos|Zapdos|67/100
|turn|22
|
|t:|1743865476
|-end|p2a: Great Tusk|Protosynthesis|[silent]
|switch|p2a: Kingambit|Kingambit, M|92/100
|-damage|p2a: Kingambit|86/100|[from] Stealth Rock
|-activate|p2a: Kingambit|ability: Supreme Overlord
|-start|p2a: Kingambit|fallen1|[silent]
|move|p1a: Zapdos|Hurricane|p2a: Kingambit
|-resisted|p2a: Kingambit
|-damage|p2a: Kingambit|56/100
|
|upkeep
|turn|23
|
|t:|1743865491
|switch|p1a: Great Tusk|Great Tusk|76/100
|-end|p2a: Kingambit|fallen1|[silent]
|switch|p2a: Great Tusk|Great Tusk|85/100
|-damage|p2a: Great Tusk|82/100|[from] Stealth Rock
|
|-heal|p2a: Great Tusk|88/100|[from] item: Leftovers
|-heal|p1a: Great Tusk|82/100|[from] item: Leftovers
|upkeep
|turn|24
|
|t:|1743865495
|move|p2a: Great Tusk|Bulk Up|p2a: Great Tusk
|-boost|p2a: Great Tusk|atk|1
|-boost|p2a: Great Tusk|def|1
|move|p1a: Great Tusk|Ice Spinner|p2a: Great Tusk
|-supereffective|p2a: Great Tusk
|-damage|p2a: Great Tusk|61/100
|
|-heal|p2a: Great Tusk|67/100|[from] item: Leftovers
|-heal|p1a: Great Tusk|88/100|[from] item: Leftovers
|upkeep
|turn|25
|
|t:|1743865500
|-end|p1a: Great Tusk|Protosynthesis|[silent]
|switch|p1a: Corviknight|Corviknight, M|100/100
|-ability|p1a: Corviknight|Pressure
|move|p2a: Great Tusk|Ice Spinner|p1a: Corviknight
|-damage|p1a: Corviknight|80/100
|-damage|p2a: Great Tusk|50/100|[from] item: Rocky Helmet|[of] p1a: Corviknight
|
|-heal|p2a: Great Tusk|56/100|[from] item: Leftovers
|upkeep
|turn|26
|
|t:|1743865504
|move|p2a: Great Tusk|Rapid Spin|p1a: Corviknight
|-resisted|p1a: Corviknight
|-damage|p1a: Corviknight|74/100
|-boost|p2a: Great Tusk|spe|1
|-damage|p2a: Great Tusk|40/100|[from] item: Rocky Helmet|[of] p1a: Corviknight
|-sideend|p2: Scarlet Firefly|Stealth Rock|[from] move: Rapid Spin|[of] p2a: Great Tusk
|move|p1a: Corviknight|Body Press|p2a: Great Tusk
|-damage|p2a: Great Tusk|30/100
|
|-heal|p2a: Great Tusk|36/100|[from] item: Leftovers
|upkeep
|turn|27
|
|t:|1743865506
|move|p2a: Great Tusk|Bulk Up|p2a: Great Tusk
|-boost|p2a: Great Tusk|atk|1
|-boost|p2a: Great Tusk|def|1
|move|p1a: Corviknight|Body Press|p2a: Great Tusk
|-damage|p2a: Great Tusk|27/100
|
|-heal|p2a: Great Tusk|33/100|[from] item: Leftovers
|upkeep
|turn|28
|
|t:|1743865508
|move|p2a: Great Tusk|Bulk Up|p2a: Great Tusk
|-boost|p2a: Great Tusk|atk|1
|-boost|p2a: Great Tusk|def|1
|move|p1a: Corviknight|Body Press|p2a: Great Tusk
|-damage|p2a: Great Tusk|27/100
|
|-heal|p2a: Great Tusk|33/100|[from] item: Leftovers
|upkeep
|turn|29
|
|t:|1743865510
|move|p2a: Great Tusk|Bulk Up|p2a: Great Tusk
|-boost|p2a: Great Tusk|atk|1
|-boost|p2a: Great Tusk|def|1
|move|p1a: Corviknight|Body Press|p2a: Great Tusk
|-damage|p2a: Great Tusk|27/100
|
|-heal|p2a: Great Tusk|33/100|[from] item: Leftovers
|upkeep
|turn|30
|
|t:|1743865512
|move|p2a: Great Tusk|Bulk Up|p2a: Great Tusk
|-boost|p2a: Great Tusk|atk|1
|-boost|p2a: Great Tusk|def|1
|move|p1a: Corviknight|Body Press|p2a: Great Tusk
|-damage|p2a: Great Tusk|28/100
|
|-heal|p2a: Great Tusk|35/100|[from] item: Leftovers
|upkeep
|turn|31
|
|t:|1743865515
|move|p2a: Great Tusk|Bulk Up|p2a: Great Tusk
|-boost|p2a: Great Tusk|atk|1
|-boost|p2a: Great Tusk|def|1
|move|p1a: Corviknight|U-turn|p2a: Great Tusk
|-resisted|p2a: Great Tusk
|-damage|p2a: Great Tusk|33/100
|
|t:|1743865522
|switch|p1a: Zapdos|Zapdos|67/100|[from] U-turn
|
|-heal|p2a: Great Tusk|40/100|[from] item: Leftovers
|upkeep
|turn|32
|
|t:|1743865529
|-terastallize|p1a: Zapdos|Ice
|move|p2a: Great Tusk|Ice Spinner|p1a: Zapdos
|-resisted|p1a: Zapdos
|-damage|p1a: Zapdos|13/100
|-status|p2a: Great Tusk|par|[from] ability: Static|[of] p1a: Zapdos
|move|p1a: Zapdos|Tera Blast|p2a: Great Tusk|[anim] Tera Blast Ice
|-supereffective|p2a: Great Tusk
|-crit|p2a: Great Tusk
|-damage|p2a: Great Tusk|0 fnt
|faint|p2a: Great Tusk
|-end|p2a: Great Tusk|Protosynthesis|[silent]
|
|upkeep
|
|t:|1743865539
|switch|p2a: Cinderace|Cinderace, M|83/100
|turn|33
|
|t:|1743865551
|move|p2a: Cinderace|Double-Edge|p1a: Zapdos
|-start|p2a: Cinderace|typechange|Normal|[from] ability: Libero
|-damage|p1a: Zapdos|0 fnt
|faint|p1a: Zapdos
|-damage|p2a: Cinderace|79/100|[from] Recoil
|-damage|p2a: Cinderace|69/100|[from] item: Life Orb
|
|upkeep
|
|t:|1743865558
|switch|p1a: Corviknight|Corviknight, M|74/100
|-ability|p1a: Corviknight|Pressure
|turn|34
|
|t:|1743865562
|switch|p2a: Pecharunt|Pecharunt|72/100
|move|p1a: Corviknight|Body Press|p2a: Pecharunt
|-immune|p2a: Pecharunt
|
|upkeep
|turn|35
|
|t:|1743865564
|move|p2a: Pecharunt|Recover|p2a: Pecharunt
|-heal|p2a: Pecharunt|100/100
|move|p1a: Corviknight|U-turn|p2a: Pecharunt
|-resisted|p2a: Pecharunt
|-damage|p2a: Pecharunt|99/100
|
|t:|1743865566
|switch|p1a: Dragapult|Dragapult, M|100/100|[from] U-turn
|
|upkeep
|turn|36
|
|t:|1743865577
|-terastallize|p2a: Pecharunt|Fairy
|move|p1a: Dragapult|Dragon Darts|p2a: Pecharunt
|-immune|p2a: Pecharunt
|move|p2a: Pecharunt|Hex|p1a: Dragapult
|-supereffective|p1a: Dragapult
|-damage|p1a: Dragapult|30/100
|
|upkeep
|turn|37
|
|t:|1743865583
|switch|p1a: Corviknight|Corviknight, M|74/100
|-ability|p1a: Corviknight|Pressure
|move|p2a: Pecharunt|Hex|p1a: Corviknight
|-damage|p1a: Corviknight|49/100
|
|upkeep
|turn|38
|
|t:|1743865586
|move|p2a: Pecharunt|Parting Shot|p1a: Corviknight
|-unboost|p1a: Corviknight|atk|1
|-unboost|p1a: Corviknight|spa|1
|
|t:|1743865588
|switch|p2a: Cinderace|Cinderace, M|69/100|[from] Parting Shot
|move|p1a: Corviknight|Roost|p1a: Corviknight
|-heal|p1a: Corviknight|99/100
|-singleturn|p1a: Corviknight|move: Roost
|
|upkeep
|turn|39
|
|t:|1743865595
|switch|p1a: Dragapult|Dragapult, M|30/100
|move|p2a: Cinderace|Swords Dance|p2a: Cinderace
|-start|p2a: Cinderace|typechange|Normal|[from] ability: Libero
|-boost|p2a: Cinderace|atk|2
|
|upkeep
|turn|40
|
|t:|1743865599
|move|p1a: Dragapult|Sucker Punch|p2a: Cinderace
|-damage|p2a: Cinderace|15/100
|move|p2a: Cinderace|Sucker Punch||[still]
|-fail|p2a: Cinderace
|
|upkeep
|turn|41
|
|t:|1743865606
|switch|p2a: Pecharunt|Pecharunt, tera:Fairy|99/100
|move|p1a: Dragapult|Sucker Punch||[still]
|-fail|p1a: Dragapult
|
|upkeep
|turn|42
|
|t:|1743865611
|switch|p1a: Corviknight|Corviknight, M|99/100
|-ability|p1a: Corviknight|Pressure
|switch|p2a: Cinderace|Cinderace, M|15/100
|
|upkeep
|turn|43
|
|t:|1743865613
|switch|p1a: Dragapult|Dragapult, M|30/100
|move|p2a: Cinderace|Pyro Ball|p1a: Dragapult
|-resisted|p1a: Dragapult
|-damage|p1a: Dragapult|0 fnt
|faint|p1a: Dragapult
|-damage|p2a: Cinderace|5/100|[from] item: Life Orb
|
|upkeep
|
|t:|1743865616
|switch|p1a: Great Tusk|Great Tusk|88/100
|turn|44
|
|t:|1743865625
|move|p2a: Cinderace|Pyro Ball|p1a: Great Tusk
|-damage|p1a: Great Tusk|43/100
|-damage|p2a: Cinderace|0 fnt|[from] item: Life Orb
|faint|p2a: Cinderace
|move|p1a: Great Tusk|Rapid Spin|p2: Cinderace|[notarget]
|-fail|p1a: Great Tusk
|
|-heal|p1a: Great Tusk|49/100|[from] item: Leftovers
|upkeep
|
|t:|1743865629
|switch|p2a: Hatterene|Hatterene, F|76/100 brn
|turn|45
|inactive|sveinung12321 has 120 seconds left.
|inactive|sveinung12321 has 90 seconds left.
|
|t:|1743865713
|-end|p1a: Great Tusk|Protosynthesis|[silent]
|switch|p1a: Corviknight|Corviknight, M|99/100
|-ability|p1a: Corviknight|Pressure
|move|p2a: Hatterene|Psychic Noise|p1a: Corviknight
|-resisted|p1a: Corviknight
|-damage|p1a: Corviknight|78/100
|-start|p1a: Corviknight|move: Heal Block
|
|-damage|p2a: Hatterene|70/100 brn|[from] brn
|upkeep
|turn|46
|
|t:|1743865718
|move|p1a: Corviknight|U-turn|p2a: Hatterene
|-damage|p2a: Hatterene|55/100 brn
|
|t:|1743865719
|switch|p1a: Slowbro|Slowbro, F|100/100 par|[from] U-turn
|move|p2a: Hatterene|Mystical Fire|p1a: Slowbro
|-resisted|p1a: Slowbro
|-damage|p1a: Slowbro|90/100 par
|-unboost|p1a: Slowbro|spa|1
|
|-damage|p2a: Hatterene|49/100 brn|[from] brn
|upkeep
|turn|47
|inactive|sveinung12321 has 90 seconds left.
|
|t:|1743865725
|switch|p2a: Kingambit|Kingambit, M|56/100
|-activate|p2a: Kingambit|ability: Supreme Overlord
|-start|p2a: Kingambit|fallen3|[silent]
|cant|p1a: Slowbro|par
|
|upkeep
|turn|48
|
|t:|1743865730
|move|p2a: Kingambit|Swords Dance|p2a: Kingambit
|-boost|p2a: Kingambit|atk|2
|move|p1a: Slowbro|Body Press|p2a: Kingambit
|-supereffective|p2a: Kingambit
|-damage|p2a: Kingambit|0 fnt
|faint|p2a: Kingambit
|-end|p2a: Kingambit|fallen3|[silent]
|
|upkeep
|
|t:|1743865740
|switch|p2a: Pecharunt|Pecharunt, tera:Fairy|99/100
|turn|49
|
|t:|1743865747
|move|p2a: Pecharunt|Hex|p1a: Slowbro
|-supereffective|p1a: Slowbro
|-damage|p1a: Slowbro|16/100 par
|move|p1a: Slowbro|Scald|p2a: Pecharunt
|-damage|p2a: Pecharunt|77/100
|-status|p2a: Pecharunt|brn
|
|-damage|p2a: Pecharunt|71/100 brn|[from] brn
|upkeep
|turn|50
|
|t:|1743865751
|switch|p1a: Corviknight|Corviknight, M|78/100
|-ability|p1a: Corviknight|Pressure
|move|p2a: Pecharunt|Hex|p1a: Corviknight
|-damage|p1a: Corviknight|53/100
|
|-damage|p2a: Pecharunt|65/100 brn|[from] brn
|upkeep
|turn|51
|
|t:|1743865758
|move|p2a: Pecharunt|Recover|p2a: Pecharunt
|-heal|p2a: Pecharunt|100/100 brn
|move|p1a: Corviknight|Roost|p1a: Corviknight
|-heal|p1a: Corviknight|100/100
|-singleturn|p1a: Corviknight|move: Roost
|
|-damage|p2a: Pecharunt|94/100 brn|[from] brn
|upkeep
|turn|52
|
|t:|1743865762
|move|p2a: Pecharunt|Parting Shot|p1a: Corviknight
|-unboost|p1a: Corviknight|atk|1
|-unboost|p1a: Corviknight|spa|1
|
|t:|1743865764
|switch|p2a: Hatterene|Hatterene, F|49/100 brn|[from] Parting Shot
|move|p1a: Corviknight|U-turn|p2a: Hatterene
|-damage|p2a: Hatterene|37/100 brn
|
|t:|1743865766
|switch|p1a: Great Tusk|Great Tusk|49/100|[from] U-turn
|
|-heal|p1a: Great Tusk|55/100|[from] item: Leftovers
|-damage|p2a: Hatterene|31/100 brn|[from] brn
|upkeep
|turn|53
|
|t:|1743865778
|switch|p2a: Pecharunt|Pecharunt, tera:Fairy|94/100 brn
|move|p1a: Great Tusk|Headlong Rush|p2a: Pecharunt
|-damage|p2a: Pecharunt|53/100 brn
|-unboost|p1a: Great Tusk|def|1
|-unboost|p1a: Great Tusk|spd|1
|
|-heal|p1a: Great Tusk|61/100|[from] item: Leftovers
|-damage|p2a: Pecharunt|47/100 brn|[from] brn
|upkeep
|turn|54
|
|t:|1743865785
|move|p2a: Pecharunt|Recover|p2a: Pecharunt
|-heal|p2a: Pecharunt|97/100 brn
|move|p1a: Great Tusk|Headlong Rush|p2a: Pecharunt
|-damage|p2a: Pecharunt|57/100 brn
|-unboost|p1a: Great Tusk|def|1
|-unboost|p1a: Great Tusk|spd|1
|
|-heal|p1a: Great Tusk|67/100|[from] item: Leftovers
|-damage|p2a: Pecharunt|51/100 brn|[from] brn
|upkeep
|turn|55
|
|t:|1743865793
|-end|p1a: Great Tusk|Protosynthesis|[silent]
|switch|p1a: Corviknight|Corviknight, M|100/100
|-ability|p1a: Corviknight|Pressure
|move|p2a: Pecharunt|Hex|p1a: Corviknight
|-damage|p1a: Corviknight|76/100
|
|-damage|p2a: Pecharunt|45/100 brn|[from] brn
|upkeep
|turn|56
|
|t:|1743865798
|move|p2a: Pecharunt|Recover|p2a: Pecharunt
|-heal|p2a: Pecharunt|95/100 brn
|move|p1a: Corviknight|U-turn|p2a: Pecharunt
|-resisted|p2a: Pecharunt
|-damage|p2a: Pecharunt|90/100 brn
|
|t:|1743865801
|switch|p1a: Slowbro|Slowbro, F|49/100 par|[from] U-turn
|
|-damage|p2a: Pecharunt|84/100 brn|[from] brn
|upkeep
|turn|57
|inactive|Scarlet Firefly has 120 seconds left.
|
|t:|1743865855
|switch|p1a: Corviknight|Corviknight, M|76/100
|-ability|p1a: Corviknight|Pressure
|move|p2a: Pecharunt|Hex|p1a: Corviknight
|-damage|p1a: Corviknight|53/100
|
|-damage|p2a: Pecharunt|78/100 brn|[from] brn
|upkeep
|turn|58
|inactive|sveinung12321 has 120 seconds left.
|
|t:|1743865886
|move|p2a: Pecharunt|Malignant Chain|p1a: Corviknight
|-immune|p1a: Corviknight
|move|p1a: Corviknight|Roost|p1a: Corviknight
|-heal|p1a: Corviknight|100/100
|-singleturn|p1a: Corviknight|move: Roost
|
|-damage|p2a: Pecharunt|72/100 brn|[from] brn
|upkeep
|turn|59
|inactive|Scarlet Firefly has 90 seconds left.
|
|t:|1743865902
|move|p2a: Pecharunt|Parting Shot|p1a: Corviknight
|-unboost|p1a: Corviknight|atk|1
|-unboost|p1a: Corviknight|spa|1
|
|t:|1743865903
|switch|p2a: Hatterene|Hatterene, F|31/100 brn|[from] Parting Shot
|move|p1a: Corviknight|U-turn|p2a: Hatterene
|-damage|p2a: Hatterene|21/100 brn
|
|t:|1743865905
|switch|p1a: Great Tusk|Great Tusk|67/100|[from] U-turn
|
|-heal|p1a: Great Tusk|73/100|[from] item: Leftovers
|-damage|p2a: Hatterene|15/100 brn|[from] brn
|upkeep
|turn|60
|
|t:|1743865908
|move|p1a: Great Tusk|Headlong Rush|p2a: Hatterene
|-damage|p2a: Hatterene|0 fnt
|-unboost|p1a: Great Tusk|def|1
|-unboost|p1a: Great Tusk|spd|1
|faint|p2a: Hatterene
|
|-heal|p1a: Great Tusk|79/100|[from] item: Leftovers
|upkeep
|-message|Scarlet Firefly forfeited.
|
|win|sveinung12321
|raw|sveinung12321's rating: 1516 &rarr; <strong>1535</strong><br />(+19 for winning)
|raw|Scarlet Firefly's rating: 1490 &rarr; <strong>1471</strong><br />(-19 for losing)
|l|☆Scarlet Firefly
|player|p2|
|l|☆sveinung12321
|player|p1|
