|j|☆shandilyeah
|j|☆sumerand
|t:|1743883751
|gametype|singles
|player|p1|shandilyeah|cynthia-gen4|1347
|player|p2|sumerand|ghetsis|1297
|teamsize|p1|6
|teamsize|p2|6
|gen|9
|tier|[Gen 9] OU
|rated|
|rule|HP Percentage Mod: HP is shown in percentages
|rule|Endless Battle Clause: Forcing endless battles is banned
|rule|Species Clause: Limit one of each Pokémon
|rule|OHKO Clause: OHKO moves are banned
|rule|Evasion Items Clause: Evasion items are banned
|rule|Evasion Moves Clause: Evasion moves are banned
|rule|Sleep Moves Clause: Sleep-inducing moves are banned
|clearpoke
|poke|p1|Great Tusk|
|poke|p1|Kingambit, M|
|poke|p1|Araquanid, F|
|poke|p1|Dragapult, M|
|poke|p1|Zamazenta-*|
|poke|p1|Glimmora, M|
|poke|p2|Inteleon, F|
|poke|p2|Dragapult, M|
|poke|p2|Cinderace, M|
|poke|p2|Corviknight, M|
|poke|p2|Alomomola, M|
|poke|p2|Ting-Lu|
|teampreview
|inactive|Battle timer is ON: inactive players will automatically lose when time's up. (requested by shandilyeah)
|
|t:|1743883756
|start
|switch|p1a: Penny Parker|Araquanid, F, shiny|100/100
|switch|p2a: Dragapult|Dragapult, M|100/100
|turn|1
|
|t:|1743883763
|move|p2a: Dragapult|Dragon Darts|p1a: Penny Parker
|-damage|p1a: Penny Parker|60/100
|-anim|p2a: Dragapult|Dragon Darts|p1a: Penny Parker
|-damage|p1a: Penny Parker|21/100
|move|p1a: Penny Parker|Sticky Web|p2a: Dragapult
|-sidestart|p2: sumerand|move: Sticky Web
|
|upkeep
|turn|2
|
|t:|1743883773
|switch|p2a: Alomomola|Alomomola, M|100/100
|switch|p1a: Glimmora|Glimmora, M|100/100
|
|upkeep
|turn|3
|
|t:|1743883780
|move|p1a: Glimmora|Stealth Rock|p2a: Alomomola
|-sidestart|p2: sumerand|move: Stealth Rock
|move|p2a: Alomomola|Scald|p1a: Glimmora
|-supereffective|p1a: Glimmora
|-damage|p1a: Glimmora|65/100
|
|upkeep
|turn|4
|
|t:|1743883787
|move|p1a: Glimmora|Mortal Spin|p2a: Alomomola
|-damage|p2a: Alomomola|98/100
|-status|p2a: Alomomola|psn
|move|p2a: Alomomola|Flip Turn|p1a: Glimmora
|-supereffective|p1a: Glimmora
|-damage|p1a: Glimmora|24/100
|-activate|p1a: Glimmora|ability: Toxic Debris
|-sidestart|p2: sumerand|move: Toxic Spikes
|
|t:|1743883797
|switch|p2a: Dragapult|Dragapult, M|100/100|[from] Flip Turn
|-activate|p2a: Dragapult|move: Sticky Web
|-fail|p2a: Dragapult|unboost|[from] ability: Clear Body|[of] p2a: Dragapult
|-damage|p2a: Dragapult|88/100|[from] Stealth Rock
|-status|p2a: Dragapult|psn
|
|-damage|p2a: Dragapult|76/100 psn|[from] psn
|upkeep
|turn|5
|
|t:|1743883809
|move|p2a: Dragapult|Dragon Darts|p1a: Glimmora
|-crit|p1a: Glimmora
|-damage|p1a: Glimmora|0 fnt
|-activate|p1a: Glimmora|ability: Toxic Debris
|-sidestart|p2: sumerand|move: Toxic Spikes
|faint|p1a: Glimmora
|
|-damage|p2a: Dragapult|64/100 psn|[from] psn
|upkeep
|
|t:|1743883825
|switch|p1a: Maharaja|Kingambit, M|100/100
|-activate|p1a: Maharaja|ability: Supreme Overlord
|-start|p1a: Maharaja|fallen1|[silent]
|turn|6
|
|t:|1743883829
|switch|p2a: Cinderace|Cinderace, M|100/100
|move|p1a: Maharaja|Kowtow Cleave|p2a: Cinderace
|-damage|p2a: Cinderace|18/100
|
|upkeep
|turn|7
|inactive|shandilyeah has 120 seconds left.
|
|t:|1743883870
|-terastallize|p1a: Maharaja|Ghost
|move|p2a: Cinderace|Court Change|p2a: Cinderace
|-start|p2a: Cinderace|typechange|Normal|[from] ability: Libero
|-swapsideconditions
|-activate|p2a: Cinderace|move: Court Change
|move|p1a: Maharaja|Kowtow Cleave|p2a: Cinderace
|-damage|p2a: Cinderace|0 fnt
|faint|p2a: Cinderace
|
|upkeep
|
|t:|1743883883
|switch|p2a: Dragapult|Dragapult, M|64/100 psn
|turn|8
|inactive|shandilyeah has 120 seconds left.
|
|t:|1743883888
|move|p2a: Dragapult|Sucker Punch|p1a: Maharaja
|-supereffective|p1a: Maharaja
|-damage|p1a: Maharaja|53/100
|move|p1a: Maharaja|Kowtow Cleave|p2a: Dragapult
|-supereffective|p2a: Dragapult
|-damage|p2a: Dragapult|0 fnt
|faint|p2a: Dragapult
|
|-heal|p1a: Maharaja|59/100|[from] item: Leftovers
|upkeep
|
|t:|1743883899
|switch|p2a: Ting-Lu|Ting-Lu|100/100
|-ability|p2a: Ting-Lu|Vessel of Ruin
|turn|9
|
|t:|1743883905
|move|p1a: Maharaja|Iron Head|p2a: Ting-Lu
|-damage|p2a: Ting-Lu|76/100
|cant|p2a: Ting-Lu|flinch
|
|-heal|p1a: Maharaja|65/100|[from] item: Leftovers
|-heal|p2a: Ting-Lu|82/100|[from] item: Leftovers
|upkeep
|turn|10
|
|t:|1743883913
|move|p1a: Maharaja|Swords Dance|p1a: Maharaja
|-boost|p1a: Maharaja|atk|2
|move|p2a: Ting-Lu|Whirlwind|p1a: Maharaja
|-end|p1a: Maharaja|fallen1|[silent]
|drag|p1a: Great Tusk|Great Tusk|100/100
|-activate|p1a: Great Tusk|move: Sticky Web
|-unboost|p1a: Great Tusk|spe|1
|-damage|p1a: Great Tusk|98/100|[from] Stealth Rock
|-status|p1a: Great Tusk|tox
|
|-heal|p2a: Ting-Lu|88/100|[from] item: Leftovers
|-damage|p1a: Great Tusk|91/100 tox|[from] psn
|upkeep
|turn|11
|
|t:|1743883931
|-terastallize|p2a: Ting-Lu|Ghost
|move|p1a: Great Tusk|Stealth Rock|p2a: Ting-Lu
|-sidestart|p2: sumerand|move: Stealth Rock
|move|p2a: Ting-Lu|Ruination|p1a: Great Tusk
|-damage|p1a: Great Tusk|46/100 tox
|
|-heal|p2a: Ting-Lu|94/100|[from] item: Leftovers
|-damage|p1a: Great Tusk|34/100 tox|[from] psn
|upkeep
|turn|12
|
|t:|1743883946
|move|p1a: Great Tusk|Headlong Rush|p2a: Ting-Lu
|-damage|p2a: Ting-Lu|63/100
|-unboost|p1a: Great Tusk|def|1
|-unboost|p1a: Great Tusk|spd|1
|move|p2a: Ting-Lu|Whirlwind|p1a: Great Tusk
|-end|p1a: Great Tusk|Protosynthesis|[silent]
|drag|p1a: Caraxes|Dragapult, M|100/100
|-activate|p1a: Caraxes|move: Sticky Web
|-fail|p1a: Caraxes|unboost|[from] ability: Clear Body|[of] p1a: Caraxes
|-damage|p1a: Caraxes|88/100|[from] Stealth Rock
|-status|p1a: Caraxes|tox
|
|-heal|p2a: Ting-Lu|70/100|[from] item: Leftovers
|-damage|p1a: Caraxes|82/100 tox|[from] psn
|upkeep
|turn|13
|
|t:|1743883965
|switch|p2a: Alomomola|Alomomola, M|100/100 psn
|move|p1a: Caraxes|Dragon Darts|p2a: Alomomola
|-damage|p2a: Alomomola|80/100 psn
|-anim|p1a: Caraxes|Dragon Darts|p2a: Alomomola
|-damage|p2a: Alomomola|59/100 psn
|
|-damage|p1a: Caraxes|70/100 tox|[from] psn
|-damage|p2a: Alomomola|46/100 psn|[from] psn
|upkeep
|turn|14
|
|t:|1743883976
|move|p1a: Caraxes|Dragon Darts|p2a: Alomomola
|-damage|p2a: Alomomola|28/100 psn
|-anim|p1a: Caraxes|Dragon Darts|p2a: Alomomola
|-damage|p2a: Alomomola|9/100 psn
|move|p2a: Alomomola|Flip Turn|p1a: Caraxes
|-resisted|p1a: Caraxes
|-damage|p1a: Caraxes|59/100 tox
|
|t:|1743883985
|switch|p2a: Ting-Lu|Ting-Lu, tera:Ghost|70/100|[from] Flip Turn
|-damage|p2a: Ting-Lu|57/100|[from] Stealth Rock
|-ability|p2a: Ting-Lu|Vessel of Ruin
|
|-heal|p2a: Ting-Lu|63/100|[from] item: Leftovers
|-damage|p1a: Caraxes|42/100 tox|[from] psn
|upkeep
|turn|15
|
|t:|1743883997
|switch|p2a: Alomomola|Alomomola, M|43/100 psn
|move|p1a: Caraxes|Dragon Darts|p2a: Alomomola
|-damage|p2a: Alomomola|21/100 psn
|-anim|p1a: Caraxes|Dragon Darts|p2a: Alomomola
|-damage|p2a: Alomomola|2/100 psn
|
|-damage|p1a: Caraxes|18/100 tox|[from] psn
|-damage|p2a: Alomomola|0 fnt|[from] psn
|faint|p2a: Alomomola
|upkeep
|
|t:|1743884008
|switch|p2a: Corviknight|Corviknight, M|100/100
|-damage|p2a: Corviknight|88/100|[from] Stealth Rock
|-ability|p2a: Corviknight|Pressure
|turn|16
|
|t:|1743884015
|move|p1a: Caraxes|Dragon Darts|p2a: Corviknight
|-resisted|p2a: Corviknight
|-damage|p2a: Corviknight|77/100
|-anim|p1a: Caraxes|Dragon Darts|p2a: Corviknight
|-resisted|p2a: Corviknight
|-damage|p2a: Corviknight|64/100
|move|p2a: Corviknight|Iron Defense|p2a: Corviknight
|-boost|p2a: Corviknight|def|2
|
|-damage|p1a: Caraxes|0 fnt|[from] psn
|faint|p1a: Caraxes
|upkeep
|
|t:|1743884029
|switch|p1a: Penny Parker|Araquanid, F, shiny|21/100
|-activate|p1a: Penny Parker|move: Sticky Web
|-unboost|p1a: Penny Parker|spe|1
|-damage|p1a: Penny Parker|0 fnt|[from] Stealth Rock
|faint|p1a: Penny Parker
|
|t:|1743884039
|switch|p1a: John Cena|Zamazenta|100/100
|-activate|p1a: John Cena|move: Sticky Web
|-unboost|p1a: John Cena|spe|1
|-damage|p1a: John Cena|94/100|[from] Stealth Rock
|-status|p1a: John Cena|tox
|-ability|p1a: John Cena|Dauntless Shield|boost
|-boost|p1a: John Cena|def|1
|turn|17
|
|t:|1743884048
|move|p1a: John Cena|Iron Defense|p1a: John Cena
|-boost|p1a: John Cena|def|2
|move|p2a: Corviknight|Body Press|p1a: John Cena
|-damage|p1a: John Cena|80/100 tox
|
|-heal|p1a: John Cena|86/100 tox|[from] item: Leftovers
|-damage|p1a: John Cena|80/100 tox|[from] psn
|upkeep
|turn|18
|
|t:|1743884058
|move|p1a: John Cena|Iron Defense|p1a: John Cena
|-boost|p1a: John Cena|def|2
|move|p2a: Corviknight|Roost|p2a: Corviknight
|-heal|p2a: Corviknight|100/100
|-singleturn|p2a: Corviknight|move: Roost
|
|-heal|p1a: John Cena|86/100 tox|[from] item: Leftovers
|-damage|p1a: John Cena|74/100 tox|[from] psn
|upkeep
|turn|19
|
|t:|1743884069
|move|p1a: John Cena|Body Press|p2a: Corviknight
|-damage|p2a: Corviknight|62/100
|-damage|p1a: John Cena|57/100 tox|[from] item: Rocky Helmet|[of] p2a: Corviknight
|move|p2a: Corviknight|Iron Defense|p2a: Corviknight
|-boost|p2a: Corviknight|def|2
|
|-heal|p1a: John Cena|64/100 tox|[from] item: Leftovers
|-damage|p1a: John Cena|45/100 tox|[from] psn
|upkeep
|turn|20
|
|t:|1743884081
|move|p2a: Corviknight|Roost|p2a: Corviknight
|-heal|p2a: Corviknight|100/100
|-singleturn|p2a: Corviknight|move: Roost
|move|p1a: John Cena|Roar|p2a: Corviknight
|drag|p2a: Ting-Lu|Ting-Lu, tera:Ghost|63/100
|-damage|p2a: Ting-Lu|51/100|[from] Stealth Rock
|-ability|p2a: Ting-Lu|Vessel of Ruin
|
|-heal|p1a: John Cena|51/100 tox|[from] item: Leftovers
|-heal|p2a: Ting-Lu|57/100|[from] item: Leftovers
|-damage|p1a: John Cena|27/100 tox|[from] psn
|upkeep
|turn|21
|
|t:|1743884097
|move|p1a: John Cena|Crunch|p2a: Ting-Lu
|-supereffective|p2a: Ting-Lu
|-damage|p2a: Ting-Lu|34/100
|-unboost|p2a: Ting-Lu|def|1
|move|p2a: Ting-Lu|Whirlwind|p1a: John Cena
|drag|p1a: Maharaja|Kingambit, M, tera:Ghost|65/100
|-activate|p1a: Maharaja|move: Sticky Web
|-unboost|p1a: Maharaja|spe|1
|-damage|p1a: Maharaja|53/100|[from] Stealth Rock
|-status|p1a: Maharaja|tox
|-activate|p1a: Maharaja|ability: Supreme Overlord
|-start|p1a: Maharaja|fallen3|[silent]
|
|-heal|p2a: Ting-Lu|40/100|[from] item: Leftovers
|-heal|p1a: Maharaja|59/100 tox|[from] item: Leftovers
|-damage|p1a: Maharaja|53/100 tox|[from] psn
|upkeep
|turn|22
|
|t:|1743884115
|switch|p2a: Corviknight|Corviknight, M|100/100
|-damage|p2a: Corviknight|88/100|[from] Stealth Rock
|-ability|p2a: Corviknight|Pressure
|move|p1a: Maharaja|Kowtow Cleave|p2a: Corviknight
|-crit|p2a: Corviknight
|-damage|p2a: Corviknight|20/100
|-damage|p1a: Maharaja|36/100 tox|[from] item: Rocky Helmet|[of] p2a: Corviknight
|
|-heal|p1a: Maharaja|42/100 tox|[from] item: Leftovers
|-damage|p1a: Maharaja|30/100 tox|[from] psn
|upkeep
|turn|23
|
|t:|1743884128
|move|p2a: Corviknight|Roost|p2a: Corviknight
|-heal|p2a: Corviknight|70/100
|-singleturn|p2a: Corviknight|move: Roost
|move|p1a: Maharaja|Kowtow Cleave|p2a: Corviknight
|-damage|p2a: Corviknight|31/100
|-damage|p1a: Maharaja|13/100 tox|[from] item: Rocky Helmet|[of] p2a: Corviknight
|
|-heal|p1a: Maharaja|20/100 tox|[from] item: Leftovers
|-damage|p1a: Maharaja|1/100 tox|[from] psn
|upkeep
|turn|24
|
|t:|1743884140
|move|p2a: Corviknight|Roost|p2a: Corviknight
|-heal|p2a: Corviknight|82/100
|-singleturn|p2a: Corviknight|move: Roost
|move|p1a: Maharaja|Kowtow Cleave|p2a: Corviknight
|-damage|p2a: Corviknight|37/100
|-damage|p1a: Maharaja|0 fnt|[from] item: Rocky Helmet|[of] p2a: Corviknight
|faint|p1a: Maharaja
|-end|p1a: Maharaja|fallen3|[silent]
|
|upkeep
|-message|shandilyeah forfeited.
|
|win|sumerand
|raw|shandilyeah's rating: 1347 &rarr; <strong>1324</strong><br />(-23 for losing)
|raw|sumerand's rating: 1297 &rarr; <strong>1326</strong><br />(+29 for winning)
|l|☆shandilyeah
|player|p1|
|c|☆sumerand|Thanks for the hazards
