|j|☆purhreoei
|j|☆Kalismko
|t:|1743845014
|gametype|singles
|player|p1|purhreoei|169|1363
|player|p2|Kalismko|fisherman-gen4|1316
|teamsize|p1|6
|teamsize|p2|6
|gen|9
|tier|[Gen 9] OU
|rated|
|rule|HP Percentage Mod: HP is shown in percentages
|rule|Endless Battle Clause: Forcing endless battles is banned
|rule|Species Clause: Limit one of each Pokémon
|rule|OHKO Clause: OHKO moves are banned
|rule|Evasion Items Clause: Evasion items are banned
|rule|Evasion Moves Clause: Evasion moves are banned
|rule|Sleep Moves Clause: Sleep-inducing moves are banned
|clearpoke
|poke|p1|Samurott-Hisui, F|
|poke|p1|Arcanine-Hisui, F|
|poke|p1|Ursaluna, F|
|poke|p1|Enamorus, F|
|poke|p1|Basculegion-F, F|
|poke|p1|Braviary-Hisui, M|
|poke|p2|Walking Wake|
|poke|p2|Meowscarada, F|
|poke|p2|Landorus-Therian, M|
|poke|p2|Iron Valiant|
|poke|p2|Slowking-Galar, F|
|poke|p2|Cinderace, F|
|teampreview
|inactive|Battle timer is ON: inactive players will automatically lose when time's up. (requested by purhreoei)
|
|t:|1743845037
|start
|switch|p1a: Samurott|Samurott-Hisui, F|100/100
|switch|p2a: Meowscarada|Meowscarada, F, shiny|100/100
|turn|1
|
|t:|1743845047
|switch|p1a: Enamorus|Enamorus, F|100/100
|move|p2a: Meowscarada|U-turn|p1a: Enamorus
|-start|p2a: Meowscarada|typechange|Bug|[from] ability: Protean
|-resisted|p1a: Enamorus
|-damage|p1a: Enamorus|88/100
|
|t:|1743845063
|switch|p2a: Slowking|Slowking-Galar, F|100/100|[from] U-turn
|
|upkeep
|turn|2
|
|t:|1743845075
|switch|p1a: Samurott|Samurott-Hisui, F|100/100
|move|p2a: Slowking|Future Sight|p1a: Samurott
|-start|p2a: Slowking|move: Future Sight
|
|upkeep
|turn|3
|
|t:|1743845083
|switch|p2a: Meowscarada|Meowscarada, F, shiny|100/100
|move|p1a: Samurott|Ceaseless Edge|p2a: Meowscarada
|-resisted|p2a: Meowscarada
|-damage|p2a: Meowscarada|61/100
|-sidestart|p2: Kalismko|Spikes
|
|upkeep
|turn|4
|
|t:|1743845104
|switch|p1a: Braviary|Braviary-Hisui, M, shiny|100/100
|move|p2a: Meowscarada|U-turn|p1a: Braviary
|-start|p2a: Meowscarada|typechange|Bug|[from] ability: Protean
|-damage|p1a: Braviary|63/100
|
|t:|1743845122
|switch|p2a: Walking Wake|Walking Wake|100/100|[from] U-turn
|-damage|p2a: Walking Wake|88/100|[from] Spikes
|
|-end|p1a: Braviary|move: Future Sight
|-resisted|p1a: Braviary
|-damage|p1a: Braviary|37/100
|upkeep
|turn|5
|
|t:|1743845128
|switch|p1a: Samurott|Samurott-Hisui, F|100/100
|move|p2a: Walking Wake|Hydro Pump|p1a: Samurott
|-resisted|p1a: Samurott
|-damage|p1a: Samurott|61/100
|
|upkeep
|turn|6
|
|t:|1743845147
|-terastallize|p2a: Walking Wake|Water
|move|p2a: Walking Wake|Hydro Pump|p1a: Samurott
|-resisted|p1a: Samurott
|-damage|p1a: Samurott|11/100
|move|p1a: Samurott|Flip Turn|p2a: Walking Wake
|-resisted|p2a: Walking Wake
|-damage|p2a: Walking Wake|72/100
|
|t:|1743845160
|switch|p1a: Basculegion|Basculegion-F, F|100/100|[from] Flip Turn
|
|upkeep
|turn|7
|inactive|Kalismko has 120 seconds left.
|
|t:|1743845191
|-end|p2a: Walking Wake|Protosynthesis|[silent]
|switch|p2a: Cinderace|Cinderace, F|100/100
|move|p1a: Basculegion|Shadow Ball|p2a: Cinderace
|-damage|p2a: Cinderace|14/100
|
|upkeep
|turn|8
|
|t:|1743845204
|move|p2a: Cinderace|Pyro Ball|p1a: Basculegion
|-resisted|p1a: Basculegion
|-damage|p1a: Basculegion|54/100
|move|p1a: Basculegion|Shadow Ball|p2a: Cinderace
|-damage|p2a: Cinderace|0 fnt
|faint|p2a: Cinderace
|
|upkeep
|inactive|Kalismko has 120 seconds left.
|
|t:|1743845216
|switch|p2a: Walking Wake|Walking Wake, tera:Water|72/100
|-damage|p2a: Walking Wake|59/100|[from] Spikes
|turn|9
|
|t:|1743845230
|switch|p1a: Braviary|Braviary-Hisui, M, shiny|37/100
|move|p2a: Walking Wake|Hydro Pump|p1a: Braviary
|-damage|p1a: Braviary|0 fnt
|faint|p1a: Braviary
|
|upkeep
|inactive|purhreoei has 120 seconds left.
|
|t:|1743845262
|switch|p1a: Samurott|Samurott-Hisui, F|11/100
|turn|10
|inactive|Kalismko has 120 seconds left.
|
|t:|1743845299
|move|p1a: Samurott|Sucker Punch|p2a: Walking Wake
|-damage|p2a: Walking Wake|22/100
|move|p2a: Walking Wake|Hydro Pump|p1a: Samurott
|-resisted|p1a: Samurott
|-damage|p1a: Samurott|0 fnt
|faint|p1a: Samurott
|
|upkeep
|inactive|purhreoei has 120 seconds left.
|
|t:|1743845314
|switch|p1a: Arcanine|Arcanine-Hisui, F|100/100
|turn|11
|
|t:|1743845318
|-end|p2a: Walking Wake|Protosynthesis|[silent]
|switch|p2a: Landorus|Landorus-Therian, M|100/100
|-ability|p2a: Landorus|Intimidate|boost
|-unboost|p1a: Arcanine|atk|1
|move|p1a: Arcanine|Extreme Speed|p2a: Landorus
|-damage|p2a: Landorus|88/100
|-damage|p1a: Arcanine|84/100|[from] item: Rocky Helmet|[of] p2a: Landorus
|
|upkeep
|turn|12
|inactive|Kalismko has 120 seconds left.
|
|t:|1743845333
|switch|p1a: Ursaluna|Ursaluna, F|100/100
|move|p2a: Landorus|U-turn|p1a: Ursaluna
|-damage|p1a: Ursaluna|85/100
|inactive|Kalismko has 120 seconds left.
|
|t:|1743845340
|switch|p2a: Walking Wake|Walking Wake, tera:Water|22/100|[from] U-turn
|-damage|p2a: Walking Wake|10/100|[from] Spikes
|
|-status|p1a: Ursaluna|brn|[from] item: Flame Orb
|upkeep
|turn|13
|
|t:|1743845346
|switch|p1a: Basculegion|Basculegion-F, F|54/100
|move|p2a: Walking Wake|Hydro Pump|p1a: Basculegion|[miss]
|-miss|p2a: Walking Wake|p1a: Basculegion
|
|upkeep
|turn|14
|
|t:|1743845353
|move|p2a: Walking Wake|Hydro Pump|p1a: Basculegion|[miss]
|-miss|p2a: Walking Wake|p1a: Basculegion
|move|p1a: Basculegion|Flip Turn|p2a: Walking Wake
|-resisted|p2a: Walking Wake
|-damage|p2a: Walking Wake|0 fnt
|faint|p2a: Walking Wake
|-end|p2a: Walking Wake|Protosynthesis|[silent]
|c|☆Kalismko|:(
|
|t:|1743845365
|switch|p1a: Arcanine|Arcanine-Hisui, F|84/100|[from] Flip Turn
|
|upkeep
|
|t:|1743845371
|switch|p2a: Landorus|Landorus-Therian, M|88/100
|-ability|p2a: Landorus|Intimidate|boost
|-unboost|p1a: Arcanine|atk|1
|turn|15
|
|t:|1743845381
|switch|p1a: Enamorus|Enamorus, F|88/100
|move|p2a: Landorus|Stealth Rock|p1a: Enamorus
|-sidestart|p1: purhreoei|move: Stealth Rock
|
|upkeep
|turn|16
|
|t:|1743845394
|move|p1a: Enamorus|Moonblast|p2a: Landorus
|-damage|p2a: Landorus|31/100
|-unboost|p2a: Landorus|spa|1
|move|p2a: Landorus|Stone Edge|p1a: Enamorus
|-supereffective|p1a: Enamorus
|-damage|p1a: Enamorus|2/100
|
|upkeep
|turn|17
|
|t:|1743845405
|move|p1a: Enamorus|Moonblast|p2a: Landorus
|-damage|p2a: Landorus|0 fnt
|faint|p2a: Landorus
|
|upkeep
|inactive|Kalismko has 120 seconds left.
|
|t:|1743845437
|switch|p2a: Slowking|Slowking-Galar, F|100/100
|turn|18
|inactive|Kalismko has 120 seconds left.
|
|t:|1743845445
|move|p1a: Enamorus|Moonblast|p2a: Slowking
|-resisted|p2a: Slowking
|-damage|p2a: Slowking|86/100
|move|p2a: Slowking|Future Sight|p1a: Enamorus
|-start|p2a: Slowking|move: Future Sight
|
|upkeep
|turn|19
|
|t:|1743845451
|move|p1a: Enamorus|Moonblast|p2a: Slowking
|-resisted|p2a: Slowking
|-damage|p2a: Slowking|70/100
|move|p2a: Slowking|Sludge Bomb|p1a: Enamorus
|-supereffective|p1a: Enamorus
|-damage|p1a: Enamorus|0 fnt
|faint|p1a: Enamorus
|
|upkeep
|
|t:|1743845463
|switch|p1a: Ursaluna|Ursaluna, F|85/100 brn
|-damage|p1a: Ursaluna|79/100 brn|[from] Stealth Rock
|turn|20
|
|t:|1743845475
|move|p1a: Ursaluna|Facade|p2a: Slowking
|-damage|p2a: Slowking|0 fnt
|faint|p2a: Slowking
|
|-end|p1a: Ursaluna|move: Future Sight
|-damage|p1a: Ursaluna|37/100 brn
|-damage|p1a: Ursaluna|31/100 brn|[from] brn
|upkeep
|
|t:|1743845483
|switch|p2a: Meowscarada|Meowscarada, F, shiny|61/100
|-damage|p2a: Meowscarada|48/100|[from] Spikes
|turn|21
|inactive|Kalismko has 120 seconds left.
|
|t:|1743845504
|move|p2a: Meowscarada|Knock Off|p1a: Ursaluna
|-start|p2a: Meowscarada|typechange|Dark|[from] ability: Protean
|-damage|p1a: Ursaluna|0 fnt
|-enditem|p1a: Ursaluna|Flame Orb|[from] move: Knock Off|[of] p2a: Meowscarada
|faint|p1a: Ursaluna
|
|upkeep
|
|t:|1743845517
|switch|p1a: Arcanine|Arcanine-Hisui, F|84/100
|turn|22
|
|t:|1743845525
|move|p2a: Meowscarada|Knock Off|p1a: Arcanine
|-damage|p1a: Arcanine|33/100
|-enditem|p1a: Arcanine|Heavy-Duty Boots|[from] move: Knock Off|[of] p2a: Meowscarada
|move|p1a: Arcanine|Agility|p1a: Arcanine
|-boost|p1a: Arcanine|spe|2
|
|upkeep
|turn|23
|
|t:|1743845533
|move|p2a: Meowscarada|Knock Off|p1a: Arcanine
|-damage|p1a: Arcanine|0 fnt
|faint|p1a: Arcanine
|
|upkeep
|-message|purhreoei forfeited.
|
|win|Kalismko
|raw|purhreoei's rating: 1363 &rarr; <strong>1340</strong><br />(-23 for losing)
|raw|Kalismko's rating: 1316 &rarr; <strong>1339</strong><br />(+23 for winning)
|l|☆purhreoei
|player|p1|
|l|☆Kalismko
|player|p2|
