|j|☆demixelz
|j|☆Parker757
|t:|1743825560
|gametype|singles
|player|p1|demixelz|266|1508
|player|p2|Parker757|n-masters3|1458
|teamsize|p1|6
|teamsize|p2|6
|gen|9
|tier|[Gen 9] OU
|rated|
|rule|HP Percentage Mod: HP is shown in percentages
|rule|Endless Battle Clause: Forcing endless battles is banned
|rule|Species Clause: Limit one of each Pokémon
|rule|OHKO Clause: OHKO moves are banned
|rule|Evasion Items Clause: Evasion items are banned
|rule|Evasion Moves Clause: Evasion moves are banned
|rule|Sleep Moves Clause: Sleep-inducing moves are banned
|clearpoke
|poke|p1|Primarina, M|
|poke|p1|Zamazenta-*|
|poke|p1|Iron Treads|
|poke|p1|Iron Valiant|
|poke|p1|Skeledirge, F|
|poke|p1|Enamorus, F|
|poke|p2|Dragonite, M|
|poke|p2|Ting-Lu|
|poke|p2|Iron Moth|
|poke|p2|Iron Valiant|
|poke|p2|Kyurem|
|poke|p2|Gholdengo|
|teampreview
|inactive|Battle timer is ON: inactive players will automatically lose when time's up. (requested by Parker757)
|inactive|demixelz has 120 seconds left.
|inactive|Parker757 has 120 seconds left.
|
|t:|1743825614
|start
|switch|p1a: Primarina|Primarina, M|100/100
|switch|p2a: Ting-Lu|Ting-Lu|100/100
|-ability|p2a: Ting-Lu|Vessel of Ruin
|turn|1
|
|t:|1743825632
|move|p2a: Ting-Lu|Stealth Rock|p1a: Primarina
|-sidestart|p1: demixelz|move: Stealth Rock
|move|p1a: Primarina|Moonblast|p2a: Ting-Lu
|-supereffective|p2a: Ting-Lu
|-damage|p2a: Ting-Lu|37/100
|-unboost|p2a: Ting-Lu|spa|1
|
|upkeep
|turn|2
|
|t:|1743825643
|move|p2a: Ting-Lu|Ruination|p1a: Primarina|[miss]
|-miss|p2a: Ting-Lu|p1a: Primarina
|move|p1a: Primarina|Surf|p2a: Ting-Lu
|-supereffective|p2a: Ting-Lu
|-damage|p2a: Ting-Lu|0 fnt
|faint|p2a: Ting-Lu
|
|upkeep
|
|t:|1743825649
|switch|p2a: Gholdengo|Gholdengo|100/100
|turn|3
|
|t:|1743825654
|move|p2a: Gholdengo|Make It Rain|p1a: Primarina
|-damage|p1a: Primarina|61/100
|-unboost|p2a: Gholdengo|spa|1
|move|p1a: Primarina|Surf|p2a: Gholdengo
|-damage|p2a: Gholdengo|38/100
|
|upkeep
|turn|4
|
|t:|1743825661
|move|p2a: Gholdengo|Make It Rain|p1a: Primarina
|-damage|p1a: Primarina|35/100
|-unboost|p2a: Gholdengo|spa|1
|move|p1a: Primarina|Surf|p2a: Gholdengo
|-damage|p2a: Gholdengo|0 fnt
|faint|p2a: Gholdengo
|
|upkeep
|
|t:|1743825664
|switch|p2a: Dragonite|Dragonite, M|100/100
|turn|5
|
|t:|1743825674
|move|p2a: Dragonite|Earthquake|p1a: Primarina
|-damage|p1a: Primarina|0 fnt
|faint|p1a: Primarina
|
|upkeep
|
|t:|1743825695
|switch|p1a: Iron Valiant|Iron Valiant|100/100
|-damage|p1a: Iron Valiant|94/100|[from] Stealth Rock
|-enditem|p1a: Iron Valiant|Booster Energy
|-activate|p1a: Iron Valiant|ability: Quark Drive|[fromitem]
|-start|p1a: Iron Valiant|quarkdrivespe
|turn|6
|
|t:|1743825721
|switch|p2a: Iron Moth|Iron Moth|100/100
|-enditem|p2a: Iron Moth|Booster Energy
|-activate|p2a: Iron Moth|ability: Quark Drive|[fromitem]
|-start|p2a: Iron Moth|quarkdrivespe
|move|p1a: Iron Valiant|Moonblast|p2a: Iron Moth
|-resisted|p2a: Iron Moth
|-damage|p2a: Iron Moth|88/100
|-unboost|p2a: Iron Moth|spa|1
|
|upkeep
|turn|7
|
|t:|1743825733
|move|p1a: Iron Valiant|Shadow Ball|p2a: Iron Moth
|-damage|p2a: Iron Moth|61/100
|move|p2a: Iron Moth|Fiery Dance|p1a: Iron Valiant
|-damage|p1a: Iron Valiant|43/100
|-boost|p2a: Iron Moth|spa|1
|
|upkeep
|turn|8
|
|t:|1743825747
|move|p1a: Iron Valiant|Shadow Ball|p2a: Iron Moth
|-damage|p2a: Iron Moth|32/100
|move|p2a: Iron Moth|Fiery Dance|p1a: Iron Valiant
|-damage|p1a: Iron Valiant|0 fnt
|faint|p1a: Iron Valiant
|-end|p1a: Iron Valiant|Quark Drive|[silent]
|
|upkeep
|
|t:|1743825759
|switch|p1a: Zamazenta|Zamazenta|100/100
|-damage|p1a: Zamazenta|94/100|[from] Stealth Rock
|-ability|p1a: Zamazenta|Dauntless Shield|boost
|-boost|p1a: Zamazenta|def|1
|turn|9
|
|t:|1743825764
|move|p2a: Iron Moth|Dazzling Gleam|p1a: Zamazenta
|-supereffective|p1a: Zamazenta
|-damage|p1a: Zamazenta|41/100
|move|p1a: Zamazenta|Close Combat|p2a: Iron Moth
|-resisted|p2a: Iron Moth
|-damage|p2a: Iron Moth|0 fnt
|-unboost|p1a: Zamazenta|def|1
|-unboost|p1a: Zamazenta|spd|1
|faint|p2a: Iron Moth
|-end|p2a: Iron Moth|Quark Drive|[silent]
|
|upkeep
|
|t:|1743825774
|switch|p2a: Iron Valiant|Iron Valiant|100/100
|-enditem|p2a: Iron Valiant|Booster Energy
|-activate|p2a: Iron Valiant|ability: Quark Drive|[fromitem]
|-start|p2a: Iron Valiant|quarkdrivespe
|turn|10
|
|t:|1743825781
|move|p2a: Iron Valiant|Moonblast|p1a: Zamazenta
|-supereffective|p1a: Zamazenta
|-damage|p1a: Zamazenta|0 fnt
|faint|p1a: Zamazenta
|
|upkeep
|
|t:|1743825786
|switch|p1a: Enamorus|Enamorus, F|100/100
|-damage|p1a: Enamorus|76/100|[from] Stealth Rock
|turn|11
|
|t:|1743825798
|move|p2a: Iron Valiant|Moonblast|p1a: Enamorus
|-damage|p1a: Enamorus|10/100
|move|p1a: Enamorus|Moonblast|p2a: Iron Valiant
|-supereffective|p2a: Iron Valiant
|-damage|p2a: Iron Valiant|0 fnt
|faint|p2a: Iron Valiant
|-end|p2a: Iron Valiant|Quark Drive|[silent]
|
|upkeep
|
|t:|1743825808
|switch|p2a: Dragonite|Dragonite, M|100/100
|turn|12
|
|t:|1743825814
|move|p2a: Dragonite|Extreme Speed|p1a: Enamorus
|-crit|p1a: Enamorus
|-damage|p1a: Enamorus|0 fnt
|faint|p1a: Enamorus
|
|upkeep
|
|t:|1743825817
|switch|p1a: Iron Treads|Iron Treads|100/100
|turn|13
|
|t:|1743825839
|move|p1a: Iron Treads|Rapid Spin|p2a: Dragonite
|-damage|p2a: Dragonite|92/100
|-boost|p1a: Iron Treads|spe|1
|-sideend|p1: demixelz|Stealth Rock|[from] move: Rapid Spin|[of] p1a: Iron Treads
|move|p2a: Dragonite|Dragon Dance|p2a: Dragonite
|-boost|p2a: Dragonite|atk|1
|-boost|p2a: Dragonite|spe|1
|
|upkeep
|turn|14
|
|t:|1743825851
|-terastallize|p2a: Dragonite|Ground
|move|p1a: Iron Treads|Volt Switch|p2a: Dragonite
|-immune|p2a: Dragonite
|move|p2a: Dragonite|Earthquake|p1a: Iron Treads
|-supereffective|p1a: Iron Treads
|-damage|p1a: Iron Treads|0 fnt
|faint|p1a: Iron Treads
|-end|p1a: Iron Treads|Quark Drive|[silent]
|
|upkeep
|
|t:|1743825853
|switch|p1a: Skeledirge|Skeledirge, F|100/100
|turn|15
|
|t:|1743825857
|-terastallize|p1a: Skeledirge|Water
|move|p2a: Dragonite|Earthquake|p1a: Skeledirge
|-damage|p1a: Skeledirge|52/100
|move|p1a: Skeledirge|Will-O-Wisp|p2a: Dragonite
|-status|p2a: Dragonite|brn
|
|-heal|p1a: Skeledirge|59/100|[from] item: Leftovers
|-damage|p2a: Dragonite|86/100 brn|[from] brn
|upkeep
|turn|16
|
|t:|1743825867
|move|p2a: Dragonite|Earthquake|p1a: Skeledirge
|-damage|p1a: Skeledirge|35/100
|move|p1a: Skeledirge|Torch Song|p2a: Dragonite
|-damage|p2a: Dragonite|54/100 brn
|-boost|p1a: Skeledirge|spa|1
|
|-heal|p1a: Skeledirge|41/100|[from] item: Leftovers
|-damage|p2a: Dragonite|48/100 brn|[from] brn
|upkeep
|turn|17
|
|t:|1743825876
|move|p2a: Dragonite|Earthquake|p1a: Skeledirge
|-damage|p1a: Skeledirge|21/100
|move|p1a: Skeledirge|Slack Off|p1a: Skeledirge
|-heal|p1a: Skeledirge|71/100
|
|-heal|p1a: Skeledirge|77/100|[from] item: Leftovers
|-damage|p2a: Dragonite|41/100 brn|[from] brn
|upkeep
|turn|18
|
|t:|1743825883
|move|p2a: Dragonite|Earthquake|p1a: Skeledirge
|-damage|p1a: Skeledirge|53/100
|move|p1a: Skeledirge|Torch Song|p2a: Dragonite
|-damage|p2a: Dragonite|0 fnt
|-boost|p1a: Skeledirge|spa|1
|faint|p2a: Dragonite
|
|-heal|p1a: Skeledirge|59/100|[from] item: Leftovers
|upkeep
|
|t:|1743825885
|switch|p2a: Kyurem|Kyurem|100/100
|-ability|p2a: Kyurem|Pressure
|turn|19
|
|t:|1743825888
|move|p2a: Kyurem|Scale Shot|p1a: Skeledirge
|-damage|p1a: Skeledirge|48/100
|-damage|p1a: Skeledirge|34/100
|-damage|p1a: Skeledirge|23/100
|-damage|p1a: Skeledirge|12/100
|-hitcount|p1a: Skeledirge|4
|-unboost|p2a: Kyurem|def|1
|-boost|p2a: Kyurem|spe|1
|move|p1a: Skeledirge|Torch Song|p2a: Kyurem
|-damage|p2a: Kyurem|40/100
|-boost|p1a: Skeledirge|spa|1
|
|-heal|p1a: Skeledirge|18/100|[from] item: Leftovers
|upkeep
|turn|20
|
|t:|1743825896
|move|p2a: Kyurem|Scale Shot|p1a: Skeledirge
|-damage|p1a: Skeledirge|7/100
|-damage|p1a: Skeledirge|0 fnt
|faint|p1a: Skeledirge
|-hitcount|p1: Skeledirge|2
|
|win|Parker757
|raw|demixelz's rating: 1508 &rarr; <strong>1485</strong><br />(-23 for losing)
|raw|Parker757's rating: 1458 &rarr; <strong>1481</strong><br />(+23 for winning)
|l|☆Parker757
|player|p2|
|l|☆demixelz
|player|p1|
