|j|☆PciniThe
|j|☆mikesaidheep
|t:|1743933662
|gametype|singles
|player|p1|PciniThe|steven|1112
|player|p2|mikesaidheep|169|1076
|teamsize|p1|6
|teamsize|p2|6
|gen|9
|tier|[Gen 9] OU
|rated|
|rule|HP Percentage Mod: HP is shown in percentages
|rule|Endless Battle Clause: Forcing endless battles is banned
|rule|Species Clause: Limit one of each Pokémon
|rule|OHKO Clause: OHKO moves are banned
|rule|Evasion Items Clause: Evasion items are banned
|rule|Evasion Moves Clause: Evasion moves are banned
|rule|Sleep Moves Clause: Sleep-inducing moves are banned
|clearpoke
|poke|p1|Barraskewda, F|
|poke|p1|Pelipper, F|
|poke|p1|Brute Bonnet|
|poke|p1|Zapdos|
|poke|p1|Volcanion|
|poke|p1|Ogerpon-Wellspring, F|
|poke|p2|Dragonite, M|
|poke|p2|Ting-Lu|
|poke|p2|Iron Moth|
|poke|p2|Iron Valiant|
|poke|p2|Kyurem|
|poke|p2|Gholdengo|
|teampreview
|inactive|Battle timer is ON: inactive players will automatically lose when time's up. (requested by PciniThe)
|
|t:|1743933675
|start
|switch|p1a: Pelipper|Pelipper, F, shiny|100/100
|switch|p2a: Ting-Lu|Ting-Lu|100/100
|-ability|p2a: Ting-Lu|Vessel of Ruin
|-weather|RainDance|[from] ability: Drizzle|[of] p1a: Pelipper
|turn|1
|
|t:|1743933686
|move|p2a: Ting-Lu|Stealth Rock|p1a: Pelipper
|-sidestart|p1: PciniThe|move: Stealth Rock
|move|p1a: Pelipper|Hydro Pump|p2a: Ting-Lu
|-supereffective|p2a: Ting-Lu
|-damage|p2a: Ting-Lu|31/100
|
|-weather|RainDance|[upkeep]
|upkeep
|turn|2
|inactive|mikesaidheep has 120 seconds left.
|
|t:|1743933720
|move|p2a: Ting-Lu|Ruination|p1a: Pelipper
|-damage|p1a: Pelipper|50/100
|move|p1a: Pelipper|Hydro Pump|p2a: Ting-Lu
|-supereffective|p2a: Ting-Lu
|-damage|p2a: Ting-Lu|0 fnt
|faint|p2a: Ting-Lu
|
|-weather|RainDance|[upkeep]
|-heal|p1a: Pelipper|57/100|[from] item: Leftovers
|upkeep
|inactive|mikesaidheep has 120 seconds left.
|
|t:|1743933732
|switch|p2a: Iron Moth|Iron Moth|100/100
|-enditem|p2a: Iron Moth|Booster Energy
|-activate|p2a: Iron Moth|ability: Quark Drive|[fromitem]
|-start|p2a: Iron Moth|quarkdrivespe
|turn|3
|inactive|mikesaidheep has 120 seconds left.
|
|t:|1743933739
|move|p2a: Iron Moth|Sludge Wave|p1a: Pelipper
|-damage|p1a: Pelipper|0 fnt
|faint|p1a: Pelipper
|
|-weather|RainDance|[upkeep]
|upkeep
|
|t:|1743933743
|switch|p1a: Barraskewda|Barraskewda, F, shiny|100/100
|-damage|p1a: Barraskewda|88/100|[from] Stealth Rock
|turn|4
|
|t:|1743933748
|move|p1a: Barraskewda|Flip Turn|p2a: Iron Moth
|-supereffective|p2a: Iron Moth
|-damage|p2a: Iron Moth|0 fnt
|faint|p2a: Iron Moth
|-end|p2a: Iron Moth|Quark Drive|[silent]
|
|t:|1743933752
|switch|p1a: Brute Bonnet|Brute Bonnet, shiny|100/100|[from] Flip Turn
|-damage|p1a: Brute Bonnet|88/100|[from] Stealth Rock
|-enditem|p1a: Brute Bonnet|Booster Energy
|-activate|p1a: Brute Bonnet|ability: Protosynthesis|[fromitem]
|-start|p1a: Brute Bonnet|protosynthesisatk
|
|-weather|RainDance|[upkeep]
|upkeep
|
|t:|1743933763
|switch|p2a: Dragonite|Dragonite, M|100/100
|turn|5
|
|t:|1743933768
|move|p1a: Brute Bonnet|Sucker Punch|p2a: Dragonite
|-damage|p2a: Dragonite|72/100
|move|p2a: Dragonite|Ice Spinner|p1a: Brute Bonnet
|-supereffective|p1a: Brute Bonnet
|-damage|p1a: Brute Bonnet|41/100
|
|-weather|none
|upkeep
|turn|6
|
|t:|1743933777
|-end|p1a: Brute Bonnet|Protosynthesis|[silent]
|switch|p1a: Barraskewda|Barraskewda, F, shiny|88/100
|-damage|p1a: Barraskewda|76/100|[from] Stealth Rock
|move|p2a: Dragonite|Ice Spinner|p1a: Barraskewda
|-resisted|p1a: Barraskewda
|-damage|p1a: Barraskewda|48/100
|
|upkeep
|turn|7
|inactive|mikesaidheep has 120 seconds left.
|inactive|mikesaidheep has 90 seconds left.
|
|t:|1743933842
|move|p2a: Dragonite|Extreme Speed|p1a: Barraskewda
|-damage|p1a: Barraskewda|0 fnt
|faint|p1a: Barraskewda
|
|upkeep
|
|t:|1743933857
|switch|p1a: Zapdos|Zapdos, shiny|100/100
|turn|8
|inactive|mikesaidheep has 90 seconds left.
|
|t:|1743933897
|switch|p2a: Kyurem|Kyurem|100/100
|-ability|p2a: Kyurem|Pressure
|move|p1a: Zapdos|Volt Switch|p2a: Kyurem
|-resisted|p2a: Kyurem
|-damage|p2a: Kyurem|85/100
|
|t:|1743933909
|switch|p1a: Volcanion|Volcanion|100/100|[from] Volt Switch
|
|upkeep
|turn|9
|inactive|mikesaidheep has 60 seconds left.
|
|t:|1743933936
|move|p2a: Kyurem|Scale Shot|p1a: Volcanion|[miss]
|-miss|p2a: Kyurem|p1a: Volcanion
|move|p1a: Volcanion|Flamethrower|p2a: Kyurem
|-damage|p2a: Kyurem|33/100
|
|upkeep
|turn|10
|inactive|mikesaidheep has 60 seconds left.
|inactive|mikesaidheep has 30 seconds left.
|
|t:|1743933977
|move|p2a: Kyurem|Scale Shot|p1a: Volcanion
|-damage|p1a: Volcanion|90/100
|-damage|p1a: Volcanion|77/100
|-damage|p1a: Volcanion|65/100
|-damage|p1a: Volcanion|54/100
|-hitcount|p1a: Volcanion|4
|-unboost|p2a: Kyurem|def|1
|-boost|p2a: Kyurem|spe|1
|move|p1a: Volcanion|Flamethrower|p2a: Kyurem
|-damage|p2a: Kyurem|0 fnt
|faint|p2a: Kyurem
|
|upkeep
|inactive|mikesaidheep has 30 seconds left this turn.
|inactive|mikesaidheep has 20 seconds left.
|
|t:|1743933987
|switch|p2a: Dragonite|Dragonite, M|72/100
|turn|11
|inactive|mikesaidheep has 30 seconds left this turn.
|
|t:|1743933998
|move|p2a: Dragonite|Dragon Dance|p2a: Dragonite
|-boost|p2a: Dragonite|atk|1
|-boost|p2a: Dragonite|spe|1
|move|p1a: Volcanion|Steam Eruption|p2a: Dragonite
|-resisted|p2a: Dragonite
|-damage|p2a: Dragonite|40/100
|
|upkeep
|turn|12
|inactive|mikesaidheep has 30 seconds left.
|
|t:|1743934009
|move|p2a: Dragonite|Earthquake|p1a: Volcanion
|-supereffective|p1a: Volcanion
|-damage|p1a: Volcanion|0 fnt
|faint|p1a: Volcanion
|
|upkeep
|inactive|mikesaidheep has 30 seconds left this turn.
|
|t:|1743934015
|switch|p1a: Zapdos|Zapdos, shiny|100/100
|turn|13
|inactive|mikesaidheep has 30 seconds left.
|
|t:|1743934035
|-terastallize|p2a: Dragonite|Ground
|-terastallize|p1a: Zapdos|Fire
|move|p2a: Dragonite|Ice Spinner|p1a: Zapdos
|-resisted|p1a: Zapdos
|-damage|p1a: Zapdos|74/100
|move|p1a: Zapdos|Volt Switch|p2a: Dragonite
|-immune|p2a: Dragonite
|
|upkeep
|turn|14
|inactive|mikesaidheep has 30 seconds left.
|
|t:|1743934054
|switch|p1a: Brute Bonnet|Brute Bonnet, shiny|41/100
|-damage|p1a: Brute Bonnet|29/100|[from] Stealth Rock
|move|p2a: Dragonite|Earthquake|p1a: Brute Bonnet
|-resisted|p1a: Brute Bonnet
|-damage|p1a: Brute Bonnet|0 fnt
|faint|p1a: Brute Bonnet
|-end|p1a: Brute Bonnet|Protosynthesis|[silent]
|
|upkeep
|inactive|mikesaidheep has 30 seconds left this turn.
|
|t:|1743934059
|switch|p1a: Ogerpon|Ogerpon-Wellspring, F|100/100
|-damage|p1a: Ogerpon|88/100|[from] Stealth Rock
|turn|15
|inactive|mikesaidheep has 30 seconds left.
|inactive|mikesaidheep has 20 seconds left.
|
|t:|1743934080
|move|p2a: Dragonite|Extreme Speed|p1a: Ogerpon
|-damage|p1a: Ogerpon|37/100
|move|p1a: Ogerpon|Rain Dance|p1a: Ogerpon
|-weather|RainDance
|
|-weather|RainDance|[upkeep]
|upkeep
|turn|16
|inactive|mikesaidheep has 30 seconds left this turn.
|
|t:|1743934087
|move|p2a: Dragonite|Extreme Speed|p1a: Ogerpon
|-damage|p1a: Ogerpon|0 fnt
|faint|p1a: Ogerpon
|
|-weather|RainDance|[upkeep]
|upkeep
|inactive|mikesaidheep has 30 seconds left this turn.
|
|t:|1743934090
|switch|p1a: Zapdos|Zapdos, shiny, tera:Fire|74/100
|turn|17
|
|t:|1743934094
|move|p2a: Dragonite|Earthquake|p1a: Zapdos
|-supereffective|p1a: Zapdos
|-crit|p1a: Zapdos
|-damage|p1a: Zapdos|0 fnt
|faint|p1a: Zapdos
|
|win|mikesaidheep
|raw|PciniThe's rating: 1112 &rarr; <strong>1084</strong><br />(-28 for losing)
|raw|mikesaidheep's rating: 1076 &rarr; <strong>1108</strong><br />(+32 for winning)
|l|☆PciniThe
|player|p1|
|l|☆mikesaidheep
|player|p2|
