|j|☆Da Nuclear ♡
|j|☆MiltankHater97
|t:|1743786536
|gametype|singles
|player|p1|Da Nuclear ♡|cynthia-masters|1244
|player|p2|MiltankHater97|ethan|1264
|teamsize|p1|6
|teamsize|p2|6
|gen|9
|tier|[Gen 9] OU
|rated|
|rule|HP Percentage Mod: HP is shown in percentages
|rule|Endless Battle Clause: Forcing endless battles is banned
|rule|Species Clause: Limit one of each Pokémon
|rule|OHKO Clause: OHKO moves are banned
|rule|Evasion Items Clause: Evasion items are banned
|rule|Evasion Moves Clause: Evasion moves are banned
|rule|Sleep Moves Clause: Sleep-inducing moves are banned
|clearpoke
|poke|p1|Ribombee, F|
|poke|p1|Cinderace, M|
|poke|p1|Malamar, M|
|poke|p1|Serperior, M|
|poke|p1|Kingambit, M|
|poke|p1|Empoleon, M|
|poke|p2|Thundurus, M|
|poke|p2|Skarmory, F|
|poke|p2|Primarina, F|
|poke|p2|Ursaluna, F|
|poke|p2|Kyurem|
|poke|p2|Cinderace, F|
|teampreview
|
|t:|1743786551
|start
|switch|p1a: Honeypie|Ribombee, F|100/100
|switch|p2a: Skarmory|Skarmory, F, shiny|100/100
|turn|1
|
|t:|1743786557
|move|p1a: Honeypie|Stun Spore|p2a: Skarmory
|-status|p2a: Skarmory|par
|move|p2a: Skarmory|Stealth Rock|p1a: Honeypie
|-sidestart|p1: Da Nuclear ♡|move: Stealth Rock
|
|upkeep
|turn|2
|
|t:|1743786560
|move|p1a: Honeypie|Sticky Web|p2a: Skarmory
|-sidestart|p2: MiltankHater97|move: Sticky Web
|cant|p2a: Skarmory|par
|
|upkeep
|turn|3
|
|t:|1743786565
|move|p1a: Honeypie|Pounce|p2a: Skarmory
|-resisted|p2a: Skarmory
|-damage|p2a: Skarmory|98/100 par
|-unboost|p2a: Skarmory|spe|1
|-damage|p1a: Honeypie|84/100|[from] item: Rocky Helmet|[of] p2a: Skarmory
|move|p2a: Skarmory|Brave Bird|p1a: Honeypie
|-supereffective|p1a: Honeypie
|-damage|p1a: Honeypie|0 fnt
|faint|p1a: Honeypie
|-damage|p2a: Skarmory|71/100 par|[from] Recoil
|
|upkeep
|
|t:|1743786577
|switch|p1a: Swappin' Around|Cinderace, M, shiny|100/100
|turn|4
|
|t:|1743786581
|move|p1a: Swappin' Around|Court Change|p1a: Swappin' Around
|-start|p1a: Swappin' Around|typechange|Normal|[from] ability: Libero
|-swapsideconditions
|-activate|p1a: Swappin' Around|move: Court Change
|cant|p2a: Skarmory|par
|
|upkeep
|turn|5
|
|t:|1743786586
|move|p1a: Swappin' Around|Pyro Ball|p2a: Skarmory|[miss]
|-miss|p1a: Swappin' Around|p2a: Skarmory
|cant|p2a: Skarmory|par
|
|upkeep
|turn|6
|c|☆Da Nuclear ♡|wow
|c|☆Da Nuclear ♡|this is incredible gameplay
|
|t:|1743786601
|move|p1a: Swappin' Around|Pyro Ball|p2a: Skarmory
|-supereffective|p2a: Skarmory
|-damage|p2a: Skarmory|17/100 par
|move|p2a: Skarmory|Body Press|p1a: Swappin' Around
|-supereffective|p1a: Swappin' Around
|-damage|p1a: Swappin' Around|7/100
|
|upkeep
|turn|7
|
|t:|1743786606
|move|p1a: Swappin' Around|Pyro Ball|p2a: Skarmory
|-supereffective|p2a: Skarmory
|-damage|p2a: Skarmory|0 fnt
|faint|p2a: Skarmory
|
|upkeep
|
|t:|1743786613
|switch|p2a: Cinderace|Cinderace, F, shiny|100/100
|turn|8
|
|t:|1743786616
|move|p2a: Cinderace|Sucker Punch|p1a: Swappin' Around
|-start|p2a: Cinderace|typechange|Dark|[from] ability: Libero
|-damage|p1a: Swappin' Around|0 fnt
|faint|p1a: Swappin' Around
|
|upkeep
|
|t:|1743786619
|switch|p1a: Squidward|Malamar, M, shiny|100/100
|-activate|p1a: Squidward|move: Sticky Web
|-boost|p1a: Squidward|spe|1
|turn|9
|
|t:|1743786627
|-terastallize|p1a: Squidward|Steel
|move|p1a: Squidward|Superpower|p2a: Cinderace
|-supereffective|p2a: Cinderace
|-damage|p2a: Cinderace|11/100
|-boost|p1a: Squidward|atk|1
|-boost|p1a: Squidward|def|1
|move|p2a: Cinderace|Pyro Ball|p1a: Squidward
|-supereffective|p1a: Squidward
|-damage|p1a: Squidward|35/100
|
|-heal|p1a: Squidward|41/100|[from] item: Leftovers
|upkeep
|turn|10
|
|t:|1743786637
|move|p2a: Cinderace|Sucker Punch|p1a: Squidward
|-damage|p1a: Squidward|14/100
|move|p1a: Squidward|Superpower|p2a: Cinderace
|-supereffective|p2a: Cinderace
|-crit|p2a: Cinderace
|-damage|p2a: Cinderace|0 fnt
|-boost|p1a: Squidward|atk|1
|-boost|p1a: Squidward|def|1
|faint|p2a: Cinderace
|
|-heal|p1a: Squidward|20/100|[from] item: Leftovers
|upkeep
|
|t:|1743786643
|switch|p2a: Thundurus|Thundurus, M, shiny|100/100
|turn|11
|
|t:|1743786647
|move|p2a: Thundurus|Thunder Wave|p1a: Squidward
|-status|p1a: Squidward|par
|move|p1a: Squidward|Throat Chop|p2a: Thundurus
|-damage|p2a: Thundurus|17/100
|-start|p2a: Thundurus|Throat Chop|[silent]
|
|-heal|p1a: Squidward|26/100 par|[from] item: Leftovers
|upkeep
|turn|12
|
|t:|1743786654
|move|p2a: Thundurus|Wildbolt Storm|p1a: Squidward
|-damage|p1a: Squidward|0 fnt
|faint|p1a: Squidward
|
|-end|p2a: Thundurus|Throat Chop|[silent]
|upkeep
|
|t:|1743786658
|switch|p1a: Snek|Serperior, M, shiny|100/100
|-activate|p1a: Snek|move: Sticky Web
|-boost|p1a: Snek|spe|1
|turn|13
|
|t:|1743786662
|move|p1a: Snek|Leaf Storm|p2a: Thundurus
|-resisted|p2a: Thundurus
|-damage|p2a: Thundurus|0 fnt
|-boost|p1a: Snek|spa|2
|faint|p2a: Thundurus
|-damage|p1a: Snek|91/100|[from] item: Life Orb
|
|upkeep
|
|t:|1743786665
|switch|p2a: Kyurem|Kyurem, shiny|100/100
|-damage|p2a: Kyurem|76/100|[from] Stealth Rock
|-ability|p2a: Kyurem|Pressure
|turn|14
|
|t:|1743786669
|move|p1a: Snek|Dragon Pulse|p2a: Kyurem
|-supereffective|p2a: Kyurem
|-damage|p2a: Kyurem|0 fnt
|faint|p2a: Kyurem
|-damage|p1a: Snek|81/100|[from] item: Life Orb
|
|upkeep
|
|t:|1743786673
|switch|p2a: Primarina|Primarina, F, shiny|100/100
|-damage|p2a: Primarina|88/100|[from] Stealth Rock
|turn|15
|
|t:|1743786683
|-terastallize|p2a: Primarina|Steel
|move|p1a: Snek|Leaf Storm|p2a: Primarina
|-resisted|p2a: Primarina
|-damage|p2a: Primarina|29/100
|-boost|p1a: Snek|spa|2
|-damage|p1a: Snek|71/100|[from] item: Life Orb
|move|p2a: Primarina|Ice Beam|p1a: Snek
|-supereffective|p1a: Snek
|-damage|p1a: Snek|0 fnt
|faint|p1a: Snek
|
|-heal|p2a: Primarina|35/100|[from] item: Leftovers
|upkeep
|
|t:|1743786691
|switch|p1a: Mr. Emperor|Empoleon, M|100/100
|-activate|p1a: Mr. Emperor|move: Sticky Web
|-unboost|p1a: Mr. Emperor|spe|1
|-ability|p1a: Mr. Emperor|Competitive|boost
|-boost|p1a: Mr. Emperor|spa|2
|turn|16
|
|t:|1743786698
|move|p2a: Primarina|Surf|p1a: Mr. Emperor
|-resisted|p1a: Mr. Emperor
|-damage|p1a: Mr. Emperor|84/100
|move|p1a: Mr. Emperor|Surf|p2a: Primarina
|-damage|p2a: Primarina|0 fnt
|faint|p2a: Primarina
|
|upkeep
|
|t:|1743786700
|switch|p2a: Ursaluna|Ursaluna, F, shiny|100/100
|-damage|p2a: Ursaluna|94/100|[from] Stealth Rock
|turn|17
|
|t:|1743786705
|move|p2a: Ursaluna|Headlong Rush|p1a: Mr. Emperor
|-supereffective|p1a: Mr. Emperor
|-damage|p1a: Mr. Emperor|0 fnt
|-unboost|p2a: Ursaluna|def|1
|-unboost|p2a: Ursaluna|spd|1
|faint|p1a: Mr. Emperor
|
|-status|p2a: Ursaluna|brn|[from] item: Flame Orb
|upkeep
|
|t:|1743786708
|switch|p1a: Chess Enjoyer|Kingambit, M|100/100
|-activate|p1a: Chess Enjoyer|move: Sticky Web
|-unboost|p1a: Chess Enjoyer|spe|1
|-ability|p1a: Chess Enjoyer|Defiant|boost
|-boost|p1a: Chess Enjoyer|atk|2
|turn|18
|
|t:|1743786712
|move|p1a: Chess Enjoyer|Sucker Punch|p2a: Ursaluna
|-damage|p2a: Ursaluna|0 fnt
|faint|p2a: Ursaluna
|
|win|Da Nuclear ♡
|raw|Da Nuclear ♡'s rating: 1244 &rarr; <strong>1270</strong><br />(+26 for winning)
|raw|MiltankHater97's rating: 1264 &rarr; <strong>1238</strong><br />(-26 for losing)
|l|☆MiltankHater97
|player|p2|
|c|☆Da Nuclear ♡|gg
|l|☆Da Nuclear ♡
|player|p1|
