|j|☆elviola
|j|☆darmanitanstadtium
|t:|1743911666
|gametype|singles
|player|p1|elviola|swimmer-gen4dp|1162
|player|p2|darmanitanstadtium|caitlin-masters|1113
|teamsize|p1|6
|teamsize|p2|6
|gen|9
|tier|[Gen 9] OU
|rated|
|rule|HP Percentage Mod: HP is shown in percentages
|rule|Endless Battle Clause: Forcing endless battles is banned
|rule|Species Clause: Limit one of each Pokémon
|rule|OHKO Clause: OHKO moves are banned
|rule|Evasion Items Clause: Evasion items are banned
|rule|Evasion Moves Clause: Evasion moves are banned
|rule|Sleep Moves Clause: Sleep-inducing moves are banned
|clearpoke
|poke|p1|Landorus-Therian, M|
|poke|p1|Zamazenta-*|
|poke|p1|Kingambit, F|
|poke|p1|Samurott-Hisui, F|
|poke|p1|Iron Valiant|
|poke|p1|Iron Moth|
|poke|p2|Zoroark-Hisui, F|
|poke|p2|Lilligant-Hisui, F|
|poke|p2|Kleavor, F|
|poke|p2|Samurott-Hisui, M|
|poke|p2|Ursaluna, F|
|poke|p2|Enamorus, F|
|teampreview
|
|t:|1743911679
|start
|switch|p1a: Landorus|Landorus-Therian, M|100/100
|switch|p2a: Seamus|Samurott-Hisui, M|100/100
|-ability|p1a: Landorus|Intimidate|boost
|-unboost|p2a: Seamus|atk|1
|turn|1
|
|t:|1743911688
|move|p1a: Landorus|Stealth Rock|p2a: Seamus
|-sidestart|p2: darmanitanstadtium|move: Stealth Rock
|move|p2a: Seamus|Ceaseless Edge|p1a: Landorus
|-damage|p1a: Landorus|74/100
|-damage|p2a: Seamus|84/100|[from] item: Rocky Helmet|[of] p1a: Landorus
|-sidestart|p1: elviola|Spikes
|
|upkeep
|turn|2
|
|t:|1743911694
|move|p1a: Landorus|U-turn|p2a: Seamus
|-supereffective|p2a: Seamus
|-damage|p2a: Seamus|26/100
|
|t:|1743911713
|switch|p1a: Zamazenta|Zamazenta|100/100|[from] U-turn
|-damage|p1a: Zamazenta|88/100|[from] Spikes
|-ability|p1a: Zamazenta|Dauntless Shield|boost
|-boost|p1a: Zamazenta|def|1
|move|p2a: Seamus|Razor Shell|p1a: Zamazenta
|-damage|p1a: Zamazenta|69/100
|-unboost|p1a: Zamazenta|def|1
|
|-heal|p1a: Zamazenta|76/100|[from] item: Leftovers
|upkeep
|turn|3
|
|t:|1743911728
|switch|p2a: Ki Jawani|Enamorus, F|100/100
|-damage|p2a: Ki Jawani|76/100|[from] Stealth Rock
|move|p1a: Zamazenta|Iron Defense|p1a: Zamazenta
|-boost|p1a: Zamazenta|def|2
|
|-heal|p1a: Zamazenta|82/100|[from] item: Leftovers
|upkeep
|turn|4
|inactive|Battle timer is ON: inactive players will automatically lose when time's up. (requested by elviola)
|
|t:|1743911745
|move|p2a: Ki Jawani|Moonblast|p1a: Zamazenta
|-supereffective|p1a: Zamazenta
|-damage|p1a: Zamazenta|0 fnt
|faint|p1a: Zamazenta
|
|upkeep
|
|t:|1743911762
|switch|p1a: Iron Moth|Iron Moth|100/100
|-damage|p1a: Iron Moth|88/100|[from] Spikes
|-enditem|p1a: Iron Moth|Booster Energy
|-activate|p1a: Iron Moth|ability: Quark Drive|[fromitem]
|-start|p1a: Iron Moth|quarkdrivespe
|turn|5
|
|t:|1743911768
|switch|p2a: Ursinus|Ursaluna, F|100/100
|-damage|p2a: Ursinus|94/100|[from] Stealth Rock
|move|p1a: Iron Moth|Sludge Wave|p2a: Ursinus
|-resisted|p2a: Ursinus
|-damage|p2a: Ursinus|70/100
|
|-status|p2a: Ursinus|brn|[from] item: Flame Orb
|upkeep
|turn|6
|
|t:|1743911788
|move|p1a: Iron Moth|Psychic|p2a: Ursinus
|-damage|p2a: Ursinus|38/100 brn
|move|p2a: Ursinus|Facade|p1a: Iron Moth
|-damage|p1a: Iron Moth|0 fnt
|faint|p1a: Iron Moth
|-end|p1a: Iron Moth|Quark Drive|[silent]
|
|-damage|p2a: Ursinus|32/100 brn|[from] brn
|upkeep
|
|t:|1743911802
|switch|p1a: Samurott|Samurott-Hisui, F|100/100
|-damage|p1a: Samurott|88/100|[from] Spikes
|turn|7
|
|t:|1743911825
|move|p1a: Samurott|Razor Shell|p2a: Ursinus
|-supereffective|p2a: Ursinus
|-damage|p2a: Ursinus|0 fnt
|faint|p2a: Ursinus
|
|upkeep
|
|t:|1743911834
|switch|p2a: Amarru|Lilligant-Hisui, F|100/100
|-damage|p2a: Amarru|94/100|[from] Stealth Rock
|turn|8
|inactive|elviola has 120 seconds left.
|
|t:|1743911863
|switch|p1a: Landorus|Landorus-Therian, M|74/100
|-ability|p1a: Landorus|Intimidate|boost
|-unboost|p2a: Amarru|atk|1
|move|p2a: Amarru|Victory Dance|p2a: Amarru
|-boost|p2a: Amarru|atk|1
|-boost|p2a: Amarru|def|1
|-boost|p2a: Amarru|spe|1
|
|upkeep
|turn|9
|inactive|elviola has 120 seconds left.
|
|t:|1743911887
|move|p2a: Amarru|Ice Spinner|p1a: Landorus
|-supereffective|p1a: Landorus
|-damage|p1a: Landorus|0 fnt
|-damage|p2a: Amarru|78/100|[from] item: Rocky Helmet|[of] p1a: Landorus
|faint|p1a: Landorus
|
|upkeep
|inactive|elviola has 120 seconds left.
|
|t:|1743911893
|switch|p1a: Iron Valiant|Iron Valiant|100/100
|-damage|p1a: Iron Valiant|88/100|[from] Spikes
|-enditem|p1a: Iron Valiant|Booster Energy
|-activate|p1a: Iron Valiant|ability: Quark Drive|[fromitem]
|-start|p1a: Iron Valiant|quarkdrivespe
|turn|10
|inactive|elviola has 120 seconds left.
|
|t:|1743911904
|move|p1a: Iron Valiant|Psyshock|p2a: Amarru
|-supereffective|p2a: Amarru
|-damage|p2a: Amarru|24/100
|move|p2a: Amarru|Leaf Blade|p1a: Iron Valiant
|-damage|p1a: Iron Valiant|35/100
|
|upkeep
|turn|11
|
|t:|1743911913
|switch|p2a: Seamus|Samurott-Hisui, M|26/100
|move|p1a: Iron Valiant|Psyshock|p2a: Seamus
|-immune|p2a: Seamus
|
|upkeep
|turn|12
|
|t:|1743911927
|move|p2a: Seamus|Aqua Jet|p1a: Iron Valiant
|-damage|p1a: Iron Valiant|13/100
|move|p1a: Iron Valiant|Thunderbolt|p2a: Seamus
|-supereffective|p2a: Seamus
|-damage|p2a: Seamus|0 fnt
|faint|p2a: Seamus
|
|upkeep
|
|t:|1743911956
|switch|p2a: Amarru|Lilligant-Hisui, F|100/100
|-damage|p2a: Amarru|88/100|[from] Stealth Rock
|turn|13
|
|t:|1743911962
|move|p1a: Iron Valiant|Psyshock|p2a: Amarru
|-damage|p2a: Amarru|36/100
|replace|p2a: Day of the Rat|Zoroark-Hisui, F, shiny
|-end|p2a: Day of the Rat|Illusion
|move|p2a: Day of the Rat|Shadow Ball|p1a: Iron Valiant
|-damage|p1a: Iron Valiant|0 fnt
|faint|p1a: Iron Valiant
|-end|p1a: Iron Valiant|Quark Drive|[silent]
|-damage|p2a: Day of the Rat|26/100|[from] item: Life Orb
|
|upkeep
|
|t:|1743911972
|switch|p1a: Samurott|Samurott-Hisui, F|88/100
|-damage|p1a: Samurott|76/100|[from] Spikes
|turn|14
|
|t:|1743911980
|-terastallize|p2a: Day of the Rat|Fairy
|move|p2a: Day of the Rat|Tera Blast|p1a: Samurott|[anim] Tera Blast Fairy
|-supereffective|p1a: Samurott
|-damage|p1a: Samurott|0 fnt
|faint|p1a: Samurott
|-damage|p2a: Day of the Rat|16/100|[from] item: Life Orb
|
|upkeep
|
|t:|1743911987
|switch|p1a: Kingambit|Kingambit, F|100/100
|-damage|p1a: Kingambit|88/100|[from] Spikes
|-activate|p1a: Kingambit|ability: Supreme Overlord
|-start|p1a: Kingambit|fallen5|[silent]
|turn|15
|
|t:|1743911995
|move|p2a: Day of the Rat|Nasty Plot|p2a: Day of the Rat
|-boost|p2a: Day of the Rat|spa|2
|move|p1a: Kingambit|Swords Dance|p1a: Kingambit
|-boost|p1a: Kingambit|atk|2
|
|-heal|p1a: Kingambit|94/100|[from] item: Leftovers
|upkeep
|turn|16
|
|t:|1743912002
|move|p1a: Kingambit|Sucker Punch||[still]
|-fail|p1a: Kingambit
|move|p2a: Day of the Rat|Nasty Plot|p2a: Day of the Rat
|-boost|p2a: Day of the Rat|spa|2
|
|-heal|p1a: Kingambit|99/100|[from] item: Leftovers
|upkeep
|turn|17
|
|t:|1743912004
|move|p2a: Day of the Rat|Flamethrower|p1a: Kingambit
|-supereffective|p1a: Kingambit
|-damage|p1a: Kingambit|0 fnt
|faint|p1a: Kingambit
|-end|p1a: Kingambit|fallen5|[silent]
|-damage|p2a: Day of the Rat|6/100|[from] item: Life Orb
|
|win|darmanitanstadtium
|raw|elviola's rating: 1162 &rarr; <strong>1133</strong><br />(-29 for losing)
|raw|darmanitanstadtium's rating: 1113 &rarr; <strong>1142</strong><br />(+29 for winning)
|l|☆elviola
|player|p1|
