|j|☆Scizzor97
|j|☆Beastmaster Chad
|t:|1743887019
|gametype|singles
|player|p1|Scizzor97|101|1405
|player|p2|Beastmaster Chad|bruno|1454
|teamsize|p1|6
|teamsize|p2|6
|gen|9
|tier|[Gen 9] OU
|rated|
|rule|HP Percentage Mod: HP is shown in percentages
|rule|Endless Battle Clause: Forcing endless battles is banned
|rule|Species Clause: Limit one of each Pokémon
|rule|OHKO Clause: OHKO moves are banned
|rule|Evasion Items Clause: Evasion items are banned
|rule|Evasion Moves Clause: Evasion moves are banned
|rule|Sleep Moves Clause: Sleep-inducing moves are banned
|clearpoke
|poke|p1|Iron Hands|
|poke|p1|Tatsugiri-Stretchy, F|
|poke|p1|Corviknight, F|
|poke|p1|Coalossal, F|
|poke|p1|Dragapult, M|
|poke|p1|Toxicroak, M|
|poke|p2|Pecharunt|
|poke|p2|Garganacl, M|
|poke|p2|Incineroar, M|
|poke|p2|Iron Treads|
|poke|p2|Sylveon, M|
|poke|p2|Ogerpon-Wellspring, F|
|teampreview
|inactive|Battle timer is ON: inactive players will automatically lose when time's up. (requested by Scizzor97)
|inactive|Beastmaster Chad has 120 seconds left.
|
|t:|1743887066
|start
|switch|p1a: Tatsugiri|Tatsugiri-Stretchy, F, shiny|100/100
|switch|p2a: Garganacl|Garganacl, M|100/100
|turn|1
|
|t:|1743887092
|switch|p2a: Sylveon|Sylveon, M|100/100
|move|p1a: Tatsugiri|Nasty Plot|p1a: Tatsugiri
|-boost|p1a: Tatsugiri|spa|2
|
|upkeep
|turn|2
|
|t:|1743887103
|move|p1a: Tatsugiri|Surf|p2a: Sylveon
|-damage|p2a: Sylveon|42/100
|move|p2a: Sylveon|Hyper Voice|p1a: Tatsugiri
|-supereffective|p1a: Tatsugiri
|-enditem|p1a: Tatsugiri|Focus Sash
|-damage|p1a: Tatsugiri|1/100
|
|upkeep
|turn|3
|
|t:|1743887115
|switch|p2a: Ogerpon|Ogerpon-Wellspring, F|100/100
|move|p1a: Tatsugiri|Rapid Spin|p2a: Ogerpon
|-damage|p2a: Ogerpon|93/100
|-boost|p1a: Tatsugiri|spe|1
|
|upkeep
|turn|4
|inactive|Beastmaster Chad has 120 seconds left.
|
|t:|1743887130
|switch|p2a: Iron Treads|Iron Treads|100/100
|-enditem|p2a: Iron Treads|Booster Energy
|-activate|p2a: Iron Treads|ability: Quark Drive|[fromitem]
|-start|p2a: Iron Treads|quarkdrivespe
|move|p1a: Tatsugiri|Draco Meteor|p2a: Iron Treads
|-resisted|p2a: Iron Treads
|-damage|p2a: Iron Treads|5/100
|-unboost|p1a: Tatsugiri|spa|2
|
|upkeep
|turn|5
|inactive|Beastmaster Chad has 120 seconds left.
|
|t:|1743887146
|switch|p1a: Corviknight|Corviknight, F, shiny|100/100
|-ability|p1a: Corviknight|Pressure
|move|p2a: Iron Treads|Earthquake|p1a: Corviknight
|-immune|p1a: Corviknight
|
|upkeep
|turn|6
|inactive|Beastmaster Chad has 120 seconds left.
|
|t:|1743887166
|-end|p2a: Iron Treads|Quark Drive|[silent]
|switch|p2a: Incineroar|Incineroar, M|100/100
|-ability|p2a: Incineroar|Intimidate|boost
|-unboost|p1a: Corviknight|atk|1
|move|p1a: Corviknight|Brave Bird|p2a: Incineroar
|-damage|p2a: Incineroar|77/100
|-damage|p1a: Corviknight|93/100|[from] Recoil
|
|upkeep
|turn|7
|
|t:|1743887192
|switch|p1a: Coalossal|Coalossal, F, shiny|100/100
|move|p2a: Incineroar|Will-O-Wisp|p1a: Coalossal
|-immune|p1a: Coalossal
|
|upkeep
|turn|8
|
|t:|1743887197
|move|p1a: Coalossal|Meteor Beam||[still]
|-prepare|p1a: Coalossal|Meteor Beam
|-boost|p1a: Coalossal|spa|1
|-enditem|p1a: Coalossal|Power Herb
|-anim|p1a: Coalossal|Meteor Beam|p2a: Incineroar
|-supereffective|p2a: Incineroar
|-damage|p2a: Incineroar|0 fnt
|faint|p2a: Incineroar
|
|upkeep
|inactive|Beastmaster Chad has 90 seconds left.
|
|t:|1743887224
|switch|p2a: Ogerpon|Ogerpon-Wellspring, F|93/100
|turn|9
|inactive|Beastmaster Chad has 90 seconds left.
|
|t:|1743887237
|-terastallize|p1a: Coalossal|Ghost
|move|p2a: Ogerpon|Knock Off|p1a: Coalossal
|-supereffective|p1a: Coalossal
|-damage|p1a: Coalossal|61/100
|move|p1a: Coalossal|Meteor Beam||[still]
|-prepare|p1a: Coalossal|Meteor Beam
|-boost|p1a: Coalossal|spa|1
|
|upkeep
|turn|10
|inactive|Beastmaster Chad has 90 seconds left.
|
|t:|1743887265
|switch|p2a: Garganacl|Garganacl, M|100/100
|move|p1a: Coalossal|Meteor Beam|p2a: Garganacl|[from] lockedmove
|-damage|p2a: Garganacl|30/100
|
|-heal|p2a: Garganacl|37/100|[from] item: Leftovers
|upkeep
|turn|11
|
|t:|1743887275
|move|p1a: Coalossal|Scald|p2a: Garganacl
|-supereffective|p2a: Garganacl
|-damage|p2a: Garganacl|0 fnt
|faint|p2a: Garganacl
|
|upkeep
|-message|Beastmaster Chad forfeited.
|
|win|Scizzor97
|raw|Scizzor97's rating: 1405 &rarr; <strong>1428</strong><br />(+23 for winning)
|raw|Beastmaster Chad's rating: 1454 &rarr; <strong>1431</strong><br />(-23 for losing)
|l|☆Beastmaster Chad
|player|p2|
|l|☆Scizzor97
|player|p1|
