|j|☆yylz
|j|☆UCB0
|t:|1743778140
|gametype|singles
|player|p1|yylz|dawn|1192
|player|p2|UCB0|n|1228
|teamsize|p1|6
|teamsize|p2|6
|gen|9
|tier|[Gen 9] OU
|rated|
|rule|HP Percentage Mod: HP is shown in percentages
|rule|Endless Battle Clause: Forcing endless battles is banned
|rule|Species Clause: Limit one of each Pokémon
|rule|OHKO Clause: OHKO moves are banned
|rule|Evasion Items Clause: Evasion items are banned
|rule|Evasion Moves Clause: Evasion moves are banned
|rule|Sleep Moves Clause: Sleep-inducing moves are banned
|clearpoke
|poke|p1|Pelipper, M|
|poke|p1|Barraskewda, M|
|poke|p1|Zapdos|
|poke|p1|Corviknight, M|
|poke|p1|Clodsire, F|
|poke|p1|Incineroar, F|
|poke|p2|Excadrill, M|
|poke|p2|Abomasnow, M|
|poke|p2|Gastrodon-East, F|
|poke|p2|Iron Moth|
|poke|p2|Skarmory, M|
|poke|p2|Morpeko, F|
|teampreview
|
|t:|1743778146
|start
|switch|p1a: Pelipper|Pelipper, M|100/100
|switch|p2a: Gastrodon|Gastrodon-East, F|100/100
|-weather|RainDance|[from] ability: Drizzle|[of] p1a: Pelipper
|turn|1
|
|t:|1743778155
|move|p1a: Pelipper|Hurricane|p2a: Gastrodon
|-damage|p2a: Gastrodon|83/100
|move|p2a: Gastrodon|Sludge Bomb|p1a: Pelipper
|-damage|p1a: Pelipper|70/100
|-status|p1a: Pelipper|psn
|
|-weather|RainDance|[upkeep]
|-damage|p1a: Pelipper|57/100 psn|[from] psn
|upkeep
|turn|2
|
|t:|1743778165
|switch|p1a: Clodsire|Clodsire, F|100/100
|move|p2a: Gastrodon|Sludge Bomb|p1a: Clodsire
|-resisted|p1a: Clodsire
|-damage|p1a: Clodsire|97/100
|
|-weather|RainDance|[upkeep]
|-heal|p1a: Clodsire|100/100|[from] item: Leftovers
|upkeep
|turn|3
|
|t:|1743778176
|move|p1a: Clodsire|Stealth Rock|p2a: Gastrodon
|-sidestart|p2: UCB0|move: Stealth Rock
|move|p2a: Gastrodon|Ice Beam|p1a: Clodsire
|-supereffective|p1a: Clodsire
|-damage|p1a: Clodsire|72/100
|
|-weather|RainDance|[upkeep]
|-heal|p1a: Clodsire|78/100|[from] item: Leftovers
|upkeep
|turn|4
|
|t:|1743778184
|move|p1a: Clodsire|Toxic|p2a: Gastrodon
|-status|p2a: Gastrodon|tox
|move|p2a: Gastrodon|Earth Power|p1a: Clodsire
|-supereffective|p1a: Clodsire
|-damage|p1a: Clodsire|35/100
|
|-weather|RainDance|[upkeep]
|-heal|p1a: Clodsire|41/100|[from] item: Leftovers
|-damage|p2a: Gastrodon|77/100 tox|[from] psn
|upkeep
|turn|5
|
|t:|1743778194
|move|p1a: Clodsire|Recover|p1a: Clodsire
|-heal|p1a: Clodsire|91/100
|move|p2a: Gastrodon|Earth Power|p1a: Clodsire
|-supereffective|p1a: Clodsire
|-damage|p1a: Clodsire|50/100
|
|-weather|RainDance|[upkeep]
|-heal|p1a: Clodsire|56/100|[from] item: Leftovers
|-damage|p2a: Gastrodon|65/100 tox|[from] psn
|upkeep
|turn|6
|
|t:|1743778212
|switch|p2a: Morpeko|Morpeko, F, shiny|100/100
|move|p1a: Clodsire|Recover|p1a: Clodsire
|-heal|p1a: Clodsire|100/100
|
|-weather|RainDance|[upkeep]
|-formechange|p2a: Morpeko|Morpeko-Hangry||[from] ability: Hunger Switch
|upkeep
|turn|7
|
|t:|1743778223
|move|p2a: Morpeko|Rapid Spin|p1a: Clodsire
|-damage|p1a: Clodsire|84/100
|-boost|p2a: Morpeko|spe|1
|-sideend|p2: UCB0|Stealth Rock|[from] move: Rapid Spin|[of] p2a: Morpeko
|move|p1a: Clodsire|Toxic|p2a: Morpeko
|-status|p2a: Morpeko|tox
|
|-weather|RainDance|[upkeep]
|-heal|p1a: Clodsire|91/100|[from] item: Leftovers
|-damage|p2a: Morpeko|94/100 tox|[from] psn
|-formechange|p2a: Morpeko|Morpeko||[from] ability: Hunger Switch
|upkeep
|turn|8
|
|t:|1743778235
|move|p2a: Morpeko|Parting Shot|p1a: Clodsire
|-unboost|p1a: Clodsire|atk|1
|-unboost|p1a: Clodsire|spa|1
|
|t:|1743778242
|switch|p2a: Abomasnow|Abomasnow, M, shiny|100/100|[from] Parting Shot
|-weather|Snowscape|[from] ability: Snow Warning|[of] p2a: Abomasnow
|move|p1a: Clodsire|Stealth Rock|p2a: Abomasnow
|-sidestart|p2: UCB0|move: Stealth Rock
|
|-weather|Snowscape|[upkeep]
|-heal|p1a: Clodsire|97/100|[from] item: Leftovers
|upkeep
|turn|9
|
|t:|1743778254
|move|p2a: Abomasnow|Icicle Spear|p1a: Clodsire
|-supereffective|p1a: Clodsire
|-damage|p1a: Clodsire|70/100
|-supereffective|p1a: Clodsire
|-damage|p1a: Clodsire|45/100
|-supereffective|p1a: Clodsire
|-damage|p1a: Clodsire|18/100
|-supereffective|p1a: Clodsire
|-damage|p1a: Clodsire|0 fnt
|faint|p1a: Clodsire
|-hitcount|p1: Clodsire|4
|
|-weather|Snowscape|[upkeep]
|upkeep
|
|t:|1743778269
|switch|p1a: Corviknight|Corviknight, M, shiny|100/100
|-ability|p1a: Corviknight|Pressure
|turn|10
|
|t:|1743778274
|switch|p2a: Skarmory|Skarmory, M|100/100
|-damage|p2a: Skarmory|88/100|[from] Stealth Rock
|move|p1a: Corviknight|Body Press|p2a: Skarmory
|-damage|p2a: Skarmory|74/100
|-damage|p1a: Corviknight|84/100|[from] item: Rocky Helmet|[of] p2a: Skarmory
|
|-weather|Snowscape|[upkeep]
|upkeep
|turn|11
|
|t:|1743778292
|switch|p1a: Incineroar|Incineroar, F, shiny|100/100
|-ability|p1a: Incineroar|Intimidate|boost
|-unboost|p2a: Skarmory|atk|1
|move|p2a: Skarmory|Iron Defense|p2a: Skarmory
|-boost|p2a: Skarmory|def|2
|
|-weather|Snowscape|[upkeep]
|upkeep
|turn|12
|
|t:|1743778301
|move|p2a: Skarmory|Body Press|p1a: Incineroar
|-supereffective|p1a: Incineroar
|-damage|p1a: Incineroar|21/100
|move|p1a: Incineroar|Will-O-Wisp|p2a: Skarmory
|-status|p2a: Skarmory|brn
|
|-weather|none
|-damage|p2a: Skarmory|68/100 brn|[from] brn
|upkeep
|turn|13
|
|t:|1743778310
|move|p2a: Skarmory|Body Press|p1a: Incineroar
|-supereffective|p1a: Incineroar
|-damage|p1a: Incineroar|0 fnt
|faint|p1a: Incineroar
|
|-damage|p2a: Skarmory|62/100 brn|[from] brn
|upkeep
|
|t:|1743778315
|switch|p1a: Corviknight|Corviknight, M, shiny|84/100
|-ability|p1a: Corviknight|Pressure
|turn|14
|
|t:|1743778321
|move|p2a: Skarmory|Iron Defense|p2a: Skarmory
|-boost|p2a: Skarmory|def|2
|move|p1a: Corviknight|Roost|p1a: Corviknight
|-heal|p1a: Corviknight|100/100
|-singleturn|p1a: Corviknight|move: Roost
|
|-damage|p2a: Skarmory|56/100 brn|[from] brn
|upkeep
|turn|15
|
|t:|1743778330
|move|p2a: Skarmory|Iron Defense|p2a: Skarmory
|-boost|p2a: Skarmory|def|2
|move|p1a: Corviknight|Roost||[still]
|-fail|p1a: Corviknight|heal
|
|-damage|p2a: Skarmory|50/100 brn|[from] brn
|upkeep
|turn|16
|inactive|Battle timer is ON: inactive players will automatically lose when time's up. (requested by yylz)
|
|t:|1743778339
|move|p2a: Skarmory|Body Press|p1a: Corviknight
|-damage|p1a: Corviknight|60/100
|-damage|p2a: Skarmory|34/100 brn|[from] item: Rocky Helmet|[of] p1a: Corviknight
|move|p1a: Corviknight|Roost|p1a: Corviknight
|-heal|p1a: Corviknight|100/100
|-singleturn|p1a: Corviknight|move: Roost
|
|-damage|p2a: Skarmory|28/100 brn|[from] brn
|upkeep
|turn|17
|
|t:|1743778350
|switch|p1a: Zapdos|Zapdos, shiny|100/100
|move|p2a: Skarmory|Stealth Rock|p1a: Zapdos
|-sidestart|p1: yylz|move: Stealth Rock
|
|-damage|p2a: Skarmory|22/100 brn|[from] brn
|upkeep
|turn|18
|
|t:|1743778362
|move|p1a: Zapdos|Hurricane|p2a: Skarmory
|-resisted|p2a: Skarmory
|-damage|p2a: Skarmory|0 fnt
|faint|p2a: Skarmory
|
|upkeep
|
|t:|1743778368
|switch|p2a: Morpeko|Morpeko, F, shiny|94/100 tox
|turn|19
|
|t:|1743778373
|move|p1a: Zapdos|Volt Switch|p2a: Morpeko
|-resisted|p2a: Morpeko
|-damage|p2a: Morpeko|58/100 tox
|
|t:|1743778377
|switch|p1a: Pelipper|Pelipper, M|57/100 psn|[from] Volt Switch
|-damage|p1a: Pelipper|33/100 psn|[from] Stealth Rock
|-weather|RainDance|[from] ability: Drizzle|[of] p1a: Pelipper
|move|p2a: Morpeko|Rapid Spin|p1a: Pelipper
|-damage|p1a: Pelipper|22/100 psn
|-boost|p2a: Morpeko|spe|1
|-sideend|p2: UCB0|Stealth Rock|[from] move: Rapid Spin|[of] p2a: Morpeko
|
|-weather|RainDance|[upkeep]
|-damage|p2a: Morpeko|52/100 tox|[from] psn
|-damage|p1a: Pelipper|10/100 psn|[from] psn
|-formechange|p2a: Morpeko|Morpeko-Hangry||[from] ability: Hunger Switch
|upkeep
|turn|20
|
|t:|1743778391
|switch|p1a: Corviknight|Corviknight, M, shiny|100/100
|-damage|p1a: Corviknight|88/100|[from] Stealth Rock
|-ability|p1a: Corviknight|Pressure
|move|p2a: Morpeko|Aura Wheel|p1a: Corviknight
|-damage|p1a: Corviknight|59/100
|-boost|p2a: Morpeko|spe|1
|
|-weather|RainDance|[upkeep]
|-damage|p2a: Morpeko|39/100 tox|[from] psn
|-formechange|p2a: Morpeko|Morpeko||[from] ability: Hunger Switch
|upkeep
|turn|21
|
|t:|1743778405
|move|p2a: Morpeko|Parting Shot|p1a: Corviknight
|-unboost|p1a: Corviknight|atk|1
|-unboost|p1a: Corviknight|spa|1
|
|t:|1743778409
|switch|p2a: Abomasnow|Abomasnow, M, shiny|100/100|[from] Parting Shot
|-weather|Snowscape|[from] ability: Snow Warning|[of] p2a: Abomasnow
|move|p1a: Corviknight|Defog|p2a: Abomasnow
|-unboost|p2a: Abomasnow|evasion|1
|-sideend|p1: yylz|Stealth Rock|[from] move: Defog|[of] p1a: Corviknight
|
|-weather|Snowscape|[upkeep]
|upkeep
|turn|22
|
|t:|1743778419
|move|p2a: Abomasnow|Icicle Spear|p1a: Corviknight
|-damage|p1a: Corviknight|52/100
|-damage|p1a: Corviknight|45/100
|-damage|p1a: Corviknight|38/100
|-damage|p1a: Corviknight|31/100
|-damage|p1a: Corviknight|23/100
|-hitcount|p1a: Corviknight|5
|move|p1a: Corviknight|Roost|p1a: Corviknight
|-heal|p1a: Corviknight|73/100
|-singleturn|p1a: Corviknight|move: Roost
|
|-weather|Snowscape|[upkeep]
|upkeep
|turn|23
|
|t:|1743778434
|switch|p2a: Mothra|Iron Moth, shiny|100/100
|-enditem|p2a: Mothra|Booster Energy
|-activate|p2a: Mothra|ability: Quark Drive|[fromitem]
|-start|p2a: Mothra|quarkdrivespe
|move|p1a: Corviknight|Roost|p1a: Corviknight
|-heal|p1a: Corviknight|100/100
|-singleturn|p1a: Corviknight|move: Roost
|
|-weather|Snowscape|[upkeep]
|upkeep
|turn|24
|
|t:|1743778446
|switch|p1a: Zapdos|Zapdos, shiny|100/100
|move|p2a: Mothra|Fiery Dance|p1a: Zapdos
|-damage|p1a: Zapdos|52/100
|-boost|p2a: Mothra|spa|1
|
|-weather|Snowscape|[upkeep]
|upkeep
|turn|25
|
|t:|1743778455
|move|p2a: Mothra|Fiery Dance|p1a: Zapdos
|-damage|p1a: Zapdos|0 fnt
|faint|p1a: Zapdos
|
|-weather|none
|upkeep
|
|t:|1743778460
|switch|p1a: Pelipper|Pelipper, M|10/100 psn
|-weather|RainDance|[from] ability: Drizzle|[of] p1a: Pelipper
|turn|26
|
|t:|1743778465
|switch|p1a: Barraskewda|Barraskewda, M|100/100
|move|p2a: Mothra|Fiery Dance|p1a: Barraskewda
|-resisted|p1a: Barraskewda
|-damage|p1a: Barraskewda|68/100
|
|-weather|RainDance|[upkeep]
|upkeep
|turn|27
|
|t:|1743778474
|move|p1a: Barraskewda|Close Combat|p2a: Mothra
|-resisted|p2a: Mothra
|-damage|p2a: Mothra|46/100
|-unboost|p1a: Barraskewda|def|1
|-unboost|p1a: Barraskewda|spd|1
|move|p2a: Mothra|Energy Ball|p1a: Barraskewda
|-supereffective|p1a: Barraskewda
|-damage|p1a: Barraskewda|0 fnt
|faint|p1a: Barraskewda
|
|-weather|RainDance|[upkeep]
|upkeep
|
|t:|1743778480
|switch|p1a: Corviknight|Corviknight, M, shiny|100/100
|-ability|p1a: Corviknight|Pressure
|turn|28
|-message|yylz forfeited.
|
|win|UCB0
|raw|yylz's rating: 1192 &rarr; <strong>1170</strong><br />(-22 for losing)
|raw|UCB0's rating: 1228 &rarr; <strong>1250</strong><br />(+22 for winning)
|l|☆yylz
|player|p1|
|l|☆UCB0
|player|p2|
