|j|☆9878998 Guest
|j|☆bakabomb
|t:|1743915701
|gametype|singles
|player|p1|9878998 Guest|psychicf-gen4|1211
|player|p2|bakabomb|eusine|1186
|teamsize|p1|6
|teamsize|p2|6
|gen|9
|tier|[Gen 9] OU
|rated|
|rule|HP Percentage Mod: HP is shown in percentages
|rule|Endless Battle Clause: Forcing endless battles is banned
|rule|Species Clause: Limit one of each Pokémon
|rule|OHKO Clause: OHKO moves are banned
|rule|Evasion Items Clause: Evasion items are banned
|rule|Evasion Moves Clause: Evasion moves are banned
|rule|Sleep Moves Clause: Sleep-inducing moves are banned
|clearpoke
|poke|p1|Dragapult, F|
|poke|p1|Kingambit, F|
|poke|p1|Enamorus, F|
|poke|p1|Ting-Lu|
|poke|p1|Iron Crown|
|poke|p1|Ogerpon-Cornerstone, F|
|poke|p2|Reuniclus, M|
|poke|p2|Porygon2|
|poke|p2|Kingambit, F|
|poke|p2|Raging Bolt|
|poke|p2|Chandelure, F|
|poke|p2|Conkeldurr, F|
|teampreview
|inactive|Battle timer is ON: inactive players will automatically lose when time's up. (requested by 9878998 Guest)
|
|t:|1743915713
|start
|switch|p1a: Ting-Lu|Ting-Lu|100/100
|switch|p2a: Porygon2|Porygon2|100/100
|-ability|p2a: Porygon2|Vessel of Ruin
|-ability|p2a: Porygon2|Vessel of Ruin|[from] ability: Trace|[of] p1a: Ting-Lu
|-ability|p1a: Ting-Lu|Vessel of Ruin
|turn|1
|
|t:|1743915720
|move|p1a: Ting-Lu|Earthquake|p2a: Porygon2
|-damage|p2a: Porygon2|76/100
|move|p2a: Porygon2|Trick Room|p2a: Porygon2
|-fieldstart|move: Trick Room|[of] p2a: Porygon2
|
|upkeep
|turn|2
|
|t:|1743915732
|move|p1a: Ting-Lu|Earthquake|p2a: Porygon2
|-damage|p2a: Porygon2|52/100
|move|p2a: Porygon2|Ice Beam|p1a: Ting-Lu
|-supereffective|p1a: Ting-Lu
|-damage|p1a: Ting-Lu|77/100
|
|-heal|p1a: Ting-Lu|83/100|[from] item: Leftovers
|upkeep
|turn|3
|
|t:|1743915739
|move|p1a: Ting-Lu|Payback|p2a: Porygon2
|-damage|p2a: Porygon2|41/100
|move|p2a: Porygon2|Recover|p2a: Porygon2
|-heal|p2a: Porygon2|91/100
|
|-heal|p1a: Ting-Lu|89/100|[from] item: Leftovers
|upkeep
|turn|4
|
|t:|1743915750
|move|p1a: Ting-Lu|Earthquake|p2a: Porygon2
|-damage|p2a: Porygon2|67/100
|move|p2a: Porygon2|Recover|p2a: Porygon2
|-heal|p2a: Porygon2|100/100
|
|-heal|p1a: Ting-Lu|95/100|[from] item: Leftovers
|upkeep
|turn|5
|
|t:|1743915757
|switch|p1a: Iron Crown|Iron Crown|100/100
|-enditem|p1a: Iron Crown|Booster Energy
|-activate|p1a: Iron Crown|ability: Quark Drive|[fromitem]
|-start|p1a: Iron Crown|quarkdrivespa
|move|p2a: Porygon2|Ice Beam|p1a: Iron Crown
|-resisted|p1a: Iron Crown
|-damage|p1a: Iron Crown|91/100
|
|-fieldend|move: Trick Room
|upkeep
|turn|6
|
|t:|1743915761
|move|p1a: Iron Crown|Focus Blast|p2a: Porygon2
|-supereffective|p2a: Porygon2
|-damage|p2a: Porygon2|60/100
|move|p2a: Porygon2|Trick Room|p2a: Porygon2
|-fieldstart|move: Trick Room|[of] p2a: Porygon2
|
|upkeep
|turn|7
|
|t:|1743915767
|switch|p2a: Chandelure|Chandelure, F|100/100
|move|p1a: Iron Crown|Psychic Noise|p2a: Chandelure
|-damage|p2a: Chandelure|43/100
|-start|p2a: Chandelure|move: Heal Block
|
|upkeep
|turn|8
|
|t:|1743915778
|-end|p1a: Iron Crown|Quark Drive|[silent]
|switch|p1a: Ting-Lu|Ting-Lu|95/100
|-ability|p1a: Ting-Lu|Vessel of Ruin
|move|p2a: Chandelure|Shadow Ball|p1a: Ting-Lu
|-resisted|p1a: Ting-Lu
|-crit|p1a: Ting-Lu
|-damage|p1a: Ting-Lu|81/100
|
|-heal|p1a: Ting-Lu|87/100|[from] item: Leftovers
|-end|p2a: Chandelure|move: Heal Block
|upkeep
|turn|9
|
|t:|1743915785
|move|p1a: Ting-Lu|Earthquake|p2a: Chandelure
|-supereffective|p2a: Chandelure
|-damage|p2a: Chandelure|0 fnt
|faint|p2a: Chandelure
|
|-heal|p1a: Ting-Lu|93/100|[from] item: Leftovers
|upkeep
|
|t:|1743915788
|switch|p2a: Reuniclus|Reuniclus, M, shiny|100/100
|turn|10
|
|t:|1743915794
|switch|p1a: Dragapult|Dragapult, F, shiny|100/100
|move|p2a: Reuniclus|Calm Mind|p2a: Reuniclus
|-boost|p2a: Reuniclus|spa|1
|-boost|p2a: Reuniclus|spd|1
|
|-fieldend|move: Trick Room
|upkeep
|turn|11
|
|t:|1743915799
|-terastallize|p2a: Reuniclus|Fairy
|move|p1a: Dragapult|Phantom Force||[still]
|-prepare|p1a: Dragapult|Phantom Force
|move|p2a: Reuniclus|Tera Blast|p1a: Dragapult|[anim] Tera Blast Fairy|[miss]
|-miss|p2a: Reuniclus|p1a: Dragapult
|
|upkeep
|turn|12
|
|t:|1743915803
|move|p1a: Dragapult|Phantom Force|p2a: Reuniclus|[from] lockedmove
|-damage|p2a: Reuniclus|59/100
|move|p2a: Reuniclus|Tera Blast|p1a: Dragapult|[anim] Tera Blast Fairy
|-supereffective|p1a: Dragapult
|-damage|p1a: Dragapult|0 fnt
|faint|p1a: Dragapult
|
|upkeep
|
|t:|1743915812
|switch|p1a: Kingambit|Kingambit, F, shiny|100/100
|-activate|p1a: Kingambit|ability: Supreme Overlord
|-start|p1a: Kingambit|fallen1|[silent]
|turn|13
|
|t:|1743915816
|move|p2a: Reuniclus|Tera Blast|p1a: Kingambit|[anim] Tera Blast Fairy
|-damage|p1a: Kingambit|42/100
|move|p1a: Kingambit|Iron Head|p2a: Reuniclus
|-supereffective|p2a: Reuniclus
|-damage|p2a: Reuniclus|0 fnt
|faint|p2a: Reuniclus
|
|upkeep
|
|t:|1743915823
|switch|p2a: Conkeldurr|Conkeldurr, F|100/100
|turn|14
|
|t:|1743915835
|move|p2a: Conkeldurr|Knock Off|p1a: Kingambit
|-resisted|p1a: Kingambit
|-damage|p1a: Kingambit|29/100
|-enditem|p1a: Kingambit|Black Glasses|[from] move: Knock Off|[of] p2a: Conkeldurr
|move|p1a: Kingambit|Iron Head|p2a: Conkeldurr
|-damage|p2a: Conkeldurr|64/100
|
|-status|p2a: Conkeldurr|brn|[from] item: Flame Orb
|upkeep
|turn|15
|
|t:|1743915842
|move|p1a: Kingambit|Sucker Punch|p2a: Conkeldurr
|-resisted|p2a: Conkeldurr
|-damage|p2a: Conkeldurr|48/100 brn
|move|p2a: Conkeldurr|Drain Punch|p1a: Kingambit
|-supereffective|p1a: Kingambit
|-damage|p1a: Kingambit|0 fnt
|-heal|p2a: Conkeldurr|62/100 brn|[from] drain|[of] p1a: Kingambit
|faint|p1a: Kingambit
|-end|p1a: Kingambit|fallen1|[silent]
|
|-damage|p2a: Conkeldurr|56/100 brn|[from] brn
|upkeep
|
|t:|1743915853
|switch|p1a: Iron Crown|Iron Crown|91/100
|turn|16
|
|t:|1743915857
|move|p1a: Iron Crown|Psychic Noise|p2a: Conkeldurr
|-supereffective|p2a: Conkeldurr
|-damage|p2a: Conkeldurr|0 fnt
|faint|p2a: Conkeldurr
|
|upkeep
|
|t:|1743915860
|switch|p2a: Porygon2|Porygon2|60/100
|turn|17
|
|t:|1743915863
|move|p1a: Iron Crown|Psychic Noise|p2a: Porygon2
|-damage|p2a: Porygon2|41/100
|-start|p2a: Porygon2|move: Heal Block
|move|p2a: Porygon2|Trick Room|p2a: Porygon2
|-fieldstart|move: Trick Room|[of] p2a: Porygon2
|
|upkeep
|turn|18
|
|t:|1743915871
|switch|p2a: Kingambit|Kingambit, F|100/100
|-activate|p2a: Kingambit|ability: Supreme Overlord
|-start|p2a: Kingambit|fallen3|[silent]
|-item|p2a: Kingambit|Air Balloon
|move|p1a: Iron Crown|Focus Blast|p2a: Kingambit
|-supereffective|p2a: Kingambit
|-damage|p2a: Kingambit|0 fnt
|-enditem|p2a: Kingambit|Air Balloon
|faint|p2a: Kingambit
|-end|p2a: Kingambit|fallen3|[silent]
|
|upkeep
|
|t:|1743915872
|switch|p2a: Raging Bolt|Raging Bolt|100/100
|-enditem|p2a: Raging Bolt|Booster Energy
|-activate|p2a: Raging Bolt|ability: Protosynthesis|[fromitem]
|-start|p2a: Raging Bolt|protosynthesisspa
|turn|19
|
|t:|1743915883
|-end|p1a: Iron Crown|Quark Drive|[silent]
|switch|p1a: Ting-Lu|Ting-Lu|93/100
|-ability|p1a: Ting-Lu|Vessel of Ruin
|move|p2a: Raging Bolt|Calm Mind|p2a: Raging Bolt
|-boost|p2a: Raging Bolt|spa|1
|-boost|p2a: Raging Bolt|spd|1
|
|-heal|p1a: Ting-Lu|99/100|[from] item: Leftovers
|upkeep
|turn|20
|
|t:|1743915887
|move|p1a: Ting-Lu|Earthquake|p2a: Raging Bolt
|-supereffective|p2a: Raging Bolt
|-damage|p2a: Raging Bolt|43/100
|move|p2a: Raging Bolt|Draco Meteor|p1a: Ting-Lu
|-damage|p1a: Ting-Lu|37/100
|-unboost|p2a: Raging Bolt|spa|2
|
|-heal|p1a: Ting-Lu|44/100|[from] item: Leftovers
|upkeep
|turn|21
|
|t:|1743915893
|move|p1a: Ting-Lu|Earthquake|p2a: Raging Bolt
|-supereffective|p2a: Raging Bolt
|-damage|p2a: Raging Bolt|0 fnt
|faint|p2a: Raging Bolt
|-end|p2a: Raging Bolt|Protosynthesis|[silent]
|
|-heal|p1a: Ting-Lu|50/100|[from] item: Leftovers
|-fieldend|move: Trick Room
|upkeep
|-message|bakabomb forfeited.
|
|win|9878998 Guest
|raw|9878998 Guest's rating: 1211 &rarr; <strong>1234</strong><br />(+23 for winning)
|raw|bakabomb's rating: 1186 &rarr; <strong>1163</strong><br />(-23 for losing)
|l|☆bakabomb
|player|p2|
|l|☆9878998 Guest
|player|p1|
