|j|☆mamabama
|j|☆cococrispies
|t:|1743917461
|gametype|singles
|player|p1|mamabama|brycenman|1600
|player|p2|cococrispies|n|1550
|teamsize|p1|6
|teamsize|p2|6
|gen|9
|tier|[Gen 9] OU
|rated|
|rule|HP Percentage Mod: HP is shown in percentages
|rule|Endless Battle Clause: Forcing endless battles is banned
|rule|Species Clause: Limit one of each Pokémon
|rule|OHKO Clause: OHKO moves are banned
|rule|Evasion Items Clause: Evasion items are banned
|rule|Evasion Moves Clause: Evasion moves are banned
|rule|Sleep Moves Clause: Sleep-inducing moves are banned
|clearpoke
|poke|p1|Conkeldurr, F|
|poke|p1|Gholdengo|
|poke|p1|Greninja-*, M|
|poke|p1|Ninetales-Alola, M|
|poke|p1|Garchomp, F|
|poke|p1|Glimmora, M|
|poke|p2|Zamazenta-*|
|poke|p2|Great Tusk|
|poke|p2|Moltres|
|poke|p2|Kyurem|
|poke|p2|Iron Valiant|
|poke|p2|Alomomola, F|
|teampreview
|
|t:|1743917481
|start
|switch|p1a: Conkeldurr|Conkeldurr, F|100/100
|switch|p2a: Alomomola|Alomomola, F|100/100
|turn|1
|
|t:|1743917491
|switch|p1a: Garchomp|Garchomp, F|100/100
|move|p2a: Alomomola|Flip Turn|p1a: Garchomp
|-damage|p1a: Garchomp|88/100
|-damage|p2a: Alomomola|88/100|[from] ability: Rough Skin|[of] p1a: Garchomp
|-damage|p2a: Alomomola|72/100|[from] item: Rocky Helmet|[of] p1a: Garchomp
|inactive|Battle timer is ON: inactive players will automatically lose when time's up. (requested by cococrispies)
|
|t:|1743917499
|switch|p2a: Great Tusk|Great Tusk|100/100|[from] Flip Turn
|
|upkeep
|turn|2
|
|t:|1743917506
|move|p2a: Great Tusk|Stealth Rock|p1a: Garchomp
|-sidestart|p1: mamabama|move: Stealth Rock
|move|p1a: Garchomp|Earthquake|p2a: Great Tusk
|-damage|p2a: Great Tusk|71/100
|
|-heal|p2a: Great Tusk|78/100|[from] item: Leftovers
|upkeep
|turn|3
|
|t:|1743917510
|move|p2a: Great Tusk|Ice Spinner|p1a: Garchomp
|-supereffective|p1a: Garchomp
|-damage|p1a: Garchomp|30/100
|-damage|p2a: Great Tusk|65/100|[from] ability: Rough Skin|[of] p1a: Garchomp
|-damage|p2a: Great Tusk|49/100|[from] item: Rocky Helmet|[of] p1a: Garchomp
|move|p1a: Garchomp|Dragon Tail|p2a: Great Tusk
|-damage|p2a: Great Tusk|31/100
|-end|p2a: Great Tusk|Protosynthesis|[silent]
|drag|p2a: Kyurem|Kyurem|100/100
|-ability|p2a: Kyurem|Pressure
|
|upkeep
|turn|4
|
|t:|1743917519
|switch|p2a: Moltres|Moltres|100/100
|move|p1a: Garchomp|Dragon Tail|p2a: Moltres
|-damage|p2a: Moltres|81/100
|drag|p2a: Kyurem|Kyurem|100/100
|-ability|p2a: Kyurem|Pressure
|
|upkeep
|turn|5
|
|t:|1743917523
|switch|p2a: Moltres|Moltres|81/100
|switch|p1a: Ninetales|Ninetales-Alola, M|100/100
|-damage|p1a: Ninetales|76/100|[from] Stealth Rock
|-weather|Snowscape|[from] ability: Snow Warning|[of] p1a: Ninetales
|
|-weather|Snowscape|[upkeep]
|upkeep
|turn|6
|
|t:|1743917527
|switch|p1a: Conkeldurr|Conkeldurr, F|100/100
|-damage|p1a: Conkeldurr|94/100|[from] Stealth Rock
|move|p2a: Moltres|Flamethrower|p1a: Conkeldurr
|-damage|p1a: Conkeldurr|41/100
|
|-weather|Snowscape|[upkeep]
|upkeep
|turn|7
|
|t:|1743917530
|move|p2a: Moltres|Flamethrower|p1a: Conkeldurr
|-damage|p1a: Conkeldurr|0 fnt
|faint|p1a: Conkeldurr
|
|-weather|Snowscape|[upkeep]
|upkeep
|
|t:|1743917533
|switch|p1a: Greninja|Greninja, M|100/100
|-damage|p1a: Greninja|88/100|[from] Stealth Rock
|turn|8
|
|t:|1743917537
|switch|p2a: Alomomola|Alomomola, F|100/100
|move|p1a: Greninja|Dark Pulse|p2a: Alomomola
|-damage|p2a: Alomomola|80/100
|
|-weather|Snowscape|[upkeep]
|upkeep
|turn|9
|
|t:|1743917541
|move|p1a: Greninja|Dark Pulse|p2a: Alomomola
|-damage|p2a: Alomomola|58/100
|move|p2a: Alomomola|Play Rough|p1a: Greninja
|-supereffective|p1a: Greninja
|-damage|p1a: Greninja|38/100
|
|-weather|none
|upkeep
|turn|10
|
|t:|1743917548
|move|p1a: Greninja|Dark Pulse|p2a: Alomomola
|-damage|p2a: Alomomola|38/100
|move|p2a: Alomomola|Flip Turn|p1a: Greninja
|-resisted|p1a: Greninja
|-damage|p1a: Greninja|24/100
|
|t:|1743917562
|switch|p2a: Zamazenta|Zamazenta|100/100|[from] Flip Turn
|-ability|p2a: Zamazenta|Dauntless Shield|boost
|-boost|p2a: Zamazenta|def|1
|
|upkeep
|turn|11
|
|t:|1743917568
|switch|p1a: Gholdengo|Gholdengo|100/100
|-damage|p1a: Gholdengo|94/100|[from] Stealth Rock
|move|p2a: Zamazenta|Body Press|p1a: Gholdengo
|-immune|p1a: Gholdengo
|
|-heal|p1a: Gholdengo|100/100|[from] item: Leftovers
|upkeep
|turn|12
|
|t:|1743917577
|move|p2a: Zamazenta|Crunch|p1a: Gholdengo
|-supereffective|p1a: Gholdengo
|-damage|p1a: Gholdengo|68/100
|move|p1a: Gholdengo|Nasty Plot|p1a: Gholdengo
|-boost|p1a: Gholdengo|spa|2
|
|-heal|p1a: Gholdengo|74/100|[from] item: Leftovers
|upkeep
|turn|13
|
|t:|1743917584
|switch|p2a: Alomomola|Alomomola, F|72/100
|move|p1a: Gholdengo|Recover|p1a: Gholdengo
|-heal|p1a: Gholdengo|100/100
|
|upkeep
|turn|14
|
|t:|1743917588
|move|p1a: Gholdengo|Shadow Ball|p2a: Alomomola
|-damage|p2a: Alomomola|35/100
|move|p2a: Alomomola|Flip Turn|p1a: Gholdengo
|-damage|p1a: Gholdengo|89/100
|
|t:|1743917592
|switch|p2a: Great Tusk|Great Tusk|31/100|[from] Flip Turn
|
|-heal|p2a: Great Tusk|38/100|[from] item: Leftovers
|-heal|p1a: Gholdengo|95/100|[from] item: Leftovers
|upkeep
|turn|15
|
|t:|1743917600
|move|p2a: Great Tusk|Headlong Rush|p1a: Gholdengo
|-supereffective|p1a: Gholdengo
|-damage|p1a: Gholdengo|17/100
|-unboost|p2a: Great Tusk|def|1
|-unboost|p2a: Great Tusk|spd|1
|move|p1a: Gholdengo|Shadow Ball|p2a: Great Tusk
|-damage|p2a: Great Tusk|0 fnt
|faint|p2a: Great Tusk
|-end|p2a: Great Tusk|Protosynthesis|[silent]
|
|-heal|p1a: Gholdengo|23/100|[from] item: Leftovers
|upkeep
|
|t:|1743917619
|switch|p2a: Zamazenta|Zamazenta|100/100
|turn|16
|
|t:|1743917622
|-terastallize|p1a: Gholdengo|Fairy
|move|p2a: Zamazenta|Crunch|p1a: Gholdengo
|-resisted|p1a: Gholdengo
|-damage|p1a: Gholdengo|16/100
|move|p1a: Gholdengo|Recover|p1a: Gholdengo
|-heal|p1a: Gholdengo|66/100
|
|-heal|p1a: Gholdengo|72/100|[from] item: Leftovers
|upkeep
|turn|17
|
|t:|1743917629
|switch|p2a: Moltres|Moltres|81/100
|switch|p1a: Garchomp|Garchomp, F|30/100
|-damage|p1a: Garchomp|24/100|[from] Stealth Rock
|
|upkeep
|turn|18
|
|t:|1743917637
|move|p2a: Moltres|Will-O-Wisp|p1a: Garchomp
|-status|p1a: Garchomp|brn
|move|p1a: Garchomp|Dragon Tail|p2a: Moltres
|-damage|p2a: Moltres|71/100
|drag|p2a: Kyurem|Kyurem|100/100
|-ability|p2a: Kyurem|Pressure
|
|-damage|p1a: Garchomp|18/100 brn|[from] brn
|upkeep
|turn|19
|
|t:|1743917657
|switch|p2a: Moltres|Moltres|71/100
|move|p1a: Garchomp|Stealth Rock|p2a: Moltres
|-sidestart|p2: cococrispies|move: Stealth Rock
|
|-damage|p1a: Garchomp|12/100 brn|[from] brn
|upkeep
|turn|20
|
|t:|1743917664
|move|p2a: Moltres|Flamethrower|p1a: Garchomp
|-resisted|p1a: Garchomp
|-damage|p1a: Garchomp|0 fnt
|faint|p1a: Garchomp
|
|upkeep
|
|t:|1743917669
|switch|p1a: Glimmora|Glimmora, M|100/100
|-damage|p1a: Glimmora|88/100|[from] Stealth Rock
|-item|p1a: Glimmora|Air Balloon
|turn|21
|
|t:|1743917676
|switch|p2a: Alomomola|Alomomola, F|68/100
|-damage|p2a: Alomomola|56/100|[from] Stealth Rock
|move|p1a: Glimmora|Mortal Spin|p2a: Alomomola
|-crit|p2a: Alomomola
|-damage|p2a: Alomomola|48/100
|-status|p2a: Alomomola|psn
|-sideend|p1: mamabama|Stealth Rock|[from] move: Mortal Spin|[of] p1a: Glimmora
|
|-damage|p2a: Alomomola|36/100 psn|[from] psn
|upkeep
|turn|22
|
|t:|1743917682
|move|p1a: Glimmora|Protect|p1a: Glimmora
|-singleturn|p1a: Glimmora|Protect
|move|p2a: Alomomola|Scald|p1a: Glimmora
|-activate|p1a: Glimmora|move: Protect
|
|-damage|p2a: Alomomola|24/100 psn|[from] psn
|upkeep
|turn|23
|
|t:|1743917686
|move|p1a: Glimmora|Earth Power|p2a: Alomomola
|-damage|p2a: Alomomola|10/100 psn
|move|p2a: Alomomola|Scald|p1a: Glimmora
|-supereffective|p1a: Glimmora
|-damage|p1a: Glimmora|52/100
|-enditem|p1a: Glimmora|Air Balloon
|
|-damage|p2a: Alomomola|0 fnt|[from] psn
|faint|p2a: Alomomola
|upkeep
|
|t:|1743917704
|switch|p2a: Kyurem|Kyurem|100/100
|-damage|p2a: Kyurem|76/100|[from] Stealth Rock
|-ability|p2a: Kyurem|Pressure
|turn|24
|
|t:|1743917707
|move|p2a: Kyurem|Ice Beam|p1a: Glimmora
|-damage|p1a: Glimmora|0 fnt
|faint|p1a: Glimmora
|
|upkeep
|
|t:|1743917711
|switch|p1a: Ninetales|Ninetales-Alola, M|76/100
|-weather|Snowscape|[from] ability: Snow Warning|[of] p1a: Ninetales
|turn|25
|
|t:|1743917715
|switch|p1a: Greninja|Greninja, M|24/100
|switch|p2a: Moltres|Moltres|71/100
|
|-weather|Snowscape|[upkeep]
|upkeep
|turn|26
|
|t:|1743917734
|-terastallize|p2a: Moltres|Fairy
|move|p1a: Greninja|Water Shuriken|p2a: Moltres
|-damage|p2a: Moltres|64/100
|-damage|p2a: Moltres|56/100
|-damage|p2a: Moltres|48/100
|-damage|p2a: Moltres|41/100
|-hitcount|p2a: Moltres|4
|move|p2a: Moltres|U-turn|p1a: Greninja
|-supereffective|p1a: Greninja
|-damage|p1a: Greninja|0 fnt
|faint|p1a: Greninja
|
|t:|1743917744
|switch|p2a: Zamazenta|Zamazenta|100/100|[from] U-turn
|-damage|p2a: Zamazenta|94/100|[from] Stealth Rock
|
|-weather|Snowscape|[upkeep]
|-heal|p2a: Zamazenta|100/100|[from] item: Leftovers
|upkeep
|
|t:|1743917752
|switch|p1a: Gholdengo|Gholdengo, tera:Fairy|72/100
|turn|27
|
|t:|1743917756
|switch|p2a: Moltres|Moltres, tera:Fairy|41/100
|move|p1a: Gholdengo|Recover|p1a: Gholdengo
|-heal|p1a: Gholdengo|100/100
|
|-weather|Snowscape|[upkeep]
|upkeep
|turn|28
|
|t:|1743917758
|move|p2a: Moltres|Flamethrower|p1a: Gholdengo
|-damage|p1a: Gholdengo|64/100
|move|p1a: Gholdengo|Make It Rain|p2a: Moltres
|-supereffective|p2a: Moltres
|-damage|p2a: Moltres|0 fnt
|-unboost|p1a: Gholdengo|spa|1
|faint|p2a: Moltres
|
|-weather|Snowscape|[upkeep]
|-heal|p1a: Gholdengo|70/100|[from] item: Leftovers
|upkeep
|
|t:|1743917766
|switch|p2a: Kyurem|Kyurem|76/100
|-damage|p2a: Kyurem|51/100|[from] Stealth Rock
|-ability|p2a: Kyurem|Pressure
|turn|29
|
|t:|1743917768
|switch|p1a: Ninetales|Ninetales-Alola, M|76/100
|move|p2a: Kyurem|Ice Beam|p1a: Ninetales
|-resisted|p1a: Ninetales
|-damage|p1a: Ninetales|31/100
|
|-weather|none
|upkeep
|turn|30
|
|t:|1743917773
|switch|p2a: Zamazenta|Zamazenta|100/100
|-damage|p2a: Zamazenta|94/100|[from] Stealth Rock
|move|p1a: Ninetales|Moonblast|p2a: Zamazenta
|-supereffective|p2a: Zamazenta
|-damage|p2a: Zamazenta|42/100
|-unboost|p2a: Zamazenta|spa|1
|
|-heal|p2a: Zamazenta|48/100|[from] item: Leftovers
|upkeep
|turn|31
|
|t:|1743917775
|move|p1a: Ninetales|Moonblast|p2a: Zamazenta
|-supereffective|p2a: Zamazenta
|-damage|p2a: Zamazenta|0 fnt
|faint|p2a: Zamazenta
|
|upkeep
|
|t:|1743917779
|switch|p2a: Iron Valiant|Iron Valiant|100/100
|-damage|p2a: Iron Valiant|94/100|[from] Stealth Rock
|-enditem|p2a: Iron Valiant|Booster Energy
|-activate|p2a: Iron Valiant|ability: Quark Drive|[fromitem]
|-start|p2a: Iron Valiant|quarkdrivespe
|turn|32
|
|t:|1743917782
|move|p2a: Iron Valiant|Moonblast|p1a: Ninetales
|-damage|p1a: Ninetales|0 fnt
|faint|p1a: Ninetales
|
|upkeep
|
|t:|1743917784
|switch|p1a: Gholdengo|Gholdengo, tera:Fairy|70/100
|turn|33
|
|t:|1743917790
|move|p2a: Iron Valiant|Moonblast|p1a: Gholdengo
|-damage|p1a: Gholdengo|27/100
|-unboost|p1a: Gholdengo|spa|1
|move|p1a: Gholdengo|Make It Rain|p2a: Iron Valiant
|-supereffective|p2a: Iron Valiant
|-crit|p2a: Iron Valiant
|-damage|p2a: Iron Valiant|0 fnt
|-unboost|p1a: Gholdengo|spa|1
|faint|p2a: Iron Valiant
|-end|p2a: Iron Valiant|Quark Drive|[silent]
|
|-heal|p1a: Gholdengo|33/100|[from] item: Leftovers
|upkeep
|
|t:|1743917794
|switch|p2a: Kyurem|Kyurem|51/100
|-damage|p2a: Kyurem|26/100|[from] Stealth Rock
|-ability|p2a: Kyurem|Pressure
|turn|34
|
|t:|1743917797
|move|p2a: Kyurem|Ice Beam|p1a: Gholdengo
|-damage|p1a: Gholdengo|0 fnt
|faint|p1a: Gholdengo
|
|win|cococrispies
|raw|mamabama's rating: 1583 &rarr; <strong>1561</strong><br />(-22 for losing)
|raw|cococrispies's rating: 1550 &rarr; <strong>1572</strong><br />(+22 for winning)
|c|☆cococrispies|gg
|l|☆mamabama
|player|p1|
|l|☆cococrispies
|player|p2|
