|j|☆jiotave
|j|☆heatedrhombus
|t:|1743818076
|gametype|singles
|player|p1|jiotave|hilbert|1427
|player|p2|heatedrhombus|1|1448
|teamsize|p1|6
|teamsize|p2|6
|gen|9
|tier|[Gen 9] OU
|rated|
|rule|HP Percentage Mod: HP is shown in percentages
|rule|Endless Battle Clause: Forcing endless battles is banned
|rule|Species Clause: Limit one of each Pokémon
|rule|OHKO Clause: OHKO moves are banned
|rule|Evasion Items Clause: Evasion items are banned
|rule|Evasion Moves Clause: Evasion moves are banned
|rule|Sleep Moves Clause: Sleep-inducing moves are banned
|clearpoke
|poke|p1|Pelipper, M|
|poke|p1|Bellibolt, M|
|poke|p1|Blastoise, F|
|poke|p1|Dragonite, F|
|poke|p1|Iron Treads|
|poke|p1|Barraskewda, M|
|poke|p2|Iron Valiant|
|poke|p2|Gliscor, F|
|poke|p2|Slowking-Galar, F|
|poke|p2|Kleavor, F|
|poke|p2|Cyclizar, F|
|poke|p2|Quaquaval, F|
|teampreview
|inactive|Battle timer is ON: inactive players will automatically lose when time's up. (requested by heatedrhombus)
|
|t:|1743818082
|start
|switch|p1a: Pelipper|Pelipper, M|100/100
|switch|p2a: Kleavor|Kleavor, F|100/100
|-weather|RainDance|[from] ability: Drizzle|[of] p1a: Pelipper
|turn|1
|
|t:|1743818091
|switch|p1a: Iron Treads|Iron Treads|100/100
|move|p2a: Kleavor|Stone Axe|p1a: Iron Treads
|-resisted|p1a: Iron Treads
|-damage|p1a: Iron Treads|89/100
|-sidestart|p1: jiotave|move: Stealth Rock
|-enditem|p1a: Iron Treads|Eject Button
|
|t:|1743818100
|-end|p1a: Iron Treads|Quark Drive|[silent]
|switch|p1a: Barraskewda|Barraskewda, M|100/100
|-damage|p1a: Barraskewda|88/100|[from] Stealth Rock
|
|-weather|RainDance|[upkeep]
|upkeep
|turn|2
|
|t:|1743818107
|move|p1a: Barraskewda|Flip Turn|p2a: Kleavor
|-supereffective|p2a: Kleavor
|-damage|p2a: Kleavor|0 fnt
|faint|p2a: Kleavor
|-damage|p1a: Barraskewda|78/100|[from] item: Life Orb
|
|t:|1743818114
|switch|p1a: Iron Treads|Iron Treads|89/100|[from] Flip Turn
|-damage|p1a: Iron Treads|86/100|[from] Stealth Rock
|
|-weather|RainDance|[upkeep]
|upkeep
|
|t:|1743818117
|switch|p2a: Quaquaval|Quaquaval, F|100/100
|turn|3
|
|t:|1743818124
|-terastallize|p1a: Iron Treads|Ghost
|move|p1a: Iron Treads|Rapid Spin|p2a: Quaquaval
|-damage|p2a: Quaquaval|85/100
|-boost|p1a: Iron Treads|spe|1
|-sideend|p1: jiotave|Stealth Rock|[from] move: Rapid Spin|[of] p1a: Iron Treads
|move|p2a: Quaquaval|Aqua Step|p1a: Iron Treads
|-damage|p1a: Iron Treads|40/100
|-boost|p2a: Quaquaval|spe|1
|
|-weather|RainDance|[upkeep]
|upkeep
|turn|4
|
|t:|1743818138
|move|p1a: Iron Treads|Volt Switch|p2a: Quaquaval
|-supereffective|p2a: Quaquaval
|-damage|p2a: Quaquaval|44/100
|
|t:|1743818144
|-end|p1a: Iron Treads|Quark Drive|[silent]
|switch|p1a: Vhagar|Dragonite, F, shiny|100/100|[from] Volt Switch
|move|p2a: Quaquaval|Aqua Step|p1a: Vhagar
|-resisted|p1a: Vhagar
|-damage|p1a: Vhagar|83/100
|-boost|p2a: Quaquaval|spe|1
|
|-weather|RainDance|[upkeep]
|upkeep
|turn|5
|
|t:|1743818154
|move|p2a: Quaquaval|Knock Off|p1a: Vhagar
|-damage|p1a: Vhagar|48/100
|-enditem|p1a: Vhagar|Eject Pack|[from] move: Knock Off|[of] p2a: Quaquaval
|move|p1a: Vhagar|Hurricane|p2a: Quaquaval
|-supereffective|p2a: Quaquaval
|-damage|p2a: Quaquaval|0 fnt
|faint|p2a: Quaquaval
|
|-weather|RainDance|[upkeep]
|upkeep
|
|t:|1743818160
|switch|p2a: Cyclizar|Cyclizar, F|100/100
|turn|6
|
|t:|1743818167
|move|p2a: Cyclizar|Draco Meteor|p1a: Vhagar
|-supereffective|p1a: Vhagar
|-damage|p1a: Vhagar|0 fnt
|-unboost|p2a: Cyclizar|spa|2
|faint|p1a: Vhagar
|
|-weather|RainDance|[upkeep]
|upkeep
|
|t:|1743818176
|switch|p1a: Iron Treads|Iron Treads, tera:Ghost|40/100
|turn|7
|
|t:|1743818180
|move|p2a: Cyclizar|Draco Meteor|p1a: Iron Treads
|-damage|p1a: Iron Treads|0 fnt
|-unboost|p2a: Cyclizar|spa|2
|faint|p1a: Iron Treads
|-end|p1a: Iron Treads|Quark Drive|[silent]
|
|-weather|RainDance|[upkeep]
|upkeep
|
|t:|1743818189
|switch|p1a: Barraskewda|Barraskewda, M|78/100
|turn|8
|
|t:|1743818195
|move|p1a: Barraskewda|Close Combat|p2a: Cyclizar
|-supereffective|p2a: Cyclizar
|-damage|p2a: Cyclizar|0 fnt
|-unboost|p1a: Barraskewda|def|1
|-unboost|p1a: Barraskewda|spd|1
|faint|p2a: Cyclizar
|-damage|p1a: Barraskewda|69/100|[from] item: Life Orb
|
|-weather|none
|upkeep
|
|t:|1743818198
|switch|p2a: Iron Valiant|Iron Valiant|100/100
|-enditem|p2a: Iron Valiant|Booster Energy
|-activate|p2a: Iron Valiant|ability: Quark Drive|[fromitem]
|-start|p2a: Iron Valiant|quarkdrivespe
|turn|9
|
|t:|1743818209
|switch|p1a: Pelipper|Pelipper, M|100/100
|-weather|RainDance|[from] ability: Drizzle|[of] p1a: Pelipper
|move|p2a: Iron Valiant|Swords Dance|p2a: Iron Valiant
|-boost|p2a: Iron Valiant|atk|2
|
|-weather|RainDance|[upkeep]
|upkeep
|turn|10
|
|t:|1743818218
|move|p2a: Iron Valiant|Spirit Break|p1a: Pelipper
|-damage|p1a: Pelipper|37/100
|-unboost|p1a: Pelipper|spa|1
|move|p1a: Pelipper|Hurricane|p2a: Iron Valiant
|-supereffective|p2a: Iron Valiant
|-damage|p2a: Iron Valiant|13/100
|
|-weather|RainDance|[upkeep]
|upkeep
|turn|11
|
|t:|1743818228
|move|p2a: Iron Valiant|Spirit Break|p1a: Pelipper
|-damage|p1a: Pelipper|0 fnt
|faint|p1a: Pelipper
|
|-weather|RainDance|[upkeep]
|upkeep
|
|t:|1743818235
|switch|p1a: Barraskewda|Barraskewda, M|69/100
|turn|12
|
|t:|1743818240
|move|p1a: Barraskewda|Liquidation|p2a: Iron Valiant
|-damage|p2a: Iron Valiant|0 fnt
|faint|p2a: Iron Valiant
|-end|p2a: Iron Valiant|Quark Drive|[silent]
|-damage|p1a: Barraskewda|59/100|[from] item: Life Orb
|
|-weather|RainDance|[upkeep]
|upkeep
|
|t:|1743818243
|switch|p2a: Gliscor|Gliscor, F|100/100
|turn|13
|
|t:|1743818250
|move|p2a: Gliscor|Protect|p2a: Gliscor
|-singleturn|p2a: Gliscor|Protect
|move|p1a: Barraskewda|Liquidation|p2a: Gliscor
|-activate|p2a: Gliscor|move: Protect
|
|-weather|RainDance|[upkeep]
|-status|p2a: Gliscor|tox|[from] item: Toxic Orb
|upkeep
|turn|14
|
|t:|1743818259
|-terastallize|p2a: Gliscor|Water
|move|p1a: Barraskewda|Flip Turn|p2a: Gliscor
|-resisted|p2a: Gliscor
|-damage|p2a: Gliscor|74/100 tox
|-damage|p1a: Barraskewda|49/100|[from] item: Life Orb
|
|t:|1743818276
|switch|p1a: Bellibolt|Bellibolt, M|100/100|[from] Flip Turn
|move|p2a: Gliscor|Earthquake|p1a: Bellibolt
|-supereffective|p1a: Bellibolt
|-damage|p1a: Bellibolt|22/100
|-start|p1a: Bellibolt|Charge|Earthquake|[from] ability: Electromorphosis
|
|-weather|RainDance|[upkeep]
|-heal|p2a: Gliscor|87/100 tox|[from] ability: Poison Heal
|upkeep
|turn|15
|
|t:|1743818287
|move|p2a: Gliscor|Ice Fang|p1a: Bellibolt
|-damage|p1a: Bellibolt|5/100
|-start|p1a: Bellibolt|Charge|Ice Fang|[from] ability: Electromorphosis
|move|p1a: Bellibolt|Thunder|p2a: Gliscor
|-supereffective|p2a: Gliscor
|-damage|p2a: Gliscor|0 fnt
|faint|p2a: Gliscor
|-end|p1a: Bellibolt|Charge|[silent]
|
|-weather|RainDance|[upkeep]
|upkeep
|
|t:|1743818291
|switch|p2a: Slowking|Slowking-Galar, F|100/100
|turn|16
|c|☆jiotave|Lol
|-message|heatedrhombus forfeited.
|
|win|jiotave
|raw|jiotave's rating: 1427 &rarr; <strong>1448</strong><br />(+21 for winning)
|raw|heatedrhombus's rating: 1448 &rarr; <strong>1427</strong><br />(-21 for losing)
|l|☆heatedrhombus
|player|p2|
|l|☆jiotave
|player|p1|
