|j|☆ConeFearer
|j|☆drifter1798?
|t:|1743808477
|gametype|singles
|player|p1|ConeFearer|boarder|1443
|player|p2|drifter1798?|102|1426
|teamsize|p1|6
|teamsize|p2|6
|gen|9
|tier|[Gen 9] OU
|rated|
|rule|HP Percentage Mod: HP is shown in percentages
|rule|Endless Battle Clause: Forcing endless battles is banned
|rule|Species Clause: Limit one of each Pokémon
|rule|OHKO Clause: OHKO moves are banned
|rule|Evasion Items Clause: Evasion items are banned
|rule|Evasion Moves Clause: Evasion moves are banned
|rule|Sleep Moves Clause: Sleep-inducing moves are banned
|clearpoke
|poke|p1|Weavile, F|
|poke|p1|Dragonite, F|
|poke|p1|Dragapult, M|
|poke|p1|Tinkaton, F|
|poke|p1|Ting-Lu|
|poke|p1|Keldeo-Resolute|
|poke|p2|Arcanine-Hisui, F|
|poke|p2|Corviknight, M|
|poke|p2|Alomomola, F|
|poke|p2|Iron Valiant|
|poke|p2|Quaquaval, M|
|poke|p2|Articuno-Galar|
|teampreview
|
|t:|1743808520
|start
|switch|p1a: Dragapult|Dragapult, M|100/100
|switch|p2a: Iron Valiant|Iron Valiant|100/100
|-item|p1a: Dragapult|Air Balloon
|-enditem|p2a: Iron Valiant|Booster Energy
|-activate|p2a: Iron Valiant|ability: Quark Drive|[fromitem]
|-start|p2a: Iron Valiant|quarkdriveatk
|turn|1
|c|☆ConeFearer|attack boost?
|c|☆ConeFearer|you dont see that every day
|
|t:|1743808555
|move|p1a: Dragapult|Will-O-Wisp|p2a: Iron Valiant
|-status|p2a: Iron Valiant|brn
|move|p2a: Iron Valiant|Knock Off|p1a: Dragapult
|-supereffective|p1a: Dragapult
|-damage|p1a: Dragapult|32/100
|-enditem|p1a: Dragapult|Air Balloon
|
|-damage|p2a: Iron Valiant|94/100 brn|[from] brn
|upkeep
|turn|2
|
|t:|1743808565
|move|p1a: Dragapult|Hex|p2a: Iron Valiant
|-damage|p2a: Iron Valiant|0 fnt
|faint|p2a: Iron Valiant
|-end|p2a: Iron Valiant|Quark Drive|[silent]
|
|upkeep
|
|t:|1743808574
|switch|p2a: Alomomola|Alomomola, F|100/100
|turn|3
|
|t:|1743808582
|move|p1a: Dragapult|Will-O-Wisp|p2a: Alomomola
|-status|p2a: Alomomola|brn
|move|p2a: Alomomola|Flip Turn|p1a: Dragapult
|-resisted|p1a: Dragapult
|-damage|p1a: Dragapult|27/100
|
|t:|1743808589
|switch|p2a: Corviknight|Corviknight, M|100/100|[from] Flip Turn
|-ability|p2a: Corviknight|Pressure
|
|upkeep
|turn|4
|
|t:|1743808595
|move|p1a: Dragapult|Will-O-Wisp|p2a: Corviknight
|-status|p2a: Corviknight|brn
|move|p2a: Corviknight|U-turn|p1a: Dragapult
|-resisted|p1a: Dragapult
|-damage|p1a: Dragapult|22/100
|
|t:|1743808602
|switch|p2a: Alomomola|Alomomola, F|100/100 brn|[from] U-turn
|
|-damage|p2a: Alomomola|94/100 brn|[from] brn
|upkeep
|turn|5
|
|t:|1743808608
|move|p1a: Dragapult|Hex|p2a: Alomomola
|-damage|p2a: Alomomola|65/100 brn
|move|p2a: Alomomola|Play Rough|p1a: Dragapult
|-supereffective|p1a: Dragapult
|-damage|p1a: Dragapult|0 fnt
|faint|p1a: Dragapult
|
|-damage|p2a: Alomomola|59/100 brn|[from] brn
|upkeep
|
|t:|1743808632
|switch|p1a: Ting-Lu|Ting-Lu|100/100
|-ability|p1a: Ting-Lu|Vessel of Ruin
|turn|6
|
|t:|1743808638
|move|p2a: Alomomola|Flip Turn|p1a: Ting-Lu
|-supereffective|p1a: Ting-Lu
|-damage|p1a: Ting-Lu|92/100
|-damage|p2a: Alomomola|42/100 brn|[from] item: Rocky Helmet|[of] p1a: Ting-Lu
|
|t:|1743808642
|switch|p2a: Corviknight|Corviknight, M|100/100 brn|[from] Flip Turn
|-ability|p2a: Corviknight|Pressure
|move|p1a: Ting-Lu|Spikes|p2a: Corviknight
|-sidestart|p2: drifter1798?|Spikes
|
|-damage|p2a: Corviknight|94/100 brn|[from] brn
|upkeep
|turn|7
|
|t:|1743808653
|move|p2a: Corviknight|Defog|p1a: Ting-Lu
|-unboost|p1a: Ting-Lu|evasion|1
|-sideend|p2: drifter1798?|Spikes|[from] move: Defog|[of] p2a: Corviknight
|move|p1a: Ting-Lu|Ruination|p2a: Corviknight
|-damage|p2a: Corviknight|47/100 brn
|
|-heal|p2a: Corviknight|54/100 brn|[from] item: Leftovers
|-damage|p2a: Corviknight|47/100 brn|[from] brn
|upkeep
|turn|8
|
|t:|1743808662
|move|p2a: Corviknight|Roost|p2a: Corviknight
|-heal|p2a: Corviknight|97/100 brn
|-singleturn|p2a: Corviknight|move: Roost
|move|p1a: Ting-Lu|Spikes|p2a: Corviknight
|-sidestart|p2: drifter1798?|Spikes
|
|-heal|p2a: Corviknight|100/100 brn|[from] item: Leftovers
|-damage|p2a: Corviknight|94/100 brn|[from] brn
|upkeep
|turn|9
|
|t:|1743808670
|switch|p2a: Quaquaval|Quaquaval, M|100/100
|-damage|p2a: Quaquaval|88/100|[from] Spikes
|move|p1a: Ting-Lu|Whirlwind|p2a: Quaquaval
|drag|p2a: Alomomola|Alomomola, F|76/100 brn
|-damage|p2a: Alomomola|63/100 brn|[from] Spikes
|
|-damage|p2a: Alomomola|57/100 brn|[from] brn
|upkeep
|turn|10
|
|t:|1743808679
|move|p2a: Alomomola|Scald|p1a: Ting-Lu
|-supereffective|p1a: Ting-Lu
|-damage|p1a: Ting-Lu|79/100
|move|p1a: Ting-Lu|Whirlwind|p2a: Alomomola
|drag|p2a: Quaquaval|Quaquaval, M|88/100
|-damage|p2a: Quaquaval|75/100|[from] Spikes
|
|upkeep
|turn|11
|
|t:|1743808697
|move|p2a: Quaquaval|Aqua Step|p1a: Ting-Lu
|-supereffective|p1a: Ting-Lu
|-damage|p1a: Ting-Lu|34/100
|-boost|p2a: Quaquaval|spe|1
|-damage|p2a: Quaquaval|59/100|[from] item: Rocky Helmet|[of] p1a: Ting-Lu
|move|p1a: Ting-Lu|Earthquake|p2a: Quaquaval
|-damage|p2a: Quaquaval|7/100
|
|upkeep
|turn|12
|
|t:|1743808729
|move|p2a: Quaquaval|Aqua Step|p1a: Ting-Lu
|-supereffective|p1a: Ting-Lu
|-damage|p1a: Ting-Lu|0 fnt
|-boost|p2a: Quaquaval|spe|1
|-damage|p2a: Quaquaval|0 fnt|[from] item: Rocky Helmet|[of] p1a: Ting-Lu
|faint|p1a: Ting-Lu
|faint|p2a: Quaquaval
|
|upkeep
|
|t:|1743808749
|switch|p2a: Corviknight|Corviknight, M|94/100 brn
|switch|p1a: Weavile|Weavile, F|100/100
|-ability|p1a: Weavile|Pressure
|-ability|p2a: Corviknight|Pressure
|turn|13
|
|t:|1743808761
|move|p1a: Weavile|Swords Dance|p1a: Weavile
|-boost|p1a: Weavile|atk|2
|move|p2a: Corviknight|Body Press|p1a: Weavile
|-supereffective|p1a: Weavile
|-damage|p1a: Weavile|6/100
|
|-heal|p2a: Corviknight|100/100 brn|[from] item: Leftovers
|-damage|p2a: Corviknight|94/100 brn|[from] brn
|upkeep
|turn|14
|
|t:|1743808793
|-terastallize|p1a: Weavile|Ghost
|move|p1a: Weavile|Swords Dance|p1a: Weavile
|-boost|p1a: Weavile|atk|2
|move|p2a: Corviknight|U-turn|p1a: Weavile
|-resisted|p1a: Weavile
|-damage|p1a: Weavile|0 fnt
|faint|p1a: Weavile
|c|☆ConeFearer|fuck
|
|t:|1743808802
|switch|p2a: Articuno|Articuno-Galar|100/100|[from] U-turn
|
|upkeep
|c|☆ConeFearer|lmao
|
|t:|1743808817
|switch|p1a: Tinkaton|Tinkaton, F|100/100
|-ability|p1a: Tinkaton|Mold Breaker
|-item|p1a: Tinkaton|Air Balloon
|turn|15
|
|t:|1743808824
|switch|p2a: Corviknight|Corviknight, M|94/100 brn
|-ability|p2a: Corviknight|Pressure
|move|p1a: Tinkaton|Thunder Wave||[still]
|-fail|p1a: Tinkaton
|
|-heal|p2a: Corviknight|100/100 brn|[from] item: Leftovers
|-damage|p2a: Corviknight|94/100 brn|[from] brn
|upkeep
|turn|16
|
|t:|1743808833
|move|p1a: Tinkaton|Stealth Rock|p2a: Corviknight
|-sidestart|p2: drifter1798?|move: Stealth Rock
|move|p2a: Corviknight|U-turn|p1a: Tinkaton
|-resisted|p1a: Tinkaton
|-damage|p1a: Tinkaton|99/100
|-enditem|p1a: Tinkaton|Air Balloon
|
|t:|1743808838
|switch|p2a: Alomomola|Alomomola, F|90/100 brn|[from] U-turn
|-damage|p2a: Alomomola|78/100 brn|[from] Spikes
|-damage|p2a: Alomomola|66/100 brn|[from] Stealth Rock
|
|-damage|p2a: Alomomola|59/100 brn|[from] brn
|upkeep
|turn|17
|
|t:|1743808846
|switch|p1a: Dragonite|Dragonite, F|100/100
|move|p2a: Alomomola|Flip Turn|p1a: Dragonite
|-resisted|p1a: Dragonite
|-damage|p1a: Dragonite|98/100
|
|t:|1743808852
|switch|p2a: Corviknight|Corviknight, M|94/100 brn|[from] Flip Turn
|-damage|p2a: Corviknight|82/100 brn|[from] Stealth Rock
|-ability|p2a: Corviknight|Pressure
|
|-heal|p2a: Corviknight|88/100 brn|[from] item: Leftovers
|-damage|p2a: Corviknight|82/100 brn|[from] brn
|upkeep
|turn|18
|
|t:|1743808867
|move|p1a: Dragonite|Dragon Dance|p1a: Dragonite
|-boost|p1a: Dragonite|atk|1
|-boost|p1a: Dragonite|spe|1
|move|p2a: Corviknight|Defog|p1a: Dragonite
|-unboost|p1a: Dragonite|evasion|1
|-sideend|p2: drifter1798?|Spikes|[from] move: Defog|[of] p2a: Corviknight
|-sideend|p2: drifter1798?|Stealth Rock|[from] move: Defog|[of] p2a: Corviknight
|
|-heal|p2a: Corviknight|88/100 brn|[from] item: Leftovers
|-damage|p2a: Corviknight|82/100 brn|[from] brn
|upkeep
|turn|19
|
|t:|1743808877
|move|p1a: Dragonite|Dragon Dance|p1a: Dragonite
|-boost|p1a: Dragonite|atk|1
|-boost|p1a: Dragonite|spe|1
|move|p2a: Corviknight|U-turn|p1a: Dragonite
|-resisted|p1a: Dragonite
|-damage|p1a: Dragonite|95/100
|
|t:|1743808882
|switch|p2a: Articuno|Articuno-Galar|100/100|[from] U-turn
|
|upkeep
|turn|20
|
|t:|1743808894
|move|p1a: Dragonite|Dragon Dance|p1a: Dragonite
|-boost|p1a: Dragonite|atk|1
|-boost|p1a: Dragonite|spe|1
|move|p2a: Articuno|Hurricane|p1a: Dragonite
|-crit|p1a: Dragonite
|-damage|p1a: Dragonite|0 fnt
|faint|p1a: Dragonite
|
|upkeep
|
|t:|1743808904
|switch|p1a: Keldeo|Keldeo-Resolute|100/100
|turn|21
|
|t:|1743808910
|switch|p1a: Tinkaton|Tinkaton, F|99/100
|-ability|p1a: Tinkaton|Mold Breaker
|move|p2a: Articuno|Calm Mind|p2a: Articuno
|-boost|p2a: Articuno|spa|1
|-boost|p2a: Articuno|spd|1
|
|upkeep
|turn|22
|
|t:|1743808921
|move|p1a: Tinkaton|Thunder Wave|p2a: Articuno
|-status|p2a: Articuno|par
|move|p2a: Articuno|Agility|p2a: Articuno
|-boost|p2a: Articuno|spe|2
|
|upkeep
|turn|23
|
|t:|1743808946
|move|p1a: Tinkaton|Encore|p2a: Articuno
|-start|p2a: Articuno|Encore
|move|p2a: Articuno|Agility|p2a: Articuno
|-boost|p2a: Articuno|spe|2
|
|upkeep
|turn|24
|
|t:|1743808957
|switch|p1a: Keldeo|Keldeo-Resolute|100/100
|move|p2a: Articuno|Agility|p2a: Articuno
|-boost|p2a: Articuno|spe|2
|
|upkeep
|turn|25
|
|t:|1743808964
|move|p2a: Articuno|Agility|p2a: Articuno
|-boost|p2a: Articuno|spe|0
|move|p1a: Keldeo|Surf|p2a: Articuno
|-crit|p2a: Articuno
|-damage|p2a: Articuno|0 fnt
|faint|p2a: Articuno
|
|upkeep
|
|t:|1743808976
|switch|p2a: Alomomola|Alomomola, F|93/100 brn
|turn|26
|
|t:|1743808981
|switch|p1a: Tinkaton|Tinkaton, F|99/100
|-ability|p1a: Tinkaton|Mold Breaker
|move|p2a: Alomomola|Play Rough|p1a: Tinkaton
|-resisted|p1a: Tinkaton
|-damage|p1a: Tinkaton|95/100
|
|-damage|p2a: Alomomola|87/100 brn|[from] brn
|upkeep
|turn|27
|
|t:|1743808996
|move|p1a: Tinkaton|Stealth Rock|p2a: Alomomola
|-sidestart|p2: drifter1798?|move: Stealth Rock
|move|p2a: Alomomola|Flip Turn|p1a: Tinkaton
|-damage|p1a: Tinkaton|86/100
|
|t:|1743809002
|switch|p2a: Arcanine|Arcanine-Hisui, F|100/100|[from] Flip Turn
|-damage|p2a: Arcanine|76/100|[from] Stealth Rock
|
|upkeep
|turn|28
|
|t:|1743809025
|switch|p1a: Keldeo|Keldeo-Resolute|100/100
|move|p2a: Arcanine|Flame Charge|p1a: Keldeo
|-resisted|p1a: Keldeo
|-crit|p1a: Keldeo
|-damage|p1a: Keldeo|69/100
|-boost|p2a: Arcanine|spe|1
|-damage|p2a: Arcanine|66/100|[from] item: Life Orb
|
|upkeep
|turn|29
|
|t:|1743809037
|switch|p2a: Alomomola|Alomomola, F|100/100 brn
|-damage|p2a: Alomomola|88/100 brn|[from] Stealth Rock
|move|p1a: Keldeo|Vacuum Wave|p2a: Alomomola
|-damage|p2a: Alomomola|74/100 brn
|
|-damage|p2a: Alomomola|68/100 brn|[from] brn
|upkeep
|turn|30
|
|t:|1743809047
|switch|p1a: Tinkaton|Tinkaton, F|86/100
|-ability|p1a: Tinkaton|Mold Breaker
|move|p2a: Alomomola|Flip Turn|p1a: Tinkaton
|-damage|p1a: Tinkaton|77/100
|
|t:|1743809053
|switch|p2a: Corviknight|Corviknight, M|82/100 brn|[from] Flip Turn
|-damage|p2a: Corviknight|69/100 brn|[from] Stealth Rock
|-ability|p2a: Corviknight|Pressure
|
|-heal|p2a: Corviknight|75/100 brn|[from] item: Leftovers
|-damage|p2a: Corviknight|69/100 brn|[from] brn
|upkeep
|turn|31
|
|t:|1743809063
|move|p1a: Tinkaton|Gigaton Hammer|p2a: Corviknight
|-resisted|p2a: Corviknight
|-damage|p2a: Corviknight|57/100 brn
|move|p2a: Corviknight|Defog|p1a: Tinkaton
|-unboost|p1a: Tinkaton|evasion|1
|-sideend|p2: drifter1798?|Stealth Rock|[from] move: Defog|[of] p2a: Corviknight
|
|-heal|p2a: Corviknight|63/100 brn|[from] item: Leftovers
|-damage|p2a: Corviknight|57/100 brn|[from] brn
|upkeep
|turn|32
|
|t:|1743809072
|switch|p2a: Arcanine|Arcanine-Hisui, F|66/100
|move|p1a: Tinkaton|Encore||[still]
|-fail|p1a: Tinkaton
|
|upkeep
|turn|33
|
|t:|1743809114
|-terastallize|p2a: Arcanine|Rock
|move|p1a: Tinkaton|Thunder Wave|p2a: Arcanine
|-status|p2a: Arcanine|par
|move|p2a: Arcanine|Head Smash|p1a: Tinkaton
|-resisted|p1a: Tinkaton
|-damage|p1a: Tinkaton|10/100
|-damage|p2a: Arcanine|56/100 par|[from] item: Life Orb
|
|upkeep
|turn|34
|
|t:|1743809151
|move|p2a: Arcanine|Extreme Speed|p1a: Tinkaton
|-resisted|p1a: Tinkaton
|-damage|p1a: Tinkaton|0 fnt
|faint|p1a: Tinkaton
|-damage|p2a: Arcanine|46/100 par|[from] item: Life Orb
|
|upkeep
|inactive|Battle timer is ON: inactive players will automatically lose when time's up. (requested by drifter1798?)
|
|t:|1743809178
|switch|p1a: Keldeo|Keldeo-Resolute|69/100
|turn|35
|
|t:|1743809182
|move|p2a: Arcanine|Extreme Speed|p1a: Keldeo
|-damage|p1a: Keldeo|28/100
|-damage|p2a: Arcanine|36/100 par|[from] item: Life Orb
|move|p1a: Keldeo|Secret Sword|p2a: Arcanine
|-supereffective|p2a: Arcanine
|-damage|p2a: Arcanine|0 fnt
|faint|p2a: Arcanine
|
|upkeep
|
|t:|1743809191
|switch|p2a: Corviknight|Corviknight, M|57/100 brn
|-ability|p2a: Corviknight|Pressure
|turn|36
|
|t:|1743809195
|move|p1a: Keldeo|Secret Sword|p2a: Corviknight
|-damage|p2a: Corviknight|21/100 brn
|move|p2a: Corviknight|Body Press|p1a: Keldeo
|-damage|p1a: Keldeo|12/100
|
|-heal|p2a: Corviknight|27/100 brn|[from] item: Leftovers
|-damage|p2a: Corviknight|21/100 brn|[from] brn
|upkeep
|turn|37
|
|t:|1743809207
|move|p1a: Keldeo|Secret Sword|p2a: Corviknight
|-damage|p2a: Corviknight|0 fnt
|faint|p2a: Corviknight
|
|upkeep
|
|t:|1743809212
|switch|p2a: Alomomola|Alomomola, F|100/100 brn
|turn|38
|c|☆ConeFearer|ggwp
|
|t:|1743809219
|move|p1a: Keldeo|Secret Sword|p2a: Alomomola
|-damage|p2a: Alomomola|46/100 brn
|move|p2a: Alomomola|Mirror Coat|p1a: Keldeo
|-damage|p1a: Keldeo|0 fnt
|faint|p1a: Keldeo
|
|win|drifter1798?
|raw|ConeFearer's rating: 1443 &rarr; <strong>1422</strong><br />(-21 for losing)
|raw|drifter1798?'s rating: 1426 &rarr; <strong>1447</strong><br />(+21 for winning)
|c|☆drifter1798?|gg
|l|☆drifter1798?
|player|p2|
|l|☆ConeFearer
|player|p1|
