|j|☆Susuu_
|j|☆loki001
|t:|1743792227
|gametype|singles
|player|p1|Susuu_|acetrainerf|1263
|player|p2|loki001|burglar|1206
|teamsize|p1|6
|teamsize|p2|6
|gen|9
|tier|[Gen 9] OU
|rated|
|rule|HP Percentage Mod: HP is shown in percentages
|rule|Endless Battle Clause: Forcing endless battles is banned
|rule|Species Clause: Limit one of each Pokémon
|rule|OHKO Clause: OHKO moves are banned
|rule|Evasion Items Clause: Evasion items are banned
|rule|Evasion Moves Clause: Evasion moves are banned
|rule|Sleep Moves Clause: Sleep-inducing moves are banned
|clearpoke
|poke|p1|Pelipper, M|
|poke|p1|Raging Bolt|
|poke|p1|Ogerpon-Wellspring, F|
|poke|p1|Iron Treads|
|poke|p1|Basculegion-F, F|
|poke|p1|Clefable, M|
|poke|p2|Glimmora, F|
|poke|p2|Zamazenta-*|
|poke|p2|Latias, F|
|poke|p2|Gholdengo|
|poke|p2|Dragonite, F|
|poke|p2|Weavile, M|
|teampreview
|
|t:|1743792234
|start
|switch|p1a: Pelipper|Pelipper, M|100/100
|switch|p2a: Zamazenta|Zamazenta, shiny|100/100
|-ability|p2a: Zamazenta|Dauntless Shield|boost
|-boost|p2a: Zamazenta|def|1
|-weather|RainDance|[from] ability: Drizzle|[of] p1a: Pelipper
|turn|1
|
|t:|1743792247
|move|p2a: Zamazenta|Substitute|p2a: Zamazenta
|-start|p2a: Zamazenta|Substitute
|-damage|p2a: Zamazenta|76/100
|move|p1a: Pelipper|U-turn|p2a: Zamazenta
|-resisted|p2a: Zamazenta
|-activate|p2a: Zamazenta|move: Substitute|[damage]
|
|t:|1743792253
|switch|p1a: Raging Bolt|Raging Bolt|100/100|[from] U-turn
|
|-weather|RainDance|[upkeep]
|-heal|p2a: Zamazenta|82/100|[from] item: Leftovers
|upkeep
|turn|2
|
|t:|1743792258
|move|p2a: Zamazenta|Iron Defense|p2a: Zamazenta
|-boost|p2a: Zamazenta|def|2
|move|p1a: Raging Bolt|Thunder|p2a: Zamazenta
|-end|p2a: Zamazenta|Substitute
|
|-weather|RainDance|[upkeep]
|-heal|p2a: Zamazenta|88/100|[from] item: Leftovers
|upkeep
|turn|3
|
|t:|1743792266
|move|p1a: Raging Bolt|Thunderclap||[still]
|-fail|p1a: Raging Bolt
|move|p2a: Zamazenta|Iron Defense|p2a: Zamazenta
|-boost|p2a: Zamazenta|def|2
|
|-weather|RainDance|[upkeep]
|-heal|p2a: Zamazenta|94/100|[from] item: Leftovers
|upkeep
|turn|4
|
|t:|1743792272
|-terastallize|p1a: Raging Bolt|Flying
|move|p2a: Zamazenta|Substitute|p2a: Zamazenta
|-start|p2a: Zamazenta|Substitute
|-damage|p2a: Zamazenta|69/100
|move|p1a: Raging Bolt|Thunder|p2a: Zamazenta
|-end|p2a: Zamazenta|Substitute
|
|-weather|RainDance|[upkeep]
|-heal|p2a: Zamazenta|76/100|[from] item: Leftovers
|upkeep
|turn|5
|
|t:|1743792297
|move|p2a: Zamazenta|Substitute|p2a: Zamazenta
|-start|p2a: Zamazenta|Substitute
|-damage|p2a: Zamazenta|51/100
|move|p1a: Raging Bolt|Thunder|p2a: Zamazenta
|-end|p2a: Zamazenta|Substitute
|
|-weather|RainDance|[upkeep]
|-heal|p2a: Zamazenta|57/100|[from] item: Leftovers
|upkeep
|turn|6
|
|t:|1743792305
|move|p2a: Zamazenta|Iron Defense|p2a: Zamazenta
|-boost|p2a: Zamazenta|def|1
|move|p1a: Raging Bolt|Thunder|p2a: Zamazenta
|-damage|p2a: Zamazenta|5/100
|
|-weather|RainDance|[upkeep]
|-heal|p2a: Zamazenta|11/100|[from] item: Leftovers
|upkeep
|turn|7
|
|t:|1743792313
|move|p1a: Raging Bolt|Thunderclap|p2a: Zamazenta
|-damage|p2a: Zamazenta|0 fnt
|faint|p2a: Zamazenta
|
|-weather|RainDance|[upkeep]
|upkeep
|
|t:|1743792329
|switch|p2a: Weavile|Weavile, M|100/100
|turn|8
|inactive|Battle timer is ON: inactive players will automatically lose when time's up. (requested by loki001)
|
|t:|1743792358
|move|p2a: Weavile|Swords Dance|p2a: Weavile
|-boost|p2a: Weavile|atk|2
|move|p1a: Raging Bolt|Thunder|p2a: Weavile
|-damage|p2a: Weavile|10/100
|
|-weather|none
|upkeep
|turn|9
|
|t:|1743792366
|move|p1a: Raging Bolt|Thunderclap|p2a: Weavile
|-damage|p2a: Weavile|0 fnt
|faint|p2a: Weavile
|
|upkeep
|
|t:|1743792373
|switch|p2a: Gholdengo|Gholdengo, shiny|100/100
|turn|10
|
|t:|1743792382
|move|p2a: Gholdengo|Nasty Plot|p2a: Gholdengo
|-boost|p2a: Gholdengo|spa|2
|move|p1a: Raging Bolt|Volt Switch|p2a: Gholdengo
|-damage|p2a: Gholdengo|57/100
|
|t:|1743792389
|-end|p1a: Raging Bolt|Protosynthesis|[silent]
|switch|p1a: Pelipper|Pelipper, M|100/100|[from] Volt Switch
|-weather|RainDance|[from] ability: Drizzle|[of] p1a: Pelipper
|
|-weather|RainDance|[upkeep]
|upkeep
|turn|11
|
|t:|1743792397
|move|p2a: Gholdengo|Nasty Plot|p2a: Gholdengo
|-boost|p2a: Gholdengo|spa|2
|move|p1a: Pelipper|U-turn|p2a: Gholdengo
|-resisted|p2a: Gholdengo
|-damage|p2a: Gholdengo|55/100
|
|t:|1743792405
|switch|p1a: Ogerpon|Ogerpon-Wellspring, F|100/100|[from] U-turn
|
|-weather|RainDance|[upkeep]
|upkeep
|turn|12
|
|t:|1743792412
|move|p1a: Ogerpon|Ivy Cudgel|p2a: Gholdengo|[anim] Ivy Cudgel Water
|-crit|p2a: Gholdengo
|-damage|p2a: Gholdengo|0 fnt
|faint|p2a: Gholdengo
|
|-weather|RainDance|[upkeep]
|upkeep
|inactive|loki001 has 120 seconds left.
|
|t:|1743792468
|switch|p2a: Latias|Latias, F, shiny|100/100
|turn|13
|
|t:|1743792481
|move|p1a: Ogerpon|Knock Off|p2a: Latias
|-supereffective|p2a: Latias
|-damage|p2a: Latias|29/100
|-enditem|p2a: Latias|Leftovers|[from] move: Knock Off|[of] p1a: Ogerpon
|move|p2a: Latias|Calm Mind|p2a: Latias
|-boost|p2a: Latias|spa|1
|-boost|p2a: Latias|spd|1
|
|-weather|RainDance|[upkeep]
|upkeep
|turn|14
|
|t:|1743792489
|move|p1a: Ogerpon|U-turn|p2a: Latias
|-supereffective|p2a: Latias
|-damage|p2a: Latias|0 fnt
|faint|p2a: Latias
|-message|loki001 forfeited.
|
|win|Susuu_
|raw|Susuu_'s rating: 1263 &rarr; <strong>1284</strong><br />(+21 for winning)
|raw|loki001's rating: 1206 &rarr; <strong>1185</strong><br />(-21 for losing)
|l|☆loki001
|player|p2|
