|badge|p1|bronze|gen9ou|100-5
|uhtml|medal-msg|<div class="broadcast-blue">Curious what those medals under the avatar are? PS now has Ladder Seasons! For more information, check out the <a href="https://www.smogon.com/forums/threads/3740067/">thread on Smogon.</a></div>
|badge|p2|bronze|gen9ou|100-5
|uhtml|medal-msg|<div class="broadcast-blue">Curious what those medals under the avatar are? PS now has Ladder Seasons! For more information, check out the <a href="https://www.smogon.com/forums/threads/3740067/">thread on Smogon.</a></div>
|j|☆Johnny tots
|j|☆mr.diversity
|t:|1743816203
|gametype|singles
|player|p1|Johnny tots|2|1853
|player|p2|mr.diversity|bruno|1906
|teamsize|p1|6
|teamsize|p2|6
|gen|9
|tier|[Gen 9] OU
|rated|
|rule|HP Percentage Mod: HP is shown in percentages
|rule|Endless Battle Clause: Forcing endless battles is banned
|rule|Species Clause: Limit one of each Pokémon
|rule|OHKO Clause: OHKO moves are banned
|rule|Evasion Items Clause: Evasion items are banned
|rule|Evasion Moves Clause: Evasion moves are banned
|rule|Sleep Moves Clause: Sleep-inducing moves are banned
|clearpoke
|poke|p1|Rillaboom, F|
|poke|p1|Klefki, F|
|poke|p1|Manaphy|
|poke|p1|Ogerpon-Wellspring, F|
|poke|p1|Maushold-Four|
|poke|p1|Clefable, F|
|poke|p2|Landorus-Therian, M|
|poke|p2|Cinderace, M|
|poke|p2|Great Tusk|
|poke|p2|Heatran, M|
|poke|p2|Clodsire, F|
|poke|p2|Armarouge, F|
|teampreview
|inactive|Battle timer is ON: inactive players will automatically lose when time's up. (requested by mr.diversity)
|
|t:|1743816213
|start
|switch|p1a: Manaphy|Manaphy|100/100
|switch|p2a: Cinderace|Cinderace, M|100/100
|turn|1
|
|t:|1743816217
|move|p2a: Cinderace|High Jump Kick|p1a: Manaphy
|-start|p2a: Cinderace|typechange|Fighting|[from] ability: Libero
|-damage|p1a: Manaphy|11/100
|move|p1a: Manaphy|Scald|p2a: Cinderace
|-damage|p2a: Cinderace|50/100
|
|-heal|p1a: Manaphy|18/100|[from] item: Leftovers
|upkeep
|turn|2
|j| m0chaman_829
|
|t:|1743816223
|switch|p1a: Clefable|Clefable, F|100/100
|move|p2a: Cinderace|High Jump Kick|p1a: Clefable
|-resisted|p1a: Clefable
|-damage|p1a: Clefable|56/100
|
|-heal|p1a: Clefable|62/100|[from] item: Leftovers
|upkeep
|turn|3
|
|t:|1743816227
|switch|p2a: Heatran|Heatran, M|100/100
|switch|p1a: Manaphy|Manaphy|18/100
|
|-heal|p1a: Manaphy|24/100|[from] item: Leftovers
|upkeep
|turn|4
|
|t:|1743816230
|move|p1a: Manaphy|Scald|p2a: Heatran
|-supereffective|p2a: Heatran
|-damage|p2a: Heatran|35/100
|move|p2a: Heatran|Dragon Pulse|p1a: Manaphy
|-damage|p1a: Manaphy|0 fnt
|faint|p1a: Manaphy
|
|upkeep
|
|t:|1743816250
|switch|p1a: Klefki|Klefki, F|100/100
|turn|5
|
|t:|1743816255
|switch|p2a: Cinderace|Cinderace, M|50/100
|move|p1a: Klefki|Spikes|p2a: Cinderace
|-sidestart|p2: mr.diversity|Spikes
|
|upkeep
|turn|6
|
|t:|1743816257
|move|p1a: Klefki|Reflect|p1a: Klefki
|-sidestart|p1: Johnny tots|Reflect
|move|p2a: Cinderace|Pyro Ball|p1a: Klefki
|-supereffective|p1a: Klefki
|-damage|p1a: Klefki|32/100
|
|upkeep
|turn|7
|j| dilf huntr
|
|t:|1743816259
|move|p1a: Klefki|Light Screen|p1a: Klefki
|-sidestart|p1: Johnny tots|move: Light Screen
|move|p2a: Cinderace|Pyro Ball|p1a: Klefki
|-supereffective|p1a: Klefki
|-damage|p1a: Klefki|0 fnt
|faint|p1a: Klefki
|
|upkeep
|j| spicy boii
|j| renjinku
|j| tikiweaki
|l| spicy boii
|
|t:|1743816275
|switch|p1a: Ogerpon|Ogerpon-Wellspring, F|100/100
|turn|8
|
|t:|1743816282
|switch|p2a: Clodsire|Clodsire, F|100/100
|-damage|p2a: Clodsire|88/100|[from] Spikes
|move|p1a: Ogerpon|Ivy Cudgel|p2a: Clodsire|[anim] Ivy Cudgel Water
|-heal|p2a: Clodsire|100/100|[from] ability: Water Absorb|[of] p1a: Ogerpon
|
|upkeep
|turn|9
|j| spicy boii
|l| m0chaman_829
|
|t:|1743816290
|switch|p1a: Clefable|Clefable, F|62/100
|move|p2a: Clodsire|Toxic|p1a: Clefable
|-status|p1a: Clefable|tox
|
|-heal|p1a: Clefable|68/100 tox|[from] item: Leftovers
|upkeep
|turn|10
|
|t:|1743816293
|switch|p2a: Heatran|Heatran, M|35/100
|-damage|p2a: Heatran|23/100|[from] Spikes
|move|p1a: Clefable|Calm Mind|p1a: Clefable
|-boost|p1a: Clefable|spa|1
|-boost|p1a: Clefable|spd|1
|
|-heal|p1a: Clefable|74/100 tox|[from] item: Leftovers
|upkeep
|turn|11
|
|t:|1743816297
|move|p2a: Heatran|Flash Cannon|p1a: Clefable
|-supereffective|p1a: Clefable
|-damage|p1a: Clefable|30/100 tox
|move|p1a: Clefable|Moonblast|p2a: Heatran
|-resisted|p2a: Heatran
|-damage|p2a: Heatran|10/100
|-unboost|p2a: Heatran|spa|1
|
|-heal|p1a: Clefable|36/100 tox|[from] item: Leftovers
|upkeep
|turn|12
|j| nirvana9
|
|t:|1743816308
|move|p2a: Heatran|Flash Cannon|p1a: Clefable
|-supereffective|p1a: Clefable
|-damage|p1a: Clefable|5/100 tox
|move|p1a: Clefable|Moonblast|p2a: Heatran
|-resisted|p2a: Heatran
|-damage|p2a: Heatran|0 fnt
|faint|p2a: Heatran
|
|-heal|p1a: Clefable|11/100 tox|[from] item: Leftovers
|upkeep
|
|t:|1743816310
|switch|p2a: Landorus|Landorus-Therian, M|100/100
|-ability|p2a: Landorus|Intimidate|boost
|-unboost|p1a: Clefable|atk|1
|turn|13
|
|t:|1743816314
|move|p2a: Landorus|U-turn|p1a: Clefable
|-resisted|p1a: Clefable
|-damage|p1a: Clefable|0 fnt
|faint|p1a: Clefable
|
|t:|1743816316
|switch|p2a: Cinderace|Cinderace, M|50/100|[from] U-turn
|-damage|p2a: Cinderace|38/100|[from] Spikes
|
|-sideend|p1: Johnny tots|Reflect
|upkeep
|
|t:|1743816332
|switch|p1a: Ogerpon|Ogerpon-Wellspring, F|100/100
|turn|14
|
|t:|1743816340
|move|p2a: Cinderace|High Jump Kick|p1a: Ogerpon
|-start|p2a: Cinderace|typechange|Fighting|[from] ability: Libero
|-damage|p1a: Ogerpon|0 fnt
|faint|p1a: Ogerpon
|
|-sideend|p1: Johnny tots|move: Light Screen
|upkeep
|
|t:|1743816343
|switch|p1a: Rillaboom|Rillaboom, F|100/100
|-fieldstart|move: Grassy Terrain|[from] ability: Grassy Surge|[of] p1a: Rillaboom
|turn|15
|l| dilf huntr
|
|t:|1743816349
|switch|p2a: Armarouge|Armarouge, F|100/100
|-damage|p2a: Armarouge|88/100|[from] Spikes
|move|p1a: Rillaboom|Bulk Up|p1a: Rillaboom
|-boost|p1a: Rillaboom|atk|1
|-boost|p1a: Rillaboom|def|1
|
|-heal|p2a: Armarouge|94/100|[from] Grassy Terrain
|upkeep
|turn|16
|
|t:|1743816357
|move|p2a: Armarouge|Armor Cannon|p1a: Rillaboom
|-supereffective|p1a: Rillaboom
|-damage|p1a: Rillaboom|0 fnt
|-unboost|p2a: Armarouge|def|1
|-unboost|p2a: Armarouge|spd|1
|faint|p1a: Rillaboom
|
|-heal|p2a: Armarouge|100/100|[from] Grassy Terrain
|upkeep
|
|t:|1743816360
|switch|p1a: Maushold|Maushold-Four|100/100
|turn|17
|
|t:|1743816365
|move|p1a: Maushold|Tidy Up|p1a: Maushold
|-sideend|p2: mr.diversity|Spikes
|-activate|p1a: Maushold|move: Tidy Up
|-boost|p1a: Maushold|atk|1
|-boost|p1a: Maushold|spe|1
|move|p2a: Armarouge|Armor Cannon|p1a: Maushold
|-damage|p1a: Maushold|17/100
|-unboost|p2a: Armarouge|def|1
|-unboost|p2a: Armarouge|spd|1
|
|-heal|p1a: Maushold|23/100|[from] Grassy Terrain
|upkeep
|turn|18
|
|t:|1743816370
|move|p2a: Armarouge|Endure|p2a: Armarouge
|-singleturn|p2a: Armarouge|move: Endure
|move|p1a: Maushold|Population Bomb|p2a: Armarouge
|-damage|p2a: Armarouge|64/100
|-ability|p2a: Armarouge|Weak Armor|boost
|-unboost|p2a: Armarouge|def|1
|-boost|p2a: Armarouge|spe|2
|-damage|p2a: Armarouge|11/100
|-ability|p2a: Armarouge|Weak Armor|boost
|-unboost|p2a: Armarouge|def|1
|-boost|p2a: Armarouge|spe|2
|-activate|p2a: Armarouge|move: Endure
|-damage|p2a: Armarouge|1/100
|-ability|p2a: Armarouge|Weak Armor|boost
|-unboost|p2a: Armarouge|def|1
|-boost|p2a: Armarouge|spe|2
|-activate|p2a: Armarouge|move: Endure
|-damage|p2a: Armarouge|1/100
|-ability|p2a: Armarouge|Weak Armor|boost
|-unboost|p2a: Armarouge|def|1
|-activate|p2a: Armarouge|move: Endure
|-damage|p2a: Armarouge|1/100
|-activate|p2a: Armarouge|move: Endure
|-damage|p2a: Armarouge|1/100
|-hitcount|p2a: Armarouge|6
|
|-heal|p2a: Armarouge|7/100|[from] Grassy Terrain
|-heal|p1a: Maushold|29/100|[from] Grassy Terrain
|upkeep
|turn|19
|
|t:|1743816374
|move|p2a: Armarouge|Armor Cannon|p1a: Maushold
|-damage|p1a: Maushold|0 fnt
|-unboost|p2a: Armarouge|spd|1
|faint|p1a: Maushold
|
|win|mr.diversity
|raw|Johnny tots's rating: 1853 &rarr; <strong>1836</strong><br />(-17 for losing)
|raw|mr.diversity's rating: 1906 &rarr; <strong>1923</strong><br />(+17 for winning)
|l|☆mr.diversity
|player|p2|
|l|☆Johnny tots
|player|p1|
|l| renjinku
|j| renjinku
|l| renjinku
|l| nirvana9
