|j|☆YFN Ghetsis
|j|☆Achamo5
|t:|1743879469
|gametype|singles
|player|p1|YFN Ghetsis|266|1508
|player|p2|Achamo5|bede|1532
|teamsize|p1|6
|teamsize|p2|6
|gen|9
|tier|[Gen 9] OU
|rated|
|rule|HP Percentage Mod: HP is shown in percentages
|rule|Endless Battle Clause: Forcing endless battles is banned
|rule|Species Clause: Limit one of each Pokémon
|rule|OHKO Clause: OHKO moves are banned
|rule|Evasion Items Clause: Evasion items are banned
|rule|Evasion Moves Clause: Evasion moves are banned
|rule|Sleep Moves Clause: Sleep-inducing moves are banned
|clearpoke
|poke|p1|Iron Boulder|
|poke|p1|Raging Bolt|
|poke|p1|Araquanid, M|
|poke|p1|Gholdengo|
|poke|p1|Great Tusk|
|poke|p1|Blaziken, M|
|poke|p2|Latios, M|
|poke|p2|Rotom-Wash|
|poke|p2|Gholdengo|
|poke|p2|Ting-Lu|
|poke|p2|Iron Valiant|
|poke|p2|Hydreigon, F|
|teampreview
|inactive|Battle timer is ON: inactive players will automatically lose when time's up. (requested by Achamo5)
|
|t:|1743879484
|start
|switch|p1a: Araquanid|Araquanid, M|100/100
|switch|p2a: LuLu|Ting-Lu|100/100
|-ability|p2a: LuLu|Vessel of Ruin
|turn|1
|
|t:|1743879494
|move|p2a: LuLu|Stealth Rock|p1a: Araquanid
|-sidestart|p1: YFN Ghetsis|move: Stealth Rock
|move|p1a: Araquanid|Liquidation|p2a: LuLu
|-supereffective|p2a: LuLu
|-damage|p2a: LuLu|32/100
|
|-heal|p2a: LuLu|38/100|[from] item: Leftovers
|upkeep
|turn|2
|
|t:|1743879501
|switch|p2a: Bottom-Wash|Rotom-Wash, shiny|100/100
|move|p1a: Araquanid|Sticky Web|p2a: Bottom-Wash
|-sidestart|p2: Achamo5|move: Sticky Web
|
|upkeep
|turn|3
|
|t:|1743879517
|move|p2a: Bottom-Wash|Volt Switch|p1a: Araquanid
|-supereffective|p1a: Araquanid
|-damage|p1a: Araquanid|61/100
|
|t:|1743879519
|switch|p2a: LuLu|Ting-Lu|38/100|[from] Volt Switch
|-activate|p2a: LuLu|move: Sticky Web
|-unboost|p2a: LuLu|spe|1
|-ability|p2a: LuLu|Vessel of Ruin
|move|p1a: Araquanid|Liquidation|p2a: LuLu
|-supereffective|p2a: LuLu
|-damage|p2a: LuLu|0 fnt
|faint|p2a: LuLu
|
|upkeep
|
|t:|1743879527
|switch|p2a: 3HeadedSnake|Hydreigon, F|100/100
|turn|4
|
|t:|1743879542
|move|p2a: 3HeadedSnake|Draco Meteor|p1a: Araquanid|[miss]
|-miss|p2a: 3HeadedSnake|p1a: Araquanid
|move|p1a: Araquanid|Endeavor|p2a: 3HeadedSnake
|-damage|p2a: 3HeadedSnake|64/100
|
|upkeep
|turn|5
|
|t:|1743879563
|move|p2a: 3HeadedSnake|Draco Meteor|p1a: Araquanid
|-damage|p1a: Araquanid|0 fnt
|-unboost|p2a: 3HeadedSnake|spa|2
|faint|p1a: Araquanid
|
|upkeep
|inactive|YFN Ghetsis has 120 seconds left.
|inactive|YFN Ghetsis has 90 seconds left.
|
|t:|1743879630
|switch|p1a: Great Tusk|Great Tusk|100/100
|-damage|p1a: Great Tusk|98/100|[from] Stealth Rock
|-enditem|p1a: Great Tusk|Booster Energy
|-activate|p1a: Great Tusk|ability: Protosynthesis|[fromitem]
|-start|p1a: Great Tusk|protosynthesisatk
|turn|6
|inactive|YFN Ghetsis has 60 seconds left.
|
|t:|1743879658
|move|p2a: 3HeadedSnake|Draco Meteor|p1a: Great Tusk
|-damage|p1a: Great Tusk|25/100
|-unboost|p2a: 3HeadedSnake|spa|2
|move|p1a: Great Tusk|Ice Spinner|p2a: 3HeadedSnake
|-supereffective|p2a: 3HeadedSnake
|-damage|p2a: 3HeadedSnake|0 fnt
|faint|p2a: 3HeadedSnake
|
|upkeep
|inactive|Achamo5 has 120 seconds left.
|
|t:|1743879682
|switch|p2a: Shmatios|Latios, M|100/100
|turn|7
|inactive|YFN Ghetsis has 60 seconds left.
|
|t:|1743879697
|-end|p1a: Great Tusk|Protosynthesis|[silent]
|switch|p1a: Gholdengo|Gholdengo|100/100
|-damage|p1a: Gholdengo|94/100|[from] Stealth Rock
|-item|p1a: Gholdengo|Air Balloon
|move|p2a: Shmatios|Luster Purge|p1a: Gholdengo
|-resisted|p1a: Gholdengo
|-damage|p1a: Gholdengo|72/100
|-enditem|p1a: Gholdengo|Air Balloon
|
|upkeep
|turn|8
|inactive|YFN Ghetsis has 60 seconds left.
|inactive|Achamo5 has 120 seconds left.
|
|t:|1743879715
|switch|p2a: Bottom-Wash|Rotom-Wash, shiny|100/100
|move|p1a: Gholdengo|Shadow Ball|p2a: Bottom-Wash
|-damage|p2a: Bottom-Wash|59/100
|
|-heal|p2a: Bottom-Wash|65/100|[from] item: Leftovers
|upkeep
|turn|9
|inactive|YFN Ghetsis has 60 seconds left.
|inactive|Achamo5 has 120 seconds left.
|
|t:|1743879740
|move|p1a: Gholdengo|Shadow Ball|p2a: Bottom-Wash
|-damage|p2a: Bottom-Wash|26/100
|move|p2a: Bottom-Wash|Pain Split|p1a: Gholdengo
|-immune|p1a: Gholdengo|[from] ability: Good as Gold
|
|-heal|p2a: Bottom-Wash|32/100|[from] item: Leftovers
|upkeep
|turn|10
|
|t:|1743879749
|move|p1a: Gholdengo|Shadow Ball|p2a: Bottom-Wash
|-damage|p2a: Bottom-Wash|0 fnt
|faint|p2a: Bottom-Wash
|
|upkeep
|
|t:|1743879755
|switch|p2a: Shmoldengo|Gholdengo|100/100
|-item|p2a: Shmoldengo|Air Balloon
|turn|11
|inactive|YFN Ghetsis has 60 seconds left.
|
|t:|1743879784
|switch|p1a: Great Tusk|Great Tusk|25/100
|-damage|p1a: Great Tusk|22/100|[from] Stealth Rock
|move|p2a: Shmoldengo|Hex|p1a: Great Tusk
|-crit|p1a: Great Tusk
|-damage|p1a: Great Tusk|0 fnt
|faint|p1a: Great Tusk
|-end|p1a: Great Tusk|Protosynthesis|[silent]
|
|upkeep
|
|t:|1743879809
|switch|p1a: Raging Bolt|Raging Bolt|100/100
|-damage|p1a: Raging Bolt|88/100|[from] Stealth Rock
|-enditem|p1a: Raging Bolt|Booster Energy
|-activate|p1a: Raging Bolt|ability: Protosynthesis|[fromitem]
|-start|p1a: Raging Bolt|protosynthesisspa
|turn|12
|inactive|Achamo5 has 120 seconds left.
|
|t:|1743879829
|switch|p2a: Shmatios|Latios, M|100/100
|move|p1a: Raging Bolt|Thunderbolt|p2a: Shmatios
|-resisted|p2a: Shmatios
|-damage|p2a: Shmatios|63/100
|
|upkeep
|turn|13
|inactive|Achamo5 has 120 seconds left.
|inactive|YFN Ghetsis has 30 seconds left.
|inactive|YFN Ghetsis has 20 seconds left.
|inactive|YFN Ghetsis has 15 seconds left.
|inactive|YFN Ghetsis has 10 seconds left.
|
|t:|1743879866
|-end|p1a: Raging Bolt|Protosynthesis|[silent]
|switch|p1a: Iron Boulder|Iron Boulder|100/100
|-damage|p1a: Iron Boulder|88/100|[from] Stealth Rock
|-enditem|p1a: Iron Boulder|Booster Energy
|-activate|p1a: Iron Boulder|ability: Quark Drive|[fromitem]
|-start|p1a: Iron Boulder|quarkdriveatk
|move|p2a: Shmatios|Draco Meteor|p1a: Iron Boulder
|-damage|p1a: Iron Boulder|20/100
|-unboost|p2a: Shmatios|spa|2
|
|upkeep
|turn|14
|inactive|YFN Ghetsis has 20 seconds left this turn.
|inactive|YFN Ghetsis has 15 seconds left.
|inactive|YFN Ghetsis has 10 seconds left.
|
|t:|1743879876
|move|p2a: Shmatios|Draco Meteor|p1a: Iron Boulder|[miss]
|-miss|p2a: Shmatios|p1a: Iron Boulder
|move|p1a: Iron Boulder|Mighty Cleave|p2a: Shmatios
|-damage|p2a: Shmatios|0 fnt
|faint|p2a: Shmatios
|
|upkeep
|inactive|YFN Ghetsis has 15 seconds left this turn.
|
|t:|1743879882
|switch|p2a: Shmoldengo|Gholdengo|100/100
|-item|p2a: Shmoldengo|Air Balloon
|turn|15
|inactive|YFN Ghetsis has 25 seconds left this turn.
|inactive|YFN Ghetsis has 20 seconds left.
|
|t:|1743879888
|move|p1a: Iron Boulder|Mighty Cleave|p2a: Shmoldengo
|-resisted|p2a: Shmoldengo
|-damage|p2a: Shmoldengo|78/100
|-enditem|p2a: Shmoldengo|Air Balloon
|move|p2a: Shmoldengo|Hex|p1a: Iron Boulder
|-supereffective|p1a: Iron Boulder
|-damage|p1a: Iron Boulder|0 fnt
|faint|p1a: Iron Boulder
|-end|p1a: Iron Boulder|Quark Drive|[silent]
|
|upkeep
|inactive|YFN Ghetsis has 25 seconds left this turn.
|inactive|YFN Ghetsis has 20 seconds left.
|inactive|YFN Ghetsis has 15 seconds left.
|
|t:|1743879901
|switch|p1a: Raging Bolt|Raging Bolt|88/100
|-damage|p1a: Raging Bolt|76/100|[from] Stealth Rock
|turn|16
|inactive|YFN Ghetsis has 25 seconds left this turn.
|
|t:|1743879905
|move|p1a: Raging Bolt|Thunderbolt|p2a: Shmoldengo
|-damage|p2a: Shmoldengo|23/100
|move|p2a: Shmoldengo|Hex|p1a: Raging Bolt
|-damage|p1a: Raging Bolt|49/100
|
|upkeep
|turn|17
|inactive|YFN Ghetsis has 30 seconds left.
|
|t:|1743879912
|move|p1a: Raging Bolt|Thunderbolt|p2a: Shmoldengo
|-damage|p2a: Shmoldengo|0 fnt
|faint|p2a: Shmoldengo
|
|upkeep
|
|t:|1743879914
|switch|p2a: MissThang|Iron Valiant|100/100
|turn|18
|
|t:|1743879929
|-terastallize|p1a: Raging Bolt|Fairy
|move|p2a: MissThang|Moonblast|p1a: Raging Bolt
|-damage|p1a: Raging Bolt|7/100
|move|p1a: Raging Bolt|Thunderbolt|p2a: MissThang
|-damage|p2a: MissThang|0 fnt
|faint|p2a: MissThang
|-end|p2a: MissThang|Quark Drive|[silent]
|
|win|YFN Ghetsis
|raw|YFN Ghetsis's rating: 1508 &rarr; <strong>1529</strong><br />(+21 for winning)
|raw|Achamo5's rating: 1532 &rarr; <strong>1511</strong><br />(-21 for losing)
|l|☆Achamo5
|player|p2|
|l|☆YFN Ghetsis
|player|p1|
