|j|☆MIT POG MOMENT
|j|☆ian_yo
|t:|1743888951
|gametype|singles
|player|p1|MIT POG MOMENT|crasherwake|1482
|player|p2|ian_yo|skier|1466
|teamsize|p1|6
|teamsize|p2|6
|gen|9
|tier|[Gen 9] OU
|rated|
|rule|HP Percentage Mod: HP is shown in percentages
|rule|Endless Battle Clause: Forcing endless battles is banned
|rule|Species Clause: Limit one of each Pokémon
|rule|OHKO Clause: OHKO moves are banned
|rule|Evasion Items Clause: Evasion items are banned
|rule|Evasion Moves Clause: Evasion moves are banned
|rule|Sleep Moves Clause: Sleep-inducing moves are banned
|clearpoke
|poke|p1|Volcanion|
|poke|p1|Corviknight, F|
|poke|p1|Cinderace, M|
|poke|p1|Ursaluna, M|
|poke|p1|Hatterene, F|
|poke|p1|Porygon-Z|
|poke|p2|Torkoal, M|
|poke|p2|Klefki, M|
|poke|p2|Hatterene, F|
|poke|p2|Cresselia, F|
|poke|p2|Rabsca, M|
|poke|p2|Hattrem, F|
|teampreview
|inactive|Battle timer is ON: inactive players will automatically lose when time's up. (requested by ian_yo)
|
|t:|1743888975
|start
|switch|p1a: THIS AINT RU|Porygon-Z|100/100
|switch|p2a: Hattrem|Hattrem, F|100/100
|turn|1
|
|t:|1743888978
|move|p1a: THIS AINT RU|Tri Attack|p2a: Hattrem
|-enditem|p2a: Hattrem|Focus Sash
|-damage|p2a: Hattrem|1/100
|move|p2a: Hattrem|Trick Room|p2a: Hattrem
|-fieldstart|move: Trick Room|[of] p2a: Hattrem
|
|upkeep
|turn|2
|
|t:|1743888988
|switch|p1a: goldnuts|Corviknight, F|100/100
|-ability|p1a: goldnuts|Pressure
|move|p2a: Hattrem|Healing Wish|p2a: Hattrem
|faint|p2a: Hattrem
|
|upkeep
|
|t:|1743888998
|switch|p2a: Torkoal|Torkoal, M|100/100
|-weather|SunnyDay|[from] ability: Drought|[of] p2a: Torkoal
|turn|3
|
|t:|1743889006
|-terastallize|p2a: Torkoal|Fire
|move|p2a: Torkoal|Eruption|p1a: goldnuts
|-supereffective|p1a: goldnuts
|-damage|p1a: goldnuts|0 fnt
|faint|p1a: goldnuts
|
|-weather|SunnyDay|[upkeep]
|upkeep
|
|t:|1743889009
|switch|p1a: fuck the rain|Volcanion|100/100
|turn|4
|
|t:|1743889013
|move|p2a: Torkoal|Eruption|p1a: fuck the rain
|-resisted|p1a: fuck the rain
|-damage|p1a: fuck the rain|44/100
|move|p1a: fuck the rain|Steam Eruption|p2a: Torkoal
|-supereffective|p2a: Torkoal
|-damage|p2a: Torkoal|27/100
|
|-weather|SunnyDay|[upkeep]
|-heal|p1a: fuck the rain|50/100|[from] item: Leftovers
|upkeep
|turn|5
|
|t:|1743889029
|switch|p2a: Cresselia|Cresselia, F|100/100
|move|p1a: fuck the rain|Earth Power|p2a: Cresselia
|-immune|p2a: Cresselia|[from] ability: Levitate
|
|-weather|SunnyDay|[upkeep]
|-heal|p1a: fuck the rain|56/100|[from] item: Leftovers
|-fieldend|move: Trick Room
|upkeep
|turn|6
|
|t:|1743889041
|switch|p1a: fucks ur rocks|Hatterene, F|100/100
|move|p2a: Cresselia|Trick Room|p2a: Cresselia
|-fieldstart|move: Trick Room|[of] p2a: Cresselia
|
|-weather|SunnyDay|[upkeep]
|upkeep
|turn|7
|
|t:|1743889044
|move|p1a: fucks ur rocks|Calm Mind|p1a: fucks ur rocks
|-boost|p1a: fucks ur rocks|spa|1
|-boost|p1a: fucks ur rocks|spd|1
|move|p2a: Cresselia|Lunar Dance|p2a: Cresselia
|faint|p2a: Cresselia
|
|-weather|none
|upkeep
|
|t:|1743889055
|switch|p2a: Torkoal|Torkoal, M, tera:Fire|27/100
|-heal|p2a: Torkoal|100/100|[from] move: Healing Wish
|-heal|p2a: Torkoal|100/100|[from] move: Lunar Dance
|-weather|SunnyDay|[from] ability: Drought|[of] p2a: Torkoal
|turn|8
|
|t:|1743889061
|-terastallize|p1a: fucks ur rocks|Water
|move|p2a: Torkoal|Eruption|p1a: fucks ur rocks
|-resisted|p1a: fucks ur rocks
|-damage|p1a: fucks ur rocks|34/100
|move|p1a: fucks ur rocks|Mystical Fire|p2a: Torkoal
|-resisted|p2a: Torkoal
|-damage|p2a: Torkoal|66/100
|-unboost|p2a: Torkoal|spa|1
|
|-weather|SunnyDay|[upkeep]
|-heal|p1a: fucks ur rocks|40/100|[from] item: Leftovers
|upkeep
|turn|9
|
|t:|1743889069
|switch|p2a: Hatterene|Hatterene, F|100/100
|move|p1a: fucks ur rocks|Draining Kiss|p2a: Hatterene
|-damage|p2a: Hatterene|62/100
|-heal|p1a: fucks ur rocks|69/100|[from] drain|[of] p2a: Hatterene
|
|-weather|SunnyDay|[upkeep]
|-heal|p1a: fucks ur rocks|75/100|[from] item: Leftovers
|upkeep
|turn|10
|
|t:|1743889073
|move|p2a: Hatterene|Psyshock|p1a: fucks ur rocks
|-damage|p1a: fucks ur rocks|37/100
|move|p1a: fucks ur rocks|Calm Mind|p1a: fucks ur rocks
|-boost|p1a: fucks ur rocks|spa|1
|-boost|p1a: fucks ur rocks|spd|1
|
|-weather|SunnyDay|[upkeep]
|-heal|p1a: fucks ur rocks|43/100|[from] item: Leftovers
|-fieldend|move: Trick Room
|upkeep
|turn|11
|
|t:|1743889081
|move|p1a: fucks ur rocks|Draining Kiss|p2a: Hatterene
|-damage|p2a: Hatterene|16/100
|-heal|p1a: fucks ur rocks|78/100|[from] drain|[of] p2a: Hatterene
|move|p2a: Hatterene|Trick Room|p2a: Hatterene
|-fieldstart|move: Trick Room|[of] p2a: Hatterene
|
|-weather|SunnyDay|[upkeep]
|-heal|p1a: fucks ur rocks|84/100|[from] item: Leftovers
|upkeep
|turn|12
|
|t:|1743889086
|move|p2a: Hatterene|Psyshock|p1a: fucks ur rocks
|-damage|p1a: fucks ur rocks|43/100
|move|p1a: fucks ur rocks|Draining Kiss|p2a: Hatterene
|-damage|p2a: Hatterene|0 fnt
|-heal|p1a: fucks ur rocks|54/100|[from] drain|[of] p2a: Hatterene
|faint|p2a: Hatterene
|
|-weather|none
|-heal|p1a: fucks ur rocks|60/100|[from] item: Leftovers
|upkeep
|
|t:|1743889095
|switch|p2a: Torkoal|Torkoal, M, tera:Fire|66/100
|-weather|SunnyDay|[from] ability: Drought|[of] p2a: Torkoal
|turn|13
|
|t:|1743889101
|move|p2a: Torkoal|Weather Ball|p1a: fucks ur rocks
|-resisted|p1a: fucks ur rocks
|-damage|p1a: fucks ur rocks|29/100
|move|p1a: fucks ur rocks|Mystical Fire|p2a: Torkoal
|-resisted|p2a: Torkoal
|-damage|p2a: Torkoal|17/100
|-unboost|p2a: Torkoal|spa|1
|
|-weather|SunnyDay|[upkeep]
|-heal|p1a: fucks ur rocks|35/100|[from] item: Leftovers
|upkeep
|turn|14
|
|t:|1743889107
|move|p2a: Torkoal|Weather Ball|p1a: fucks ur rocks
|-resisted|p1a: fucks ur rocks
|-damage|p1a: fucks ur rocks|11/100
|move|p1a: fucks ur rocks|Draining Kiss|p2a: Torkoal
|-resisted|p2a: Torkoal
|-damage|p2a: Torkoal|0 fnt
|-heal|p1a: fucks ur rocks|23/100|[from] drain|[of] p2a: Torkoal
|faint|p2a: Torkoal
|
|-weather|SunnyDay|[upkeep]
|-heal|p1a: fucks ur rocks|29/100|[from] item: Leftovers
|upkeep
|-message|ian_yo forfeited.
|
|win|MIT POG MOMENT
|raw|MIT POG MOMENT's rating: 1482 &rarr; <strong>1502</strong><br />(+20 for winning)
|raw|ian_yo's rating: 1481 &rarr; <strong>1461</strong><br />(-20 for losing)
|l|☆ian_yo
|player|p2|
|l|☆MIT POG MOMENT
|player|p1|
