|j|☆ogbepis
|j|☆hignog
|inactive|Battle timer is ON: inactive players will automatically lose when time's up.
|t:|1743912521
|gametype|singles
|player|p1|ogbepis|265|
|player|p2|hignog|n|
|teamsize|p1|3
|teamsize|p2|3
|gen|9
|tier|[Gen 9] OU
|rated|Tournament battle
|rule|HP Percentage Mod: HP is shown in percentages
|rule|Endless Battle Clause: Forcing endless battles is banned
|rule|Species Clause: Limit one of each Pokémon
|rule|OHKO Clause: OHKO moves are banned
|rule|Evasion Items Clause: Evasion items are banned
|rule|Evasion Moves Clause: Evasion moves are banned
|rule|Sleep Moves Clause: Sleep-inducing moves are banned
|clearpoke
|poke|p1|Basculegion, M|
|poke|p1|Espurr, F|
|poke|p1|Ursaluna, F|
|poke|p2|Gastrodon, M|
|poke|p2|Breloom, F|
|poke|p2|Polteageist|
|teampreview
|j|*Lady Monita ❄
|c|☆hignog|gl hf
|
|t:|1743912533
|start
|switch|p1a: Espurr|Espurr, F|100/100
|switch|p2a: Gastrodon|Gastrodon, M|100/100
|turn|1
|
|t:|1743912536
|move|p1a: Espurr|Trick|p2a: Gastrodon
|-activate|p1a: Espurr|move: Trick|[of] p2a: Gastrodon
|-item|p2a: Gastrodon|Choice Scarf|[from] move: Trick
|-item|p1a: Espurr|Sitrus Berry|[from] move: Trick
|move|p2a: Gastrodon|Surf|p1a: Espurr
|-damage|p1a: Espurr|20/100
|-enditem|p1a: Espurr|Sitrus Berry|[eat]
|-heal|p1a: Espurr|45/100|[from] item: Sitrus Berry
|
|upkeep
|turn|2
|
|t:|1743912542
|move|p1a: Espurr|Energy Ball|p2a: Gastrodon
|-supereffective|p2a: Gastrodon
|-damage|p2a: Gastrodon|32/100
|move|p2a: Gastrodon|Surf|p1a: Espurr
|-damage|p1a: Espurr|0 fnt
|faint|p1a: Espurr
|
|upkeep
|
|t:|1743912549
|switch|p1a: Ursaluna|Ursaluna, F|100/100
|turn|3
|inactive|ogbepis has 120 seconds left.
|c|☆hignog|is last respects banned?
|c|☆ogbepis|ye
|
|t:|1743912596
|move|p1a: Ursaluna|Trailblaze|p2a: Gastrodon
|-supereffective|p2a: Gastrodon
|-damage|p2a: Gastrodon|0 fnt
|-boost|p1a: Ursaluna|spe|1
|faint|p2a: Gastrodon
|
|-status|p1a: Ursaluna|brn|[from] item: Flame Orb
|upkeep
|
|t:|1743912600
|switch|p2a: Breloom|Breloom, F|100/100
|turn|4
|
|t:|1743912606
|-terastallize|p1a: Ursaluna|Ghost
|move|p1a: Ursaluna|Facade|p2a: Breloom
|-enditem|p2a: Breloom|Focus Sash
|-damage|p2a: Breloom|1/100
|move|p2a: Breloom|Bullet Seed|p1a: Ursaluna
|-crit|p1a: Ursaluna
|-damage|p1a: Ursaluna|76/100 brn
|-damage|p1a: Ursaluna|60/100 brn
|-hitcount|p1a: Ursaluna|2
|
|-damage|p1a: Ursaluna|54/100 brn|[from] brn
|upkeep
|turn|5
|inactive|ogbepis has 120 seconds left.
|
|t:|1743912621
|move|p1a: Ursaluna|Trailblaze|p2a: Breloom
|-resisted|p2a: Breloom
|-damage|p2a: Breloom|0 fnt
|-boost|p1a: Ursaluna|spe|1
|faint|p2a: Breloom
|
|-damage|p1a: Ursaluna|48/100 brn|[from] brn
|upkeep
|
|t:|1743912622
|switch|p2a: Polteageist|Polteageist|100/100
|turn|6
|
|t:|1743912630
|-terastallize|p2a: Polteageist|Fighting
|move|p1a: Ursaluna|Headlong Rush|p2a: Polteageist
|-damage|p2a: Polteageist|0 fnt
|-unboost|p1a: Ursaluna|def|1
|-unboost|p1a: Ursaluna|spd|1
|faint|p2a: Polteageist
|
|win|ogbepis
|n|☆ogbepis|ogbepis
|n|☆hignog|hignog
|n|*Lady Monita ❄|ladymonita
