|j|☆H85le4
|j|☆Virtus
|t:|1743835312
|gametype|singles
|player|p1|H85le4|swimmer-gen4dp|1109
|player|p2|Virtus|102|1169
|teamsize|p1|6
|teamsize|p2|6
|gen|9
|tier|[Gen 9] OU
|rated|
|rule|HP Percentage Mod: HP is shown in percentages
|rule|Endless Battle Clause: Forcing endless battles is banned
|rule|Species Clause: Limit one of each Pokémon
|rule|OHKO Clause: OHKO moves are banned
|rule|Evasion Items Clause: Evasion items are banned
|rule|Evasion Moves Clause: Evasion moves are banned
|rule|Sleep Moves Clause: Sleep-inducing moves are banned
|clearpoke
|poke|p1|Spidops, M|
|poke|p1|Feraligatr, M|
|poke|p1|Shiftry, F|
|poke|p1|Infernape, M|
|poke|p1|Clefable, F|
|poke|p1|Glimmora, F|
|poke|p2|Hitmonlee, M|
|poke|p2|Hawlucha, F|
|poke|p2|Iron Valiant|
|poke|p2|Zamazenta-*|
|poke|p2|Chesnaught, M|
|poke|p2|Zapdos-Galar|
|teampreview
|inactive|Battle timer is ON: inactive players will automatically lose when time's up. (requested by H85le4)
|inactive|H85le4 has 120 seconds left.
|inactive|Virtus has 120 seconds left.
|
|t:|1743835360
|start
|switch|p1a: Shiftry|Shiftry, F, shiny|100/100
|switch|p2a: Zapdos|Zapdos-Galar|100/100
|turn|1
|
|t:|1743835370
|move|p2a: Zapdos|Focus Energy|p2a: Zapdos
|-start|p2a: Zapdos|move: Focus Energy
|move|p1a: Shiftry|Tailwind|p1a: Shiftry
|-sidestart|p1: H85le4|move: Tailwind
|-ability|p1a: Shiftry|Wind Rider|boost
|-boost|p1a: Shiftry|atk|1
|
|upkeep
|turn|2
|
|t:|1743835382
|move|p1a: Shiftry|Rock Slide|p2a: Zapdos
|-damage|p2a: Zapdos|70/100
|cant|p2a: Zapdos|flinch
|
|upkeep
|turn|3
|
|t:|1743835388
|move|p1a: Shiftry|Rock Slide|p2a: Zapdos
|-damage|p2a: Zapdos|37/100
|move|p2a: Zapdos|Close Combat|p1a: Shiftry
|-supereffective|p1a: Shiftry
|-crit|p1a: Shiftry
|-damage|p1a: Shiftry|0 fnt
|-unboost|p2a: Zapdos|def|1
|-unboost|p2a: Zapdos|spd|1
|faint|p1a: Shiftry
|-damage|p2a: Zapdos|27/100|[from] item: Life Orb
|
|upkeep
|inactive|H85le4 has 120 seconds left.
|
|t:|1743835419
|switch|p1a: Glimmora|Glimmora, F, shiny|100/100
|turn|4
|
|t:|1743835429
|move|p1a: Glimmora|Sludge Wave|p2a: Zapdos
|-damage|p2a: Zapdos|0 fnt
|faint|p2a: Zapdos
|
|-sideend|p1: H85le4|move: Tailwind
|upkeep
|
|t:|1743835441
|switch|p2a: Iron Valiant|Iron Valiant|100/100
|-enditem|p2a: Iron Valiant|Booster Energy
|-activate|p2a: Iron Valiant|ability: Quark Drive|[fromitem]
|-start|p2a: Iron Valiant|quarkdrivespe
|turn|5
|
|t:|1743835448
|move|p2a: Iron Valiant|Psychic|p1a: Glimmora
|-supereffective|p1a: Glimmora
|-damage|p1a: Glimmora|25/100
|move|p1a: Glimmora|Light Screen|p1a: Glimmora
|-sidestart|p1: H85le4|move: Light Screen
|
|upkeep
|turn|6
|
|t:|1743835459
|move|p2a: Iron Valiant|Psychic|p1a: Glimmora
|-supereffective|p1a: Glimmora
|-damage|p1a: Glimmora|0 fnt
|faint|p1a: Glimmora
|
|upkeep
|
|t:|1743835466
|switch|p1a: Spidops|Spidops, M|100/100
|turn|7
|
|t:|1743835488
|-end|p2a: Iron Valiant|Quark Drive|[silent]
|switch|p2a: Hawlucha|Hawlucha, F|100/100
|move|p1a: Spidops|Sticky Web|p2a: Hawlucha
|-sidestart|p2: Virtus|move: Sticky Web
|
|upkeep
|turn|8
|
|t:|1743835497
|move|p2a: Hawlucha|Acrobatics|p1a: Spidops
|-supereffective|p1a: Spidops
|-damage|p1a: Spidops|38/100
|-damage|p2a: Hawlucha|84/100|[from] item: Rocky Helmet|[of] p1a: Spidops
|move|p1a: Spidops|Rock Tomb|p2a: Hawlucha
|-crit|p2a: Hawlucha
|-damage|p2a: Hawlucha|52/100
|-unboost|p2a: Hawlucha|spe|1
|
|upkeep
|turn|9
|
|t:|1743835511
|move|p2a: Hawlucha|Acrobatics|p1a: Spidops
|-supereffective|p1a: Spidops
|-damage|p1a: Spidops|0 fnt
|-damage|p2a: Hawlucha|36/100|[from] item: Rocky Helmet|[of] p1a: Spidops
|faint|p1a: Spidops
|
|-sideend|p1: H85le4|move: Light Screen
|upkeep
|
|t:|1743835528
|switch|p1a: Feraligatr|Feraligatr, M, shiny|100/100
|turn|10
|
|t:|1743835531
|move|p1a: Feraligatr|Dragon Dance|p1a: Feraligatr
|-boost|p1a: Feraligatr|atk|1
|-boost|p1a: Feraligatr|spe|1
|move|p2a: Hawlucha|Defog|p1a: Feraligatr
|-unboost|p1a: Feraligatr|evasion|1
|-sideend|p2: Virtus|Sticky Web|[from] move: Defog|[of] p2a: Hawlucha
|
|upkeep
|turn|11
|
|t:|1743835540
|move|p1a: Feraligatr|Ice Punch|p2a: Hawlucha
|-supereffective|p2a: Hawlucha
|-damage|p2a: Hawlucha|0 fnt
|faint|p2a: Hawlucha
|
|upkeep
|
|t:|1743835546
|switch|p2a: Chesnaught|Chesnaught, M|100/100
|turn|12
|
|t:|1743835550
|move|p1a: Feraligatr|Ice Punch|p2a: Chesnaught
|-supereffective|p2a: Chesnaught
|-damage|p2a: Chesnaught|52/100
|-damage|p1a: Feraligatr|84/100|[from] item: Rocky Helmet|[of] p2a: Chesnaught
|move|p2a: Chesnaught|Roar|p1a: Feraligatr
|drag|p1a: Infernape|Infernape, M|100/100
|
|upkeep
|turn|13
|
|t:|1743835559
|move|p2a: Chesnaught|Spiky Shield|p2a: Chesnaught
|-singleturn|p2a: Chesnaught|move: Protect
|move|p1a: Infernape|Bulk Up|p1a: Infernape
|-boost|p1a: Infernape|atk|1
|-boost|p1a: Infernape|def|1
|
|upkeep
|turn|14
|
|t:|1743835567
|move|p1a: Infernape|Bulk Up|p1a: Infernape
|-boost|p1a: Infernape|atk|1
|-boost|p1a: Infernape|def|1
|move|p2a: Chesnaught|Roar|p1a: Infernape
|drag|p1a: Clefable|Clefable, F|100/100
|
|upkeep
|turn|15
|
|t:|1743835574
|move|p2a: Chesnaught|Spikes|p1a: Clefable
|-sidestart|p1: H85le4|Spikes
|move|p1a: Clefable|Cosmic Power|p1a: Clefable
|-boost|p1a: Clefable|def|1
|-boost|p1a: Clefable|spd|1
|
|upkeep
|turn|16
|
|t:|1743835582
|move|p1a: Clefable|Draining Kiss|p2a: Chesnaught
|-supereffective|p2a: Chesnaught
|-damage|p2a: Chesnaught|0 fnt
|faint|p2a: Chesnaught
|
|upkeep
|
|t:|1743835592
|switch|p2a: Hitmonlee|Hitmonlee, M|100/100
|turn|17
|
|t:|1743835603
|move|p2a: Hitmonlee|High Jump Kick|p1a: Clefable
|-resisted|p1a: Clefable
|-damage|p1a: Clefable|75/100
|move|p1a: Clefable|Cosmic Power|p1a: Clefable
|-boost|p1a: Clefable|def|1
|-boost|p1a: Clefable|spd|1
|
|upkeep
|turn|18
|
|t:|1743835611
|switch|p2a: Zamazenta|Zamazenta|100/100
|-ability|p2a: Zamazenta|Dauntless Shield|boost
|-boost|p2a: Zamazenta|def|1
|move|p1a: Clefable|Charge Beam|p2a: Zamazenta
|-damage|p2a: Zamazenta|82/100
|-boost|p1a: Clefable|spa|1
|
|upkeep
|turn|19
|
|t:|1743835620
|move|p2a: Zamazenta|Heavy Slam|p1a: Clefable
|-supereffective|p1a: Clefable
|-damage|p1a: Clefable|13/100
|move|p1a: Clefable|Draining Kiss|p2a: Zamazenta
|-supereffective|p2a: Zamazenta
|-damage|p2a: Zamazenta|5/100
|-heal|p1a: Clefable|61/100|[from] drain|[of] p2a: Zamazenta
|
|upkeep
|turn|20
|
|t:|1743835635
|-terastallize|p1a: Clefable|Psychic
|move|p2a: Zamazenta|Heavy Slam|p1a: Clefable
|-damage|p1a: Clefable|31/100
|move|p1a: Clefable|Draining Kiss|p2a: Zamazenta
|-supereffective|p2a: Zamazenta
|-damage|p2a: Zamazenta|0 fnt
|-heal|p1a: Clefable|33/100|[from] drain|[of] p2a: Zamazenta
|faint|p2a: Zamazenta
|
|upkeep
|
|t:|1743835648
|switch|p2a: Iron Valiant|Iron Valiant|100/100
|turn|21
|
|t:|1743835653
|-terastallize|p2a: Iron Valiant|Fairy
|move|p2a: Iron Valiant|Moonblast|p1a: Clefable
|-damage|p1a: Clefable|2/100
|-unboost|p1a: Clefable|spa|1
|move|p1a: Clefable|Draining Kiss|p2a: Iron Valiant
|-damage|p2a: Iron Valiant|48/100
|-heal|p1a: Clefable|31/100|[from] drain|[of] p2a: Iron Valiant
|
|upkeep
|turn|22
|
|t:|1743835666
|move|p2a: Iron Valiant|Moonblast|p1a: Clefable
|-damage|p1a: Clefable|0 fnt
|faint|p1a: Clefable
|
|upkeep
|
|t:|1743835674
|switch|p1a: Feraligatr|Feraligatr, M, shiny|84/100
|-damage|p1a: Feraligatr|72/100|[from] Spikes
|turn|23
|
|t:|1743835679
|move|p2a: Iron Valiant|Thunderbolt|p1a: Feraligatr
|-supereffective|p1a: Feraligatr
|-damage|p1a: Feraligatr|14/100
|move|p1a: Feraligatr|Dragon Dance|p1a: Feraligatr
|-boost|p1a: Feraligatr|atk|1
|-boost|p1a: Feraligatr|spe|1
|
|upkeep
|turn|24
|
|t:|1743835685
|move|p1a: Feraligatr|Liquidation|p2a: Iron Valiant
|-damage|p2a: Iron Valiant|0 fnt
|faint|p2a: Iron Valiant
|-end|p2a: Iron Valiant|Quark Drive|[silent]
|
|upkeep
|
|t:|1743835690
|switch|p2a: Hitmonlee|Hitmonlee, M|100/100
|turn|25
|
|t:|1743835696
|move|p2a: Hitmonlee|Earthquake|p1a: Feraligatr
|-damage|p1a: Feraligatr|0 fnt
|faint|p1a: Feraligatr
|
|upkeep
|
|t:|1743835700
|switch|p1a: Infernape|Infernape, M|100/100
|-damage|p1a: Infernape|88/100|[from] Spikes
|turn|26
|
|t:|1743835705
|move|p2a: Hitmonlee|Earthquake|p1a: Infernape
|-supereffective|p1a: Infernape
|-damage|p1a: Infernape|0 fnt
|faint|p1a: Infernape
|
|win|Virtus
|raw|H85le4's rating: 1109 &rarr; <strong>1088</strong><br />(-21 for losing)
|raw|Virtus's rating: 1169 &rarr; <strong>1190</strong><br />(+21 for winning)
|l|☆H85le4
|player|p1|
|c|☆Virtus|ggwp
