|j|☆teamskullenoxa
|j|☆MiaTaylor612
|t:|1743793942
|gametype|singles
|player|p1|teamskullenoxa|101|1737
|player|p2|MiaTaylor612|idol|1728
|teamsize|p1|6
|teamsize|p2|6
|gen|9
|tier|[Gen 9] OU
|rated|
|rule|HP Percentage Mod: HP is shown in percentages
|rule|Endless Battle Clause: Forcing endless battles is banned
|rule|Species Clause: Limit one of each Pokémon
|rule|OHKO Clause: OHKO moves are banned
|rule|Evasion Items Clause: Evasion items are banned
|rule|Evasion Moves Clause: Evasion moves are banned
|rule|Sleep Moves Clause: Sleep-inducing moves are banned
|clearpoke
|poke|p1|Typhlosion-Hisui, M|
|poke|p1|Hatterene, F|
|poke|p1|Torkoal, F|
|poke|p1|Lilligant-Hisui, F|
|poke|p1|Landorus-Therian, M|
|poke|p1|Walking Wake|
|poke|p2|Garchomp, M|
|poke|p2|Slowking-Galar, M|
|poke|p2|Gholdengo|
|poke|p2|Moltres|
|poke|p2|Iron Valiant|
|poke|p2|Kingambit, F|
|teampreview
|inactive|Battle timer is ON: inactive players will automatically lose when time's up. (requested by MiaTaylor612)
|
|t:|1743793969
|start
|switch|p1a: Torkoal|Torkoal, F|100/100
|switch|p2a: Slowking|Slowking-Galar, M|100/100
|-weather|SunnyDay|[from] ability: Drought|[of] p1a: Torkoal
|turn|1
|inactive|MiaTaylor612 has 120 seconds left.
|
|t:|1743794019
|move|p2a: Slowking|Ice Beam|p1a: Torkoal
|-resisted|p1a: Torkoal
|-damage|p1a: Torkoal|91/100
|move|p1a: Torkoal|Stealth Rock|p2a: Slowking
|-sidestart|p2: MiaTaylor612|move: Stealth Rock
|
|-weather|SunnyDay|[upkeep]
|upkeep
|turn|2
|
|t:|1743794026
|switch|p1a: Landorus|Landorus-Therian, M|100/100
|-ability|p1a: Landorus|Intimidate|boost
|-unboost|p2a: Slowking|atk|1
|move|p2a: Slowking|Sludge Bomb|p1a: Landorus
|-resisted|p1a: Landorus
|-crit|p1a: Landorus
|-damage|p1a: Landorus|71/100
|
|-weather|SunnyDay|[upkeep]
|upkeep
|turn|3
|
|t:|1743794031
|move|p1a: Landorus|Earthquake|p2a: Slowking
|-supereffective|p2a: Slowking
|-damage|p2a: Slowking|0 fnt
|faint|p2a: Slowking
|
|-weather|SunnyDay|[upkeep]
|upkeep
|j| stierball
|
|t:|1743794034
|switch|p2a: Moltres|Moltres|100/100
|turn|4
|
|t:|1743794045
|switch|p1a: Walking Wake|Walking Wake|100/100
|-activate|p1a: Walking Wake|ability: Protosynthesis
|-start|p1a: Walking Wake|protosynthesisspa
|move|p2a: Moltres|Flamethrower|p1a: Walking Wake
|-resisted|p1a: Walking Wake
|-damage|p1a: Walking Wake|83/100
|
|-weather|SunnyDay|[upkeep]
|upkeep
|turn|5
|
|t:|1743794049
|move|p1a: Walking Wake|Hydro Steam|p2a: Moltres
|-supereffective|p2a: Moltres
|-damage|p2a: Moltres|0 fnt
|faint|p2a: Moltres
|
|-weather|SunnyDay|[upkeep]
|upkeep
|
|t:|1743794051
|switch|p2a: Iron Valiant|Iron Valiant|100/100
|turn|6
|
|t:|1743794062
|-terastallize|p1a: Walking Wake|Water
|move|p1a: Walking Wake|Hydro Steam|p2a: Iron Valiant
|-damage|p2a: Iron Valiant|0 fnt
|faint|p2a: Iron Valiant
|-end|p2a: Iron Valiant|Quark Drive|[silent]
|
|-weather|SunnyDay|[upkeep]
|upkeep
|-message|MiaTaylor612 forfeited.
|
|win|teamskullenoxa
|raw|teamskullenoxa's rating: 1737 &rarr; <strong>1756</strong><br />(+19 for winning)
|raw|MiaTaylor612's rating: 1728 &rarr; <strong>1709</strong><br />(-19 for losing)
|l|☆MiaTaylor612
|player|p2|
|l|☆teamskullenoxa
|player|p1|
|l| stierball
