|j|☆soyjoas
|j|☆Freakyfrogy
|t:|1743913992
|gametype|singles
|player|p1|soyjoas|hilbert|1157
|player|p2|Freakyfrogy|silver|1107
|teamsize|p1|6
|teamsize|p2|6
|gen|9
|tier|[Gen 9] OU
|rated|
|rule|HP Percentage Mod: HP is shown in percentages
|rule|Endless Battle Clause: Forcing endless battles is banned
|rule|Species Clause: Limit one of each Pokémon
|rule|OHKO Clause: OHKO moves are banned
|rule|Evasion Items Clause: Evasion items are banned
|rule|Evasion Moves Clause: Evasion moves are banned
|rule|Sleep Moves Clause: Sleep-inducing moves are banned
|clearpoke
|poke|p1|Enamorus, F|
|poke|p1|Gliscor, M|
|poke|p1|Infernape, M|
|poke|p1|Darkrai|
|poke|p1|Corviknight, M|
|poke|p1|Grimmsnarl, M|
|poke|p2|Kyurem|
|poke|p2|Landorus-Therian, M|
|poke|p2|Hatterene, F|
|poke|p2|Infernape, M|
|poke|p2|Dragapult, M|
|poke|p2|Iron Valiant|
|teampreview
|inactive|Battle timer is ON: inactive players will automatically lose when time's up. (requested by Freakyfrogy)
|
|t:|1743914002
|start
|switch|p1a: Gliscor|Gliscor, M|100/100
|switch|p2a: Infernape|Infernape, M, shiny|100/100
|turn|1
|
|t:|1743914006
|move|p2a: Infernape|Knock Off|p1a: Gliscor
|-damage|p1a: Gliscor|83/100
|-enditem|p1a: Gliscor|Toxic Orb|[from] move: Knock Off|[of] p2a: Infernape
|move|p1a: Gliscor|Toxic|p2a: Infernape
|-status|p2a: Infernape|tox
|
|-damage|p2a: Infernape|94/100 tox|[from] psn
|upkeep
|turn|2
|
|t:|1743914018
|move|p1a: Gliscor|Protect|p1a: Gliscor
|-singleturn|p1a: Gliscor|Protect
|move|p2a: Infernape|Stealth Rock|p1a: Gliscor
|-sidestart|p1: soyjoas|move: Stealth Rock
|
|-damage|p2a: Infernape|82/100 tox|[from] psn
|upkeep
|turn|3
|
|t:|1743914026
|move|p2a: Infernape|Taunt|p1a: Gliscor
|-start|p1a: Gliscor|move: Taunt
|move|p1a: Gliscor|U-turn|p2a: Infernape
|-resisted|p2a: Infernape
|-damage|p2a: Infernape|77/100 tox
|
|t:|1743914035
|switch|p1a: Corviknight|Corviknight, M|100/100|[from] U-turn
|-damage|p1a: Corviknight|88/100|[from] Stealth Rock
|
|-heal|p1a: Corviknight|94/100|[from] item: Leftovers
|-damage|p2a: Infernape|58/100 tox|[from] psn
|upkeep
|turn|4
|
|t:|1743914041
|-terastallize|p1a: Corviknight|Dragon
|move|p2a: Infernape|Raging Fury|p1a: Corviknight
|-resisted|p1a: Corviknight
|-damage|p1a: Corviknight|72/100
|move|p1a: Corviknight|Defog|p2a: Infernape
|-unboost|p2a: Infernape|evasion|1
|-sideend|p1: soyjoas|Stealth Rock|[from] move: Defog|[of] p1a: Corviknight
|
|-heal|p1a: Corviknight|79/100|[from] item: Leftovers
|-damage|p2a: Infernape|34/100 tox|[from] psn
|upkeep
|turn|5
|
|t:|1743914052
|move|p2a: Infernape|Raging Fury|p1a: Corviknight|[from] lockedmove
|-resisted|p1a: Corviknight
|-damage|p1a: Corviknight|59/100
|-start|p2a: Infernape|confusion|[fatigue]
|move|p1a: Corviknight|Bulk Up|p1a: Corviknight
|-boost|p1a: Corviknight|atk|1
|-boost|p1a: Corviknight|def|1
|
|-heal|p1a: Corviknight|65/100|[from] item: Leftovers
|-damage|p2a: Infernape|3/100 tox|[from] psn
|upkeep
|turn|6
|
|t:|1743914062
|-activate|p2a: Infernape|confusion
|move|p2a: Infernape|Stealth Rock|p1a: Corviknight
|-sidestart|p1: soyjoas|move: Stealth Rock
|move|p1a: Corviknight|Brave Bird|p2a: Infernape
|-supereffective|p2a: Infernape
|-damage|p2a: Infernape|0 fnt
|faint|p2a: Infernape
|-damage|p1a: Corviknight|64/100|[from] Recoil
|
|-heal|p1a: Corviknight|71/100|[from] item: Leftovers
|upkeep
|
|t:|1743914066
|switch|p2a: Dragapult|Dragapult, M, shiny|100/100
|turn|7
|
|t:|1743914075
|switch|p1a: Darkrai|Darkrai|100/100
|-damage|p1a: Darkrai|88/100|[from] Stealth Rock
|move|p2a: Dragapult|U-turn|p1a: Darkrai
|-supereffective|p1a: Darkrai
|-damage|p1a: Darkrai|0 fnt
|faint|p1a: Darkrai
|
|t:|1743914083
|switch|p2a: Landorus|Landorus-Therian, M|100/100|[from] U-turn
|
|upkeep
|
|t:|1743914091
|switch|p1a: Enamorus|Enamorus, F|100/100
|-damage|p1a: Enamorus|76/100|[from] Stealth Rock
|turn|8
|
|t:|1743914113
|move|p1a: Enamorus|Play Rough|p2a: Landorus|[miss]
|-miss|p1a: Enamorus|p2a: Landorus
|move|p2a: Landorus|U-turn|p1a: Enamorus
|-resisted|p1a: Enamorus
|-damage|p1a: Enamorus|61/100
|
|t:|1743914120
|switch|p2a: Iron Valiant|Iron Valiant, shiny|100/100|[from] U-turn
|
|upkeep
|turn|9
|
|t:|1743914129
|switch|p1a: Corviknight|Corviknight, M, tera:Dragon|71/100
|-damage|p1a: Corviknight|58/100|[from] Stealth Rock
|move|p2a: Iron Valiant|Moonblast|p1a: Corviknight
|-supereffective|p1a: Corviknight
|-damage|p1a: Corviknight|0 fnt
|faint|p1a: Corviknight
|
|upkeep
|
|t:|1743914141
|switch|p1a: Enamorus|Enamorus, F|61/100
|-damage|p1a: Enamorus|37/100|[from] Stealth Rock
|turn|10
|
|t:|1743914146
|-terastallize|p2a: Iron Valiant|Fairy
|move|p1a: Enamorus|Play Rough|p2a: Iron Valiant|[miss]
|-miss|p1a: Enamorus|p2a: Iron Valiant
|move|p2a: Iron Valiant|Moonblast|p1a: Enamorus
|-damage|p1a: Enamorus|0 fnt
|faint|p1a: Enamorus
|
|upkeep
|-message|soyjoas forfeited.
|
|win|Freakyfrogy
|raw|soyjoas's rating: 1157 &rarr; <strong>1128</strong><br />(-29 for losing)
|raw|Freakyfrogy's rating: 1107 &rarr; <strong>1136</strong><br />(+29 for winning)
|l|☆soyjoas
|player|p1|
|l|☆Freakyfrogy
|player|p2|
