|j|☆roaringmoonvicitm
|j|☆lesbiancleric
|t:|1743910037
|gametype|singles
|player|p1|roaringmoonvicitm|sordward|1496
|player|p2|lesbiancleric|will|1464
|teamsize|p1|6
|teamsize|p2|6
|gen|9
|tier|[Gen 9] OU
|rated|
|rule|HP Percentage Mod: HP is shown in percentages
|rule|Endless Battle Clause: Forcing endless battles is banned
|rule|Species Clause: Limit one of each Pokémon
|rule|OHKO Clause: OHKO moves are banned
|rule|Evasion Items Clause: Evasion items are banned
|rule|Evasion Moves Clause: Evasion moves are banned
|rule|Sleep Moves Clause: Sleep-inducing moves are banned
|clearpoke
|poke|p1|Samurott-Hisui, M|
|poke|p1|Iron Treads|
|poke|p1|Iron Valiant|
|poke|p1|Zapdos|
|poke|p1|Iron Moth|
|poke|p1|Skeledirge, M|
|poke|p2|Exeggutor, F|
|poke|p2|Ninetales, F|
|poke|p2|Hatterene, F|
|poke|p2|Great Tusk|
|poke|p2|Dragonite, F|
|poke|p2|Kingambit, F|
|teampreview
|inactive|Battle timer is ON: inactive players will automatically lose when time's up. (requested by lesbiancleric)
|inactive|roaringmoonvicitm also wants the timer to be on.
|
|t:|1743910059
|start
|switch|p1a: Zapdos|Zapdos|100/100
|switch|p2a: Ninetales|Ninetales, F|100/100
|-weather|SunnyDay|[from] ability: Drought|[of] p2a: Ninetales
|turn|1
|
|t:|1743910065
|move|p2a: Ninetales|Will-O-Wisp|p1a: Zapdos
|-status|p1a: Zapdos|brn
|move|p1a: Zapdos|Electric Terrain|p1a: Zapdos
|-fieldstart|move: Electric Terrain
|
|-weather|SunnyDay|[upkeep]
|-damage|p1a: Zapdos|94/100 brn|[from] brn
|upkeep
|turn|2
|c|☆lesbiancleric|wait have we played before
|
|t:|1743910089
|switch|p2a: Great Tusk|Great Tusk|100/100
|-activate|p2a: Great Tusk|ability: Protosynthesis
|-start|p2a: Great Tusk|protosynthesisspe
|switch|p1a: Iron Moth|Iron Moth|100/100
|-activate|p1a: Iron Moth|ability: Quark Drive
|-start|p1a: Iron Moth|quarkdrivespe
|
|-weather|SunnyDay|[upkeep]
|upkeep
|turn|3
|c|☆roaringmoonvicitm|Lol yeah
|c|☆lesbiancleric|lmao
|c|☆roaringmoonvicitm|yesterday i think
|
|t:|1743910110
|move|p1a: Iron Moth|Overheat|p2a: Great Tusk
|-damage|p2a: Great Tusk|0 fnt
|-unboost|p1a: Iron Moth|spa|2
|faint|p2a: Great Tusk
|-end|p2a: Great Tusk|Protosynthesis|[silent]
|
|-weather|SunnyDay|[upkeep]
|upkeep
|inactive|lesbiancleric has 120 seconds left.
|
|t:|1743910134
|switch|p2a: Exeggutor|Exeggutor, F|100/100
|turn|4
|
|t:|1743910143
|-end|p1a: Iron Moth|Quark Drive|[silent]
|switch|p1a: Samurott|Samurott-Hisui, M|100/100
|move|p2a: Exeggutor|Psyshock|p1a: Samurott
|-immune|p1a: Samurott
|
|-weather|SunnyDay|[upkeep]
|upkeep
|turn|5
|
|t:|1743910150
|switch|p1a: Iron Moth|Iron Moth|100/100
|-activate|p1a: Iron Moth|ability: Quark Drive
|-start|p1a: Iron Moth|quarkdrivespe
|move|p2a: Exeggutor|Solar Beam||[still]
|-prepare|p2a: Exeggutor|Solar Beam
|-anim|p2a: Exeggutor|Solar Beam|p1a: Iron Moth
|-resisted|p1a: Iron Moth
|-damage|p1a: Iron Moth|81/100
|-damage|p2a: Exeggutor|91/100|[from] item: Life Orb
|
|-weather|SunnyDay|[upkeep]
|upkeep
|turn|6
|
|t:|1743910157
|move|p1a: Iron Moth|Sludge Wave|p2a: Exeggutor
|-supereffective|p2a: Exeggutor
|-damage|p2a: Exeggutor|0 fnt
|faint|p2a: Exeggutor
|
|-weather|SunnyDay|[upkeep]
|upkeep
|
|t:|1743910161
|switch|p2a: Dragonite|Dragonite, F|100/100
|turn|7
|
|t:|1743910166
|-end|p1a: Iron Moth|Quark Drive|[silent]
|switch|p1a: Zapdos|Zapdos|94/100 brn
|move|p2a: Dragonite|Scale Shot|p1a: Zapdos
|-damage|p1a: Zapdos|85/100 brn
|-damage|p1a: Zapdos|74/100 brn
|-damage|p1a: Zapdos|64/100 brn
|-damage|p1a: Zapdos|54/100 brn
|-hitcount|p1a: Zapdos|4
|-unboost|p2a: Dragonite|def|1
|-boost|p2a: Dragonite|spe|1
|
|-weather|SunnyDay|[upkeep]
|-damage|p1a: Zapdos|48/100 brn|[from] brn
|upkeep
|turn|8
|
|t:|1743910180
|switch|p1a: Iron Valiant|Iron Valiant|100/100
|-activate|p1a: Iron Valiant|ability: Quark Drive
|-start|p1a: Iron Valiant|quarkdrivespe
|move|p2a: Dragonite|Scale Shot|p1a: Iron Valiant
|-immune|p1a: Iron Valiant
|
|-weather|none
|-fieldend|move: Electric Terrain
|-end|p1a: Iron Valiant|Quark Drive
|upkeep
|turn|9
|
|t:|1743910189
|switch|p2a: Ninetales|Ninetales, F|100/100
|-weather|SunnyDay|[from] ability: Drought|[of] p2a: Ninetales
|move|p1a: Iron Valiant|Ice Punch|p2a: Ninetales
|-resisted|p2a: Ninetales
|-damage|p2a: Ninetales|79/100
|-damage|p1a: Iron Valiant|91/100|[from] item: Life Orb
|
|-weather|SunnyDay|[upkeep]
|upkeep
|turn|10
|
|t:|1743910199
|move|p1a: Iron Valiant|Close Combat|p2a: Ninetales
|-damage|p2a: Ninetales|0 fnt
|-unboost|p1a: Iron Valiant|def|1
|-unboost|p1a: Iron Valiant|spd|1
|faint|p2a: Ninetales
|-damage|p1a: Iron Valiant|81/100|[from] item: Life Orb
|
|-weather|SunnyDay|[upkeep]
|upkeep
|
|t:|1743910202
|switch|p2a: Hatterene|Hatterene, F, shiny|100/100
|turn|11
|
|t:|1743910209
|-end|p1a: Iron Valiant|Quark Drive|[silent]
|switch|p1a: Zapdos|Zapdos|48/100 brn
|move|p2a: Hatterene|Nuzzle|p1a: Zapdos
|-damage|p1a: Zapdos|45/100 brn
|
|-weather|SunnyDay|[upkeep]
|-damage|p1a: Zapdos|38/100 brn|[from] brn
|upkeep
|turn|12
|
|t:|1743910214
|move|p1a: Zapdos|Electric Terrain|p1a: Zapdos
|-fieldstart|move: Electric Terrain
|move|p2a: Hatterene|Psychic|p1a: Zapdos
|-damage|p1a: Zapdos|0 fnt
|faint|p1a: Zapdos
|
|-weather|SunnyDay|[upkeep]
|upkeep
|
|t:|1743910219
|switch|p1a: Skeledirge|Skeledirge, M|100/100
|turn|13
|
|t:|1743910228
|switch|p1a: Iron Treads|Iron Treads|100/100
|-activate|p1a: Iron Treads|ability: Quark Drive
|-start|p1a: Iron Treads|quarkdrivespe
|move|p2a: Hatterene|Nuzzle|p1a: Iron Treads
|-immune|p1a: Iron Treads
|
|-weather|SunnyDay|[upkeep]
|upkeep
|turn|14
|
|t:|1743910234
|move|p1a: Iron Treads|Knock Off|p2a: Hatterene
|-crit|p2a: Hatterene
|-damage|p2a: Hatterene|70/100
|-enditem|p2a: Hatterene|Assault Vest|[from] move: Knock Off|[of] p1a: Iron Treads
|move|p2a: Hatterene|Mystical Fire|p1a: Iron Treads
|-supereffective|p1a: Iron Treads
|-damage|p1a: Iron Treads|25/100
|-unboost|p1a: Iron Treads|spa|1
|
|-weather|SunnyDay|[upkeep]
|upkeep
|turn|15
|
|t:|1743910241
|move|p1a: Iron Treads|Stealth Rock|p2a: Hatterene
|move|p2a: Hatterene|Stealth Rock|p1a: Iron Treads|[from] ability: Magic Bounce
|-sidestart|p1: roaringmoonvicitm|move: Stealth Rock
|move|p2a: Hatterene|Mystical Fire|p1a: Iron Treads
|-supereffective|p1a: Iron Treads
|-damage|p1a: Iron Treads|0 fnt
|faint|p1a: Iron Treads
|-end|p1a: Iron Treads|Quark Drive|[silent]
|
|-weather|SunnyDay|[upkeep]
|upkeep
|c|☆roaringmoonvicitm|i was so scared of eject button i fr forgot abt magic bounce
|inactive|roaringmoonvicitm has 120 seconds left.
|c|☆lesbiancleric|lmaooo
|
|t:|1743910278
|switch|p1a: Iron Moth|Iron Moth|81/100
|-damage|p1a: Iron Moth|56/100|[from] Stealth Rock
|-activate|p1a: Iron Moth|ability: Quark Drive
|-start|p1a: Iron Moth|quarkdrivespe
|turn|16
|
|t:|1743910286
|move|p1a: Iron Moth|Fiery Dance|p2a: Hatterene
|-crit|p2a: Hatterene
|-damage|p2a: Hatterene|0 fnt
|faint|p2a: Hatterene
|
|-weather|none
|upkeep
|
|t:|1743910292
|switch|p2a: Dragonite|Dragonite, F|100/100
|turn|17
|
|t:|1743910300
|move|p1a: Iron Moth|Fiery Dance|p2a: Dragonite
|-resisted|p2a: Dragonite
|-damage|p2a: Dragonite|85/100
|-boost|p1a: Iron Moth|spa|1
|move|p2a: Dragonite|Scale Shot|p1a: Iron Moth
|-damage|p1a: Iron Moth|31/100
|-damage|p1a: Iron Moth|8/100
|-damage|p1a: Iron Moth|0 fnt
|faint|p1a: Iron Moth
|-end|p1a: Iron Moth|Quark Drive|[silent]
|-hitcount|p1: Iron Moth|3
|-unboost|p2a: Dragonite|def|1
|-boost|p2a: Dragonite|spe|1
|
|upkeep
|
|t:|1743910304
|switch|p1a: Iron Valiant|Iron Valiant|81/100
|-damage|p1a: Iron Valiant|75/100|[from] Stealth Rock
|-activate|p1a: Iron Valiant|ability: Quark Drive
|-start|p1a: Iron Valiant|quarkdrivespe
|turn|18
|inactive|lesbiancleric has 120 seconds left.
|
|t:|1743910347
|move|p1a: Iron Valiant|Close Combat|p2a: Dragonite
|-resisted|p2a: Dragonite
|-damage|p2a: Dragonite|12/100
|-unboost|p1a: Iron Valiant|def|1
|-unboost|p1a: Iron Valiant|spd|1
|-damage|p1a: Iron Valiant|65/100|[from] item: Life Orb
|move|p2a: Dragonite|Fire Punch|p1a: Iron Valiant
|-damage|p1a: Iron Valiant|11/100
|
|upkeep
|turn|19
|
|t:|1743910353
|move|p1a: Iron Valiant|Moonblast|p2a: Dragonite
|-supereffective|p2a: Dragonite
|-damage|p2a: Dragonite|0 fnt
|faint|p2a: Dragonite
|-damage|p1a: Iron Valiant|1/100|[from] item: Life Orb
|
|-fieldend|move: Electric Terrain
|-end|p1a: Iron Valiant|Quark Drive
|upkeep
|
|t:|1743910356
|switch|p2a: Kingambit|Kingambit, F|100/100
|-activate|p2a: Kingambit|ability: Supreme Overlord
|-start|p2a: Kingambit|fallen5|[silent]
|turn|20
|
|t:|1743910361
|move|p2a: Kingambit|Sucker Punch|p1a: Iron Valiant
|-resisted|p1a: Iron Valiant
|-damage|p1a: Iron Valiant|0 fnt
|faint|p1a: Iron Valiant
|-end|p1a: Iron Valiant|Quark Drive|[silent]
|
|upkeep
|
|t:|1743910364
|switch|p1a: Skeledirge|Skeledirge, M|100/100
|-damage|p1a: Skeledirge|75/100|[from] Stealth Rock
|turn|21
|
|t:|1743910369
|-terastallize|p2a: Kingambit|Dark
|-terastallize|p1a: Skeledirge|Water
|move|p2a: Kingambit|Kowtow Cleave|p1a: Skeledirge
|-damage|p1a: Skeledirge|0 fnt
|faint|p1a: Skeledirge
|
|upkeep
|
|t:|1743910374
|switch|p1a: Samurott|Samurott-Hisui, M|100/100
|-damage|p1a: Samurott|88/100|[from] Stealth Rock
|turn|22
|
|t:|1743910377
|move|p1a: Samurott|Razor Shell|p2a: Kingambit
|-damage|p2a: Kingambit|36/100
|move|p2a: Kingambit|Low Kick|p1a: Samurott
|-supereffective|p1a: Samurott
|-damage|p1a: Samurott|0 fnt
|faint|p1a: Samurott
|
|win|lesbiancleric
|raw|roaringmoonvicitm's rating: 1496 &rarr; <strong>1474</strong><br />(-22 for losing)
|raw|lesbiancleric's rating: 1464 &rarr; <strong>1486</strong><br />(+22 for winning)
|c|☆lesbiancleric|gg
|c|☆roaringmoonvicitm|gg
|l|☆roaringmoonvicitm
|player|p1|
|l|☆lesbiancleric
|player|p2|
