|j|☆Liiiy
|j|☆Acting Male
|t:|1743801982
|gametype|singles
|player|p1|Liiiy|170|1454
|player|p2|Acting Male|darach-caitlin|1503
|teamsize|p1|6
|teamsize|p2|6
|gen|9
|tier|[Gen 9] OU
|rated|
|rule|HP Percentage Mod: HP is shown in percentages
|rule|Endless Battle Clause: Forcing endless battles is banned
|rule|Species Clause: Limit one of each Pokémon
|rule|OHKO Clause: OHKO moves are banned
|rule|Evasion Items Clause: Evasion items are banned
|rule|Evasion Moves Clause: Evasion moves are banned
|rule|Sleep Moves Clause: Sleep-inducing moves are banned
|clearpoke
|poke|p1|Exeggutor-Alola, M|
|poke|p1|Clefable, F|
|poke|p1|Corviknight, F|
|poke|p1|Scizor, F|
|poke|p1|Moltres|
|poke|p1|Ogerpon, F|
|poke|p2|Iron Crown|
|poke|p2|Iron Hands|
|poke|p2|Grimmsnarl, M|
|poke|p2|Great Tusk|
|poke|p2|Dragonite, M|
|poke|p2|Glimmora, M|
|teampreview
|inactive|Battle timer is ON: inactive players will automatically lose when time's up. (requested by Liiiy)
|
|t:|1743801998
|start
|switch|p1a: Scizor|Scizor, F|100/100
|switch|p2a: Glimmora|Glimmora, M|100/100
|turn|1
|
|t:|1743802008
|switch|p2a: Great Tusk|Great Tusk|100/100
|-enditem|p2a: Great Tusk|Booster Energy
|-activate|p2a: Great Tusk|ability: Protosynthesis|[fromitem]
|-start|p2a: Great Tusk|protosynthesisspe
|move|p1a: Scizor|U-turn|p2a: Great Tusk
|-resisted|p2a: Great Tusk
|-damage|p2a: Great Tusk|80/100
|
|t:|1743802016
|switch|p1a: Corviknight|Corviknight, F|100/100|[from] U-turn
|-ability|p1a: Corviknight|Pressure
|
|upkeep
|turn|2
|
|t:|1743802020
|-end|p2a: Great Tusk|Protosynthesis|[silent]
|switch|p2a: Iron Hands|Iron Hands|100/100
|move|p1a: Corviknight|Brave Bird|p2a: Iron Hands
|-damage|p2a: Iron Hands|80/100
|-damage|p1a: Corviknight|92/100|[from] Recoil
|
|-heal|p2a: Iron Hands|86/100|[from] item: Leftovers
|upkeep
|turn|3
|
|t:|1743802030
|switch|p1a: Raging Tree|Exeggutor-Alola, M|100/100
|move|p2a: Iron Hands|Swords Dance|p2a: Iron Hands
|-boost|p2a: Iron Hands|atk|2
|
|-heal|p2a: Iron Hands|92/100|[from] item: Leftovers
|upkeep
|turn|4
|
|t:|1743802047
|switch|p1a: Scizor|Scizor, F|100/100
|move|p2a: Iron Hands|Ice Punch|p1a: Scizor
|-resisted|p1a: Scizor
|-damage|p1a: Scizor|70/100
|
|-heal|p2a: Iron Hands|98/100|[from] item: Leftovers
|upkeep
|turn|5
|
|t:|1743802055
|move|p1a: Scizor|Close Combat|p2a: Iron Hands
|-damage|p2a: Iron Hands|55/100
|-unboost|p1a: Scizor|def|1
|-unboost|p1a: Scizor|spd|1
|move|p2a: Iron Hands|Drain Punch|p1a: Scizor
|-damage|p1a: Scizor|0 fnt
|-heal|p2a: Iron Hands|74/100|[from] drain|[of] p1a: Scizor
|faint|p1a: Scizor
|
|-heal|p2a: Iron Hands|80/100|[from] item: Leftovers
|upkeep
|
|t:|1743802064
|switch|p1a: Moltres|Moltres|100/100
|turn|6
|
|t:|1743802069
|-terastallize|p1a: Moltres|Ground
|move|p1a: Moltres|Will-O-Wisp|p2a: Iron Hands
|-status|p2a: Iron Hands|brn
|move|p2a: Iron Hands|Swords Dance|p2a: Iron Hands
|-boost|p2a: Iron Hands|atk|2
|
|-heal|p2a: Iron Hands|86/100 brn|[from] item: Leftovers
|-damage|p2a: Iron Hands|80/100 brn|[from] brn
|upkeep
|turn|7
|
|t:|1743802076
|move|p1a: Moltres|Scorching Sands|p2a: Iron Hands
|-supereffective|p2a: Iron Hands
|-damage|p2a: Iron Hands|34/100 brn
|move|p2a: Iron Hands|Ice Punch|p1a: Moltres
|-supereffective|p1a: Moltres
|-damage|p1a: Moltres|32/100
|
|-heal|p2a: Iron Hands|40/100 brn|[from] item: Leftovers
|-damage|p2a: Iron Hands|34/100 brn|[from] brn
|upkeep
|turn|8
|
|t:|1743802088
|move|p1a: Moltres|Scorching Sands|p2a: Iron Hands
|-supereffective|p2a: Iron Hands
|-damage|p2a: Iron Hands|0 fnt
|faint|p2a: Iron Hands
|-end|p2a: Iron Hands|Quark Drive|[silent]
|
|upkeep
|inactive|Acting Male has 120 seconds left.
|
|t:|1743802118
|switch|p2a: Dragonite|Dragonite, M|100/100
|turn|9
|
|t:|1743802124
|switch|p1a: Corviknight|Corviknight, F|92/100
|-ability|p1a: Corviknight|Pressure
|-terastallize|p2a: Dragonite|Fire
|move|p2a: Dragonite|Dragon Dance|p2a: Dragonite
|-boost|p2a: Dragonite|atk|1
|-boost|p2a: Dragonite|spe|1
|
|upkeep
|turn|10
|
|t:|1743802137
|move|p2a: Dragonite|Dragon Dance|p2a: Dragonite
|-boost|p2a: Dragonite|atk|1
|-boost|p2a: Dragonite|spe|1
|move|p1a: Corviknight|Brave Bird|p2a: Dragonite
|-damage|p2a: Dragonite|80/100
|-damage|p1a: Corviknight|86/100|[from] Recoil
|
|upkeep
|turn|11
|
|t:|1743802143
|switch|p1a: Moltres|Moltres, tera:Ground|32/100
|move|p2a: Dragonite|Fire Punch|p1a: Moltres
|-damage|p1a: Moltres|0 fnt
|faint|p1a: Moltres
|
|upkeep
|
|t:|1743802153
|switch|p1a: Raging Tree|Exeggutor-Alola, M|100/100
|turn|12
|
|t:|1743802169
|move|p1a: Raging Tree|Endure|p1a: Raging Tree
|-singleturn|p1a: Raging Tree|move: Endure
|move|p2a: Dragonite|Scale Shot|p1a: Raging Tree|[miss]
|-miss|p2a: Dragonite|p1a: Raging Tree
|
|upkeep
|turn|13
|
|t:|1743802176
|switch|p1a: Clefable|Clefable, F|100/100
|move|p2a: Dragonite|Scale Shot|p1a: Clefable
|-immune|p1a: Clefable
|
|upkeep
|turn|14
|
|t:|1743802181
|move|p2a: Dragonite|Fire Punch|p1a: Clefable
|-damage|p1a: Clefable|5/100
|move|p1a: Clefable|Thunder Wave|p2a: Dragonite
|-status|p2a: Dragonite|par
|
|-heal|p1a: Clefable|11/100|[from] item: Leftovers
|upkeep
|turn|15
|
|t:|1743802190
|move|p2a: Dragonite|Dragon Dance|p2a: Dragonite
|-boost|p2a: Dragonite|atk|1
|-boost|p2a: Dragonite|spe|1
|move|p1a: Clefable|Stealth Rock|p2a: Dragonite
|-sidestart|p2: Acting Male|move: Stealth Rock
|
|-heal|p1a: Clefable|17/100|[from] item: Leftovers
|upkeep
|turn|16
|
|t:|1743802198
|cant|p2a: Dragonite|par
|move|p1a: Clefable|Moonblast|p2a: Dragonite
|-resisted|p2a: Dragonite
|-crit|p2a: Dragonite
|-damage|p2a: Dragonite|54/100 par
|-unboost|p2a: Dragonite|spa|1
|
|-heal|p1a: Clefable|23/100|[from] item: Leftovers
|upkeep
|turn|17
|
|t:|1743802206
|cant|p2a: Dragonite|par
|move|p1a: Clefable|Moonblast|p2a: Dragonite
|-resisted|p2a: Dragonite
|-damage|p2a: Dragonite|39/100 par
|
|-heal|p1a: Clefable|29/100|[from] item: Leftovers
|upkeep
|turn|18
|
|t:|1743802208
|cant|p2a: Dragonite|par
|move|p1a: Clefable|Moonblast|p2a: Dragonite
|-resisted|p2a: Dragonite
|-damage|p2a: Dragonite|23/100 par
|
|-heal|p1a: Clefable|35/100|[from] item: Leftovers
|upkeep
|turn|19
|
|t:|1743802210
|move|p2a: Dragonite|Fire Punch|p1a: Clefable
|-damage|p1a: Clefable|0 fnt
|faint|p1a: Clefable
|
|upkeep
|
|t:|1743802215
|switch|p1a: Ogerpon|Ogerpon, F|100/100
|turn|20
|
|t:|1743802221
|move|p1a: Ogerpon|Ivy Cudgel|p2a: Dragonite
|-resisted|p2a: Dragonite
|-damage|p2a: Dragonite|0 fnt
|faint|p2a: Dragonite
|
|upkeep
|
|t:|1743802232
|switch|p2a: Grimmsnarl|Grimmsnarl, M, shiny|100/100
|-damage|p2a: Grimmsnarl|88/100|[from] Stealth Rock
|turn|21
|
|t:|1743802234
|move|p2a: Grimmsnarl|Reflect|p2a: Grimmsnarl
|-sidestart|p2: Acting Male|Reflect
|move|p1a: Ogerpon|Ivy Cudgel|p2a: Grimmsnarl
|-damage|p2a: Grimmsnarl|52/100
|
|upkeep
|turn|22
|
|t:|1743802242
|move|p2a: Grimmsnarl|Light Screen|p2a: Grimmsnarl
|-sidestart|p2: Acting Male|move: Light Screen
|move|p1a: Ogerpon|Ivy Cudgel|p2a: Grimmsnarl
|-damage|p2a: Grimmsnarl|14/100
|
|upkeep
|turn|23
|
|t:|1743802251
|switch|p1a: Corviknight|Corviknight, F|86/100
|-ability|p1a: Corviknight|Pressure
|move|p2a: Grimmsnarl|Parting Shot|p1a: Corviknight
|-unboost|p1a: Corviknight|atk|1
|-unboost|p1a: Corviknight|spa|1
|
|t:|1743802262
|switch|p2a: Glimmora|Glimmora, M|100/100|[from] Parting Shot
|-damage|p2a: Glimmora|88/100|[from] Stealth Rock
|
|upkeep
|turn|24
|
|t:|1743802268
|move|p2a: Glimmora|Rock Polish|p2a: Glimmora
|-boost|p2a: Glimmora|spe|2
|move|p1a: Corviknight|Defog|p2a: Glimmora
|-unboost|p2a: Glimmora|evasion|1
|-sideend|p2: Acting Male|Reflect
|-sideend|p2: Acting Male|move: Light Screen
|-sideend|p2: Acting Male|Stealth Rock|[from] move: Defog|[of] p1a: Corviknight
|
|upkeep
|turn|25
|
|t:|1743802274
|move|p2a: Glimmora|Meteor Beam||[still]
|-prepare|p2a: Glimmora|Meteor Beam
|-boost|p2a: Glimmora|spa|1
|-enditem|p2a: Glimmora|Power Herb
|-anim|p2a: Glimmora|Meteor Beam|p1a: Corviknight
|-damage|p1a: Corviknight|0 fnt
|faint|p1a: Corviknight
|
|upkeep
|
|t:|1743802276
|switch|p1a: Raging Tree|Exeggutor-Alola, M|100/100
|turn|26
|
|t:|1743802287
|move|p2a: Glimmora|Meteor Beam||[still]
|-prepare|p2a: Glimmora|Meteor Beam
|-boost|p2a: Glimmora|spa|1
|move|p1a: Raging Tree|Leaf Storm|p2a: Glimmora
|-damage|p2a: Glimmora|0 fnt
|-unboost|p1a: Raging Tree|spa|2
|faint|p2a: Glimmora
|
|upkeep
|
|t:|1743802291
|switch|p2a: Iron Crown|Iron Crown|100/100
|-enditem|p2a: Iron Crown|Booster Energy
|-activate|p2a: Iron Crown|ability: Quark Drive|[fromitem]
|-start|p2a: Iron Crown|quarkdrivespe
|turn|27
|
|t:|1743802294
|switch|p1a: Ogerpon|Ogerpon, F|100/100
|move|p2a: Iron Crown|Calm Mind|p2a: Iron Crown
|-boost|p2a: Iron Crown|spa|1
|-boost|p2a: Iron Crown|spd|1
|
|upkeep
|turn|28
|
|t:|1743802298
|move|p2a: Iron Crown|Iron Defense|p2a: Iron Crown
|-boost|p2a: Iron Crown|def|2
|move|p1a: Ogerpon|Knock Off|p2a: Iron Crown
|-supereffective|p2a: Iron Crown
|-damage|p2a: Iron Crown|67/100
|
|upkeep
|turn|29
|
|t:|1743802305
|move|p2a: Iron Crown|Stored Power|p1a: Ogerpon
|-damage|p1a: Ogerpon|24/100
|move|p1a: Ogerpon|Knock Off|p2a: Iron Crown
|-supereffective|p2a: Iron Crown
|-damage|p2a: Iron Crown|34/100
|
|upkeep
|turn|30
|
|t:|1743802309
|move|p2a: Iron Crown|Stored Power|p1a: Ogerpon
|-damage|p1a: Ogerpon|0 fnt
|faint|p1a: Ogerpon
|
|upkeep
|
|t:|1743802311
|switch|p1a: Raging Tree|Exeggutor-Alola, M|100/100
|turn|31
|
|t:|1743802314
|move|p2a: Iron Crown|Stored Power|p1a: Raging Tree
|-damage|p1a: Raging Tree|18/100
|move|p1a: Raging Tree|Flamethrower|p2a: Iron Crown
|-supereffective|p2a: Iron Crown
|-damage|p2a: Iron Crown|0 fnt
|faint|p2a: Iron Crown
|-end|p2a: Iron Crown|Quark Drive|[silent]
|
|upkeep
|
|t:|1743802317
|switch|p2a: Great Tusk|Great Tusk|80/100
|turn|32
|-enditem|p1a: Raging Tree|Custap Berry|[eat]
|-activate|p1a: Raging Tree|item: Custap Berry|[consumed]
|
|t:|1743802319
|move|p1a: Raging Tree|Leaf Storm|p2a: Great Tusk
|-supereffective|p2a: Great Tusk
|-damage|p2a: Great Tusk|0 fnt
|-unboost|p1a: Raging Tree|spa|2
|faint|p2a: Great Tusk
|-end|p2a: Great Tusk|Protosynthesis|[silent]
|
|upkeep
|
|t:|1743802323
|switch|p2a: Grimmsnarl|Grimmsnarl, M, shiny|14/100
|turn|33
|
|t:|1743802327
|move|p1a: Raging Tree|Endure|p1a: Raging Tree
|-singleturn|p1a: Raging Tree|move: Endure
|move|p2a: Grimmsnarl|Spirit Break|p1a: Raging Tree
|-supereffective|p1a: Raging Tree
|-activate|p1a: Raging Tree|move: Endure
|-damage|p1a: Raging Tree|1/100
|-unboost|p1a: Raging Tree|spa|1
|
|-item|p1a: Raging Tree|Custap Berry|[from] ability: Harvest
|upkeep
|turn|34
|-enditem|p1a: Raging Tree|Custap Berry|[eat]
|-activate|p1a: Raging Tree|item: Custap Berry|[consumed]
|
|t:|1743802339
|move|p2a: Grimmsnarl|Light Screen|p2a: Grimmsnarl
|-sidestart|p2: Acting Male|move: Light Screen
|move|p1a: Raging Tree|Flamethrower|p2a: Grimmsnarl
|-damage|p2a: Grimmsnarl|8/100
|
|-item|p1a: Raging Tree|Custap Berry|[from] ability: Harvest
|upkeep
|turn|35
|-enditem|p1a: Raging Tree|Custap Berry|[eat]
|-activate|p1a: Raging Tree|item: Custap Berry|[consumed]
|
|t:|1743802348
|move|p1a: Raging Tree|Endure|p1a: Raging Tree
|-singleturn|p1a: Raging Tree|move: Endure
|move|p2a: Grimmsnarl|Spirit Break|p1a: Raging Tree
|-supereffective|p1a: Raging Tree
|-activate|p1a: Raging Tree|move: Endure
|-damage|p1a: Raging Tree|1/100
|-unboost|p1a: Raging Tree|spa|1
|
|upkeep
|turn|36
|
|t:|1743802361
|move|p1a: Raging Tree|Endure||[still]
|-fail|p1a: Raging Tree
|move|p2a: Grimmsnarl|Spirit Break|p1a: Raging Tree
|-supereffective|p1a: Raging Tree
|-damage|p1a: Raging Tree|0 fnt
|faint|p1a: Raging Tree
|
|win|Acting Male
|raw|Liiiy's rating: 1454 &rarr; <strong>1437</strong><br />(-17 for losing)
|raw|Acting Male's rating: 1503 &rarr; <strong>1520</strong><br />(+17 for winning)
|l|☆Acting Male
|player|p2|
|l|☆Liiiy
|player|p1|
