|j|☆DexTrainerRed
|j|☆chubby hi hi see
|t:|1743828682
|gametype|singles
|player|p1|DexTrainerRed|ash-kalos|1104
|player|p2|chubby hi hi see|265|1056
|teamsize|p1|6
|teamsize|p2|6
|gen|9
|tier|[Gen 9] OU
|rated|
|rule|HP Percentage Mod: HP is shown in percentages
|rule|Endless Battle Clause: Forcing endless battles is banned
|rule|Species Clause: Limit one of each Pokémon
|rule|OHKO Clause: OHKO moves are banned
|rule|Evasion Items Clause: Evasion items are banned
|rule|Evasion Moves Clause: Evasion moves are banned
|rule|Sleep Moves Clause: Sleep-inducing moves are banned
|clearpoke
|poke|p1|Charizard, M|
|poke|p1|Pikachu, M|
|poke|p1|Blastoise, M|
|poke|p1|Venusaur, M|
|poke|p1|Snorlax, M|
|poke|p1|Dragonite, F|
|poke|p2|Maushold|
|poke|p2|Iron Valiant|
|poke|p2|Landorus-Therian, M|
|poke|p2|Dragapult, M|
|poke|p2|Hoopa-Unbound|
|poke|p2|Goodra-Hisui, M|
|teampreview
|inactive|Battle timer is ON: inactive players will automatically lose when time's up. (requested by DexTrainerRed)
|c|☆chubby hi hi see|Respect
|
|t:|1743828700
|start
|switch|p1a: Blastoise|Blastoise, M|100/100
|switch|p2a: Landorus|Landorus-Therian, M|100/100
|-ability|p2a: Landorus|Intimidate|boost
|-unboost|p1a: Blastoise|atk|1
|-enditem|p1a: Blastoise|White Herb
|-clearnegativeboost|p1a: Blastoise|[silent]
|turn|1
|
|t:|1743828708
|move|p2a: Landorus|Earthquake|p1a: Blastoise
|-damage|p1a: Blastoise|29/100
|move|p1a: Blastoise|Shell Smash|p1a: Blastoise
|-unboost|p1a: Blastoise|def|1
|-unboost|p1a: Blastoise|spd|1
|-boost|p1a: Blastoise|atk|2
|-boost|p1a: Blastoise|spa|2
|-boost|p1a: Blastoise|spe|2
|
|upkeep
|turn|2
|
|t:|1743828733
|switch|p2a: Hoopa|Hoopa-Unbound|100/100
|move|p1a: Blastoise|Ice Beam|p2a: Hoopa
|-damage|p2a: Hoopa|69/100
|
|upkeep
|turn|3
|inactive|chubby hi hi see has 120 seconds left.
|
|t:|1743828758
|move|p1a: Blastoise|Hydro Pump|p2a: Hoopa
|-damage|p2a: Hoopa|0 fnt
|faint|p2a: Hoopa
|
|upkeep
|
|t:|1743828763
|switch|p2a: Iron Valiant|Iron Valiant|100/100
|-enditem|p2a: Iron Valiant|Booster Energy
|-activate|p2a: Iron Valiant|ability: Quark Drive|[fromitem]
|-start|p2a: Iron Valiant|quarkdrivespe
|turn|4
|inactive|chubby hi hi see has 120 seconds left.
|
|t:|1743828772
|move|p2a: Iron Valiant|Moonblast|p1a: Blastoise
|-damage|p1a: Blastoise|0 fnt
|faint|p1a: Blastoise
|
|upkeep
|
|t:|1743828780
|switch|p1a: Snorlax|Snorlax, M|100/100
|turn|5
|
|t:|1743828787
|move|p2a: Iron Valiant|Knock Off|p1a: Snorlax
|-damage|p1a: Snorlax|82/100
|-enditem|p1a: Snorlax|Leftovers|[from] move: Knock Off|[of] p2a: Iron Valiant
|move|p1a: Snorlax|Curse|p1a: Snorlax
|-unboost|p1a: Snorlax|spe|1
|-boost|p1a: Snorlax|atk|1
|-boost|p1a: Snorlax|def|1
|
|upkeep
|turn|6
|
|t:|1743828798
|move|p2a: Iron Valiant|Aura Sphere|p1a: Snorlax
|-supereffective|p1a: Snorlax
|-damage|p1a: Snorlax|41/100
|move|p1a: Snorlax|Curse|p1a: Snorlax
|-unboost|p1a: Snorlax|spe|1
|-boost|p1a: Snorlax|atk|1
|-boost|p1a: Snorlax|def|1
|
|upkeep
|turn|7
|
|t:|1743828805
|move|p2a: Iron Valiant|Aura Sphere|p1a: Snorlax
|-supereffective|p1a: Snorlax
|-damage|p1a: Snorlax|0 fnt
|faint|p1a: Snorlax
|
|upkeep
|
|t:|1743828816
|switch|p1a: Dragonite|Dragonite, F|100/100
|turn|8
|
|t:|1743828824
|move|p2a: Iron Valiant|Knock Off|p1a: Dragonite
|-damage|p1a: Dragonite|85/100
|-enditem|p1a: Dragonite|Weakness Policy|[from] move: Knock Off|[of] p2a: Iron Valiant
|move|p1a: Dragonite|Dragon Dance|p1a: Dragonite
|-boost|p1a: Dragonite|atk|1
|-boost|p1a: Dragonite|spe|1
|
|upkeep
|turn|9
|
|t:|1743828833
|-terastallize|p1a: Dragonite|Steel
|move|p2a: Iron Valiant|Moonblast|p1a: Dragonite
|-resisted|p1a: Dragonite
|-damage|p1a: Dragonite|59/100
|-unboost|p1a: Dragonite|spa|1
|move|p1a: Dragonite|Iron Head|p2a: Iron Valiant
|-supereffective|p2a: Iron Valiant
|-damage|p2a: Iron Valiant|0 fnt
|faint|p2a: Iron Valiant
|-end|p2a: Iron Valiant|Quark Drive|[silent]
|
|upkeep
|c|☆chubby hi hi see|Nice
|
|t:|1743828851
|switch|p2a: Landorus|Landorus-Therian, M|100/100
|-ability|p2a: Landorus|Intimidate|boost
|-unboost|p1a: Dragonite|atk|1
|turn|10
|
|t:|1743828855
|move|p2a: Landorus|Earthquake|p1a: Dragonite
|-supereffective|p1a: Dragonite
|-damage|p1a: Dragonite|0 fnt
|faint|p1a: Dragonite
|
|upkeep
|
|t:|1743828859
|switch|p1a: Charizard|Charizard, M|100/100
|turn|11
|
|t:|1743828865
|switch|p2a: Goodra|Goodra-Hisui, M|100/100
|move|p1a: Charizard|Hurricane|p2a: Goodra|[miss]
|-miss|p1a: Charizard|p2a: Goodra
|
|upkeep
|turn|12
|
|t:|1743828871
|switch|p1a: Venusaur|Venusaur, M|100/100
|move|p2a: Goodra|Substitute|p2a: Goodra
|-start|p2a: Goodra|Substitute
|-damage|p2a: Goodra|76/100
|
|-heal|p2a: Goodra|82/100|[from] item: Leftovers
|upkeep
|turn|13
|
|t:|1743828878
|move|p1a: Venusaur|Sunny Day|p1a: Venusaur
|-weather|SunnyDay
|move|p2a: Goodra|Curse|p2a: Goodra
|-unboost|p2a: Goodra|spe|1
|-boost|p2a: Goodra|atk|1
|-boost|p2a: Goodra|def|1
|
|-weather|SunnyDay|[upkeep]
|-heal|p2a: Goodra|88/100|[from] item: Leftovers
|upkeep
|turn|14
|
|t:|1743828891
|move|p1a: Venusaur|Weather Ball|p2a: Goodra
|-end|p2a: Goodra|Substitute
|-damage|p1a: Venusaur|91/100|[from] item: Life Orb
|move|p2a: Goodra|Curse|p2a: Goodra
|-unboost|p2a: Goodra|spe|1
|-boost|p2a: Goodra|atk|1
|-boost|p2a: Goodra|def|1
|
|-weather|SunnyDay|[upkeep]
|-heal|p2a: Goodra|94/100|[from] item: Leftovers
|upkeep
|turn|15
|
|t:|1743828907
|-terastallize|p2a: Goodra|Water
|move|p1a: Venusaur|Weather Ball|p2a: Goodra
|-resisted|p2a: Goodra
|-damage|p2a: Goodra|77/100
|-damage|p1a: Venusaur|81/100|[from] item: Life Orb
|move|p2a: Goodra|Gyro Ball|p1a: Venusaur
|-damage|p1a: Venusaur|0 fnt
|faint|p1a: Venusaur
|
|-weather|SunnyDay|[upkeep]
|-heal|p2a: Goodra|83/100|[from] item: Leftovers
|upkeep
|
|t:|1743828918
|switch|p1a: Pikachu|Pikachu, M|100/100
|turn|16
|
|t:|1743828925
|move|p1a: Pikachu|Thunderbolt|p2a: Goodra
|-supereffective|p2a: Goodra
|-damage|p2a: Goodra|18/100
|move|p2a: Goodra|Body Press|p1a: Pikachu
|-damage|p1a: Pikachu|0 fnt
|-status|p2a: Goodra|par|[from] ability: Static|[of] p1a: Pikachu
|faint|p1a: Pikachu
|
|-weather|SunnyDay|[upkeep]
|-heal|p2a: Goodra|24/100 par|[from] item: Leftovers
|upkeep
|
|t:|1743828934
|switch|p1a: Charizard|Charizard, M|100/100
|turn|17
|
|t:|1743828939
|move|p1a: Charizard|Flamethrower|p2a: Goodra
|-resisted|p2a: Goodra
|-damage|p2a: Goodra|5/100 par
|move|p2a: Goodra|Gyro Ball|p1a: Charizard
|-resisted|p1a: Charizard
|-damage|p1a: Charizard|16/100
|
|-weather|none
|-heal|p2a: Goodra|11/100 par|[from] item: Leftovers
|upkeep
|turn|18
|
|t:|1743828949
|move|p1a: Charizard|Flamethrower|p2a: Goodra
|-resisted|p2a: Goodra
|-damage|p2a: Goodra|0 fnt
|faint|p2a: Goodra
|
|upkeep
|
|t:|1743828953
|switch|p2a: Maushold|Maushold|100/100
|turn|19
|
|t:|1743828958
|move|p1a: Charizard|Hurricane|p2a: Maushold
|-damage|p2a: Maushold|24/100
|move|p2a: Maushold|Tidy Up|p2a: Maushold
|-boost|p2a: Maushold|atk|1
|-boost|p2a: Maushold|spe|1
|
|upkeep
|turn|20
|
|t:|1743828972
|move|p2a: Maushold|Beat Up|p1a: Charizard
|-damage|p1a: Charizard|3/100
|-damage|p1a: Charizard|0 fnt
|faint|p1a: Charizard
|-hitcount|p1: Charizard|2
|
|win|chubby hi hi see
|raw|DexTrainerRed's rating: 1104 &rarr; <strong>1076</strong><br />(-28 for losing)
|raw|chubby hi hi see's rating: 1056 &rarr; <strong>1092</strong><br />(+36 for winning)
|l|☆DexTrainerRed
|player|p1|
