|j|☆Maratil
|j|☆kanob55
|t:|1743857574
|gametype|singles
|player|p1|Maratil|102|1163
|player|p2|kanob55|acetrainerf-gen4dp|1186
|teamsize|p1|6
|teamsize|p2|6
|gen|9
|tier|[Gen 9] OU
|rated|
|rule|HP Percentage Mod: HP is shown in percentages
|rule|Endless Battle Clause: Forcing endless battles is banned
|rule|Species Clause: Limit one of each Pokémon
|rule|OHKO Clause: OHKO moves are banned
|rule|Evasion Items Clause: Evasion items are banned
|rule|Evasion Moves Clause: Evasion moves are banned
|rule|Sleep Moves Clause: Sleep-inducing moves are banned
|clearpoke
|poke|p1|Tyranitar, M|
|poke|p1|Ogerpon-Wellspring, F|
|poke|p1|Iron Moth|
|poke|p1|Hatterene, F|
|poke|p1|Gliscor, M|
|poke|p1|Lucario, F|
|poke|p2|Iron Treads|
|poke|p2|Dragapult, F|
|poke|p2|Blaziken, M|
|poke|p2|Ogerpon-Wellspring, F|
|poke|p2|Thundurus-Therian, M|
|poke|p2|Garganacl, M|
|teampreview
|inactive|Battle timer is ON: inactive players will automatically lose when time's up. (requested by Maratil)
|inactive|kanob55 also wants the timer to be on.
|inactive|Maratil has 120 seconds left.
|
|t:|1743857610
|start
|switch|p1a: Tyranitar|Tyranitar, M|100/100
|switch|p2a: Iron Treads|Iron Treads|100/100
|-weather|Sandstorm|[from] ability: Sand Stream|[of] p1a: Tyranitar
|turn|1
|
|t:|1743857619
|move|p2a: Iron Treads|Ice Spinner|p1a: Tyranitar
|-damage|p1a: Tyranitar|80/100
|move|p1a: Tyranitar|Earth Power|p2a: Iron Treads
|-supereffective|p2a: Iron Treads
|-damage|p2a: Iron Treads|0 fnt
|faint|p2a: Iron Treads
|-end|p2a: Iron Treads|Quark Drive|[silent]
|
|-weather|Sandstorm|[upkeep]
|upkeep
|
|t:|1743857628
|switch|p2a: Ogerpon|Ogerpon-Wellspring, F|100/100
|turn|2
|
|t:|1743857635
|switch|p1a: Iron Moth|Iron Moth|100/100
|-enditem|p1a: Iron Moth|Booster Energy
|-activate|p1a: Iron Moth|ability: Quark Drive|[fromitem]
|-start|p1a: Iron Moth|quarkdrivespe
|move|p2a: Ogerpon|Ivy Cudgel|p1a: Iron Moth|[anim] Ivy Cudgel Water
|-supereffective|p1a: Iron Moth
|-damage|p1a: Iron Moth|0 fnt
|faint|p1a: Iron Moth
|-end|p1a: Iron Moth|Quark Drive|[silent]
|
|-weather|Sandstorm|[upkeep]
|-damage|p2a: Ogerpon|95/100|[from] Sandstorm
|upkeep
|
|t:|1743857650
|switch|p1a: Ogerpon|Ogerpon-Wellspring, F|100/100
|turn|3
|
|t:|1743857660
|-terastallize|p2a: Ogerpon|Water
|detailschange|p2a: Ogerpon|Ogerpon-Wellspring-Tera, F, tera:Water
|-ability|p2a: Ogerpon|Embody Aspect (Wellspring)|boost
|-boost|p2a: Ogerpon|spd|1
|move|p1a: Ogerpon|Power Whip|p2a: Ogerpon
|-supereffective|p2a: Ogerpon
|-damage|p2a: Ogerpon|0 fnt
|faint|p2a: Ogerpon
|
|-weather|Sandstorm|[upkeep]
|-damage|p1a: Ogerpon|95/100|[from] Sandstorm
|upkeep
|
|t:|1743857670
|switch|p2a: Dragapult|Dragapult, F|100/100
|turn|4
|
|t:|1743857674
|move|p2a: Dragapult|U-turn|p1a: Ogerpon
|-supereffective|p1a: Ogerpon
|-damage|p1a: Ogerpon|8/100
|
|t:|1743857680
|switch|p2a: Thundurus|Thundurus-Therian, M|100/100|[from] U-turn
|move|p1a: Ogerpon|Knock Off|p2a: Thundurus
|-damage|p2a: Thundurus|33/100
|-enditem|p2a: Thundurus|Heavy-Duty Boots|[from] move: Knock Off|[of] p1a: Ogerpon
|
|-weather|Sandstorm|[upkeep]
|-damage|p2a: Thundurus|27/100|[from] Sandstorm
|-damage|p1a: Ogerpon|2/100|[from] Sandstorm
|upkeep
|turn|5
|
|t:|1743857691
|move|p2a: Thundurus|Sludge Bomb|p1a: Ogerpon
|-supereffective|p1a: Ogerpon
|-damage|p1a: Ogerpon|0 fnt
|faint|p1a: Ogerpon
|
|-weather|none
|upkeep
|c|☆kanob55|I hate myself man
|c|☆kanob55|Nvm
|
|t:|1743857697
|switch|p1a: Tyranitar|Tyranitar, M|80/100
|-weather|Sandstorm|[from] ability: Sand Stream|[of] p1a: Tyranitar
|turn|6
|
|t:|1743857706
|move|p2a: Thundurus|Focus Blast|p1a: Tyranitar
|-supereffective|p1a: Tyranitar
|-damage|p1a: Tyranitar|0 fnt
|faint|p1a: Tyranitar
|
|-weather|Sandstorm|[upkeep]
|-damage|p2a: Thundurus|21/100|[from] Sandstorm
|upkeep
|
|t:|1743857731
|switch|p1a: Gliscor|Gliscor, M|100/100
|turn|7
|
|t:|1743857746
|move|p2a: Thundurus|Sludge Bomb|p1a: Gliscor
|-resisted|p1a: Gliscor
|-damage|p1a: Gliscor|74/100
|-status|p1a: Gliscor|psn
|move|p1a: Gliscor|Knock Off|p2a: Thundurus
|-damage|p2a: Thundurus|0 fnt
|faint|p2a: Thundurus
|
|-weather|Sandstorm|[upkeep]
|-heal|p1a: Gliscor|86/100 psn|[from] ability: Poison Heal
|upkeep
|
|t:|1743857757
|switch|p2a: Dragapult|Dragapult, F|100/100
|turn|8
|
|t:|1743857765
|move|p2a: Dragapult|Dragon Darts|p1a: Gliscor
|-damage|p1a: Gliscor|49/100 psn
|-anim|p2a: Dragapult|Dragon Darts|p1a: Gliscor
|-damage|p1a: Gliscor|12/100 psn
|move|p1a: Gliscor|Knock Off|p2a: Dragapult
|-supereffective|p2a: Dragapult
|-damage|p2a: Dragapult|30/100
|-enditem|p2a: Dragapult|Choice Band|[from] move: Knock Off|[of] p1a: Gliscor
|
|-weather|Sandstorm|[upkeep]
|-damage|p2a: Dragapult|24/100|[from] Sandstorm
|-heal|p1a: Gliscor|25/100 psn|[from] ability: Poison Heal
|upkeep
|turn|9
|
|t:|1743857778
|switch|p1a: Hatterene|Hatterene, F|100/100
|move|p2a: Dragapult|Dragon Darts|p1a: Hatterene
|-immune|p1a: Hatterene
|
|-weather|Sandstorm|[upkeep]
|-damage|p2a: Dragapult|18/100|[from] Sandstorm
|-damage|p1a: Hatterene|95/100|[from] Sandstorm
|-heal|p1a: Hatterene|100/100|[from] item: Leftovers
|upkeep
|turn|10
|
|t:|1743857788
|switch|p2a: Blaziken|Blaziken, M|100/100
|move|p1a: Hatterene|Draining Kiss|p2a: Blaziken
|-damage|p2a: Blaziken|53/100
|
|-weather|none
|upkeep
|turn|11
|
|t:|1743857797
|move|p2a: Blaziken|Protect|p2a: Blaziken
|-singleturn|p2a: Blaziken|Protect
|move|p1a: Hatterene|Healing Wish|p1a: Hatterene
|faint|p1a: Hatterene
|
|-ability|p2a: Blaziken|Speed Boost|boost
|-boost|p2a: Blaziken|spe|1
|upkeep
|
|t:|1743857803
|switch|p1a: Gliscor|Gliscor, M|25/100 psn
|-heal|p1a: Gliscor|100/100|[from] move: Healing Wish
|turn|12
|
|t:|1743857816
|move|p2a: Blaziken|Flare Blitz|p1a: Gliscor
|-damage|p1a: Gliscor|21/100
|-damage|p2a: Blaziken|27/100|[from] Recoil
|-damage|p2a: Blaziken|17/100|[from] item: Life Orb
|move|p1a: Gliscor|Earthquake|p2a: Blaziken
|-supereffective|p2a: Blaziken
|-damage|p2a: Blaziken|0 fnt
|faint|p2a: Blaziken
|
|-status|p1a: Gliscor|tox|[from] item: Toxic Orb
|upkeep
|
|t:|1743857822
|switch|p2a: Dragapult|Dragapult, F|18/100
|turn|13
|
|t:|1743857834
|move|p2a: Dragapult|Dragon Darts|p1a: Gliscor
|-damage|p1a: Gliscor|0 fnt
|faint|p1a: Gliscor
|
|upkeep
|c|☆kanob55|Yeah this my loss
|
|t:|1743857842
|switch|p1a: Lucario|Lucario, F|100/100
|turn|14
|
|t:|1743857845
|move|p1a: Lucario|Bullet Punch|p2a: Dragapult
|-damage|p2a: Dragapult|0 fnt
|faint|p2a: Dragapult
|
|upkeep
|
|t:|1743857847
|switch|p2a: Garganacl|Garganacl, M|100/100
|turn|15
|
|t:|1743857854
|move|p1a: Lucario|Drain Punch|p2a: Garganacl
|-supereffective|p2a: Garganacl
|-damage|p2a: Garganacl|54/100
|move|p2a: Garganacl|Salt Cure|p1a: Lucario
|-resisted|p1a: Lucario
|-damage|p1a: Lucario|95/100
|-start|p1a: Lucario|Salt Cure
|
|-heal|p2a: Garganacl|61/100|[from] item: Leftovers
|-damage|p1a: Lucario|70/100|[from] Salt Cure
|upkeep
|turn|16
|
|t:|1743857863
|move|p2a: Garganacl|Protect|p2a: Garganacl
|-singleturn|p2a: Garganacl|Protect
|move|p1a: Lucario|Drain Punch|p2a: Garganacl
|-activate|p2a: Garganacl|move: Protect
|
|-heal|p2a: Garganacl|67/100|[from] item: Leftovers
|-damage|p1a: Lucario|45/100|[from] Salt Cure
|upkeep
|turn|17
|
|t:|1743857872
|-terastallize|p1a: Lucario|Normal
|move|p1a: Lucario|Drain Punch|p2a: Garganacl
|-supereffective|p2a: Garganacl
|-damage|p2a: Garganacl|21/100
|-heal|p1a: Lucario|78/100|[from] drain|[of] p2a: Garganacl
|move|p2a: Garganacl|Recover|p2a: Garganacl
|-heal|p2a: Garganacl|71/100
|
|-heal|p2a: Garganacl|77/100|[from] item: Leftovers
|-damage|p1a: Lucario|66/100|[from] Salt Cure
|upkeep
|turn|18
|
|t:|1743857885
|move|p2a: Garganacl|Protect|p2a: Garganacl
|-singleturn|p2a: Garganacl|Protect
|move|p1a: Lucario|Drain Punch|p2a: Garganacl
|-activate|p2a: Garganacl|move: Protect
|
|-heal|p2a: Garganacl|83/100|[from] item: Leftovers
|-damage|p1a: Lucario|54/100|[from] Salt Cure
|upkeep
|turn|19
|
|t:|1743857898
|move|p1a: Lucario|Drain Punch|p2a: Garganacl
|-supereffective|p2a: Garganacl
|-damage|p2a: Garganacl|40/100
|-heal|p1a: Lucario|85/100|[from] drain|[of] p2a: Garganacl
|move|p2a: Garganacl|Recover|p2a: Garganacl
|-heal|p2a: Garganacl|90/100
|
|-heal|p2a: Garganacl|96/100|[from] item: Leftovers
|-damage|p1a: Lucario|72/100|[from] Salt Cure
|upkeep
|turn|20
|
|t:|1743857909
|move|p1a: Lucario|Drain Punch|p2a: Garganacl
|-supereffective|p2a: Garganacl
|-damage|p2a: Garganacl|53/100
|-heal|p1a: Lucario|100/100|[from] drain|[of] p2a: Garganacl
|move|p2a: Garganacl|Salt Cure|p1a: Lucario
|-damage|p1a: Lucario|77/100
|
|-heal|p2a: Garganacl|59/100|[from] item: Leftovers
|-damage|p1a: Lucario|65/100|[from] Salt Cure
|upkeep
|turn|21
|
|t:|1743857919
|move|p2a: Garganacl|Protect|p2a: Garganacl
|-singleturn|p2a: Garganacl|Protect
|move|p1a: Lucario|Drain Punch|p2a: Garganacl
|-activate|p2a: Garganacl|move: Protect
|
|-heal|p2a: Garganacl|65/100|[from] item: Leftovers
|-damage|p1a: Lucario|52/100|[from] Salt Cure
|upkeep
|turn|22
|
|t:|1743857931
|move|p1a: Lucario|Drain Punch|p2a: Garganacl
|-supereffective|p2a: Garganacl
|-damage|p2a: Garganacl|18/100
|-heal|p1a: Lucario|86/100|[from] drain|[of] p2a: Garganacl
|move|p2a: Garganacl|Recover|p2a: Garganacl
|-heal|p2a: Garganacl|68/100
|
|-heal|p2a: Garganacl|74/100|[from] item: Leftovers
|-damage|p1a: Lucario|74/100|[from] Salt Cure
|upkeep
|turn|23
|
|t:|1743857940
|move|p1a: Lucario|Earthquake|p2a: Garganacl
|-supereffective|p2a: Garganacl
|-damage|p2a: Garganacl|34/100
|move|p2a: Garganacl|Salt Cure|p1a: Lucario
|-damage|p1a: Lucario|49/100
|
|-heal|p2a: Garganacl|40/100|[from] item: Leftovers
|-damage|p1a: Lucario|37/100|[from] Salt Cure
|upkeep
|turn|24
|
|t:|1743857948
|move|p1a: Lucario|Drain Punch|p2a: Garganacl
|-supereffective|p2a: Garganacl
|-damage|p2a: Garganacl|0 fnt
|-heal|p1a: Lucario|66/100|[from] drain|[of] p2a: Garganacl
|faint|p2a: Garganacl
|
|win|Maratil
|raw|Maratil's rating: 1163 &rarr; <strong>1190</strong><br />(+27 for winning)
|raw|kanob55's rating: 1186 &rarr; <strong>1159</strong><br />(-27 for losing)
|l|☆kanob55
|player|p2|
|l|☆Maratil
|player|p1|
