|j|☆trailblazer3916
|j|☆jshim2705
|t:|1743815993
|gametype|singles
|player|p1|trailblazer3916|101|1000
|player|p2|jshim2705|101|1048
|teamsize|p1|6
|teamsize|p2|6
|gen|9
|tier|[Gen 9] OU
|rated|
|rule|HP Percentage Mod: HP is shown in percentages
|rule|Endless Battle Clause: Forcing endless battles is banned
|rule|Species Clause: Limit one of each Pokémon
|rule|OHKO Clause: OHKO moves are banned
|rule|Evasion Items Clause: Evasion items are banned
|rule|Evasion Moves Clause: Evasion moves are banned
|rule|Sleep Moves Clause: Sleep-inducing moves are banned
|clearpoke
|poke|p1|Gholdengo|
|poke|p1|Mew|
|poke|p1|Great Tusk|
|poke|p1|Dondozo, F|
|poke|p1|Chansey, F|
|poke|p1|Blissey, F|
|poke|p2|Sinistcha|
|poke|p2|Samurott-Hisui, M|
|poke|p2|Kleavor, M|
|poke|p2|Glimmora, M|
|poke|p2|Ribombee, M|
|poke|p2|Pawmot, F|
|teampreview
|
|t:|1743815998
|start
|switch|p1a: Mew|Mew|100/100
|switch|p2a: Kleavor|Kleavor, M|100/100
|turn|1
|
|t:|1743816009
|move|p2a: Kleavor|Tailwind|p2a: Kleavor
|-sidestart|p2: jshim2705|move: Tailwind
|move|p1a: Mew|Will-O-Wisp|p2a: Kleavor|[miss]
|-miss|p1a: Mew|p2a: Kleavor
|
|upkeep
|turn|2
|
|t:|1743816017
|move|p2a: Kleavor|X-Scissor|p1a: Mew
|-supereffective|p1a: Mew
|-crit|p1a: Mew
|-damage|p1a: Mew|0 fnt
|faint|p1a: Mew
|
|upkeep
|
|t:|1743816034
|switch|p1a: Dondozo|Dondozo, F|100/100
|turn|3
|
|t:|1743816039
|move|p2a: Kleavor|Stone Axe|p1a: Dondozo
|-damage|p1a: Dondozo|79/100
|-sidestart|p1: trailblazer3916|move: Stealth Rock
|move|p1a: Dondozo|Body Press|p2a: Kleavor
|-damage|p2a: Kleavor|62/100
|
|-heal|p1a: Dondozo|85/100|[from] item: Leftovers
|upkeep
|turn|4
|
|t:|1743816052
|move|p2a: Kleavor|Trailblaze|p1a: Dondozo
|-supereffective|p1a: Dondozo
|-damage|p1a: Dondozo|68/100
|-boost|p2a: Kleavor|spe|1
|move|p1a: Dondozo|Body Press|p2a: Kleavor
|-damage|p2a: Kleavor|25/100
|
|-heal|p1a: Dondozo|74/100|[from] item: Leftovers
|-sideend|p2: jshim2705|move: Tailwind
|upkeep
|turn|5
|
|t:|1743816062
|move|p2a: Kleavor|X-Scissor|p1a: Dondozo
|-damage|p1a: Dondozo|45/100
|move|p1a: Dondozo|Body Press|p2a: Kleavor
|-damage|p2a: Kleavor|0 fnt
|faint|p2a: Kleavor
|
|-heal|p1a: Dondozo|51/100|[from] item: Leftovers
|upkeep
|
|t:|1743816092
|switch|p2a: Ribombee|Ribombee, M|100/100
|turn|6
|
|t:|1743816108
|move|p2a: Ribombee|Psychic Noise|p1a: Dondozo
|-damage|p1a: Dondozo|30/100
|-start|p1a: Dondozo|move: Heal Block
|cant|p1a: Dondozo|move: Heal Block|Rest
|
|upkeep
|turn|7
|
|t:|1743816120
|switch|p1a: Chansey|Chansey, F|100/100
|-damage|p1a: Chansey|88/100|[from] Stealth Rock
|move|p2a: Ribombee|Sticky Web|p1a: Chansey
|-sidestart|p1: trailblazer3916|move: Sticky Web
|
|upkeep
|turn|8
|
|t:|1743816134
|move|p2a: Ribombee|Psychic Noise|p1a: Chansey
|-damage|p1a: Chansey|82/100
|-start|p1a: Chansey|move: Heal Block
|move|p1a: Chansey|Thunder Wave|p2a: Ribombee
|-status|p2a: Ribombee|par
|
|upkeep
|turn|9
|
|t:|1743816145
|switch|p1a: Great Tusk|Great Tusk|100/100
|move|p2a: Ribombee|Stun Spore|p1a: Great Tusk
|-status|p1a: Great Tusk|par
|
|upkeep
|turn|10
|
|t:|1743816151
|move|p2a: Ribombee|Moonblast|p1a: Great Tusk
|-supereffective|p1a: Great Tusk
|-damage|p1a: Great Tusk|5/100 par
|move|p1a: Great Tusk|Rapid Spin|p2a: Ribombee
|-damage|p2a: Ribombee|65/100 par
|-boost|p1a: Great Tusk|spe|1
|-sideend|p1: trailblazer3916|Stealth Rock|[from] move: Rapid Spin|[of] p1a: Great Tusk
|-sideend|p1: trailblazer3916|Sticky Web|[from] move: Rapid Spin|[of] p1a: Great Tusk
|
|upkeep
|turn|11
|inactive|Battle timer is ON: inactive players will automatically lose when time's up. (requested by trailblazer3916)
|
|t:|1743816173
|-end|p1a: Great Tusk|Protosynthesis|[silent]
|switch|p1a: Chansey|Chansey, F|82/100
|cant|p2a: Ribombee|par
|
|upkeep
|turn|12
|
|t:|1743816184
|switch|p2a: Pawmot|Pawmot, F|100/100
|move|p1a: Chansey|Heal Bell|p1a: Chansey
|-activate|p1a: Chansey|move: Heal Bell
|-curestatus|p1: Great Tusk|par|[msg]
|
|upkeep
|turn|13
|
|t:|1743816195
|switch|p1a: Gholdengo|Gholdengo|100/100
|move|p2a: Pawmot|Close Combat|p1a: Gholdengo
|-immune|p1a: Gholdengo
|
|upkeep
|turn|14
|
|t:|1743816214
|switch|p2a: Brainrotter|Samurott-Hisui, M|100/100
|move|p1a: Gholdengo|Thunder Wave|p2a: Brainrotter
|-status|p2a: Brainrotter|par
|
|upkeep
|turn|15
|
|t:|1743816220
|move|p1a: Gholdengo|Hex|p2a: Brainrotter
|-resisted|p2a: Brainrotter
|-damage|p2a: Brainrotter|60/100 par
|move|p2a: Brainrotter|Ceaseless Edge|p1a: Gholdengo
|-supereffective|p1a: Gholdengo
|-damage|p1a: Gholdengo|15/100
|-sidestart|p1: trailblazer3916|Spikes
|
|-heal|p1a: Gholdengo|21/100|[from] item: Leftovers
|upkeep
|turn|16
|
|t:|1743816233
|switch|p1a: Dondozo|Dondozo, F|30/100
|-damage|p1a: Dondozo|18/100|[from] Spikes
|move|p2a: Brainrotter|Ceaseless Edge|p1a: Dondozo
|-damage|p1a: Dondozo|0 fnt
|-sidestart|p1: trailblazer3916|Spikes
|faint|p1a: Dondozo
|
|upkeep
|
|t:|1743816244
|switch|p1a: Great Tusk|Great Tusk|5/100
|turn|17
|inactive|trailblazer3916 has 120 seconds left.
|
|t:|1743816270
|move|p1a: Great Tusk|Headlong Rush|p2a: Brainrotter
|-damage|p2a: Brainrotter|0 fnt
|-unboost|p1a: Great Tusk|def|1
|-unboost|p1a: Great Tusk|spd|1
|faint|p2a: Brainrotter
|
|upkeep
|
|t:|1743816286
|switch|p2a: Ribombee|Ribombee, M|65/100 par
|turn|18
|
|t:|1743816293
|move|p1a: Great Tusk|Knock Off|p2a: Ribombee
|-resisted|p2a: Ribombee
|-damage|p2a: Ribombee|31/100 par
|-enditem|p2a: Ribombee|Focus Sash|[from] move: Knock Off|[of] p1a: Great Tusk
|move|p2a: Ribombee|Moonblast|p1a: Great Tusk
|-supereffective|p1a: Great Tusk
|-damage|p1a: Great Tusk|0 fnt
|faint|p1a: Great Tusk
|-end|p1a: Great Tusk|Protosynthesis|[silent]
|
|upkeep
|
|t:|1743816302
|switch|p1a: Blissey|Blissey, F|100/100
|turn|19
|
|t:|1743816310
|move|p2a: Ribombee|Sticky Web|p1a: Blissey
|-sidestart|p1: trailblazer3916|move: Sticky Web
|move|p1a: Blissey|Seismic Toss|p2a: Ribombee
|-damage|p2a: Ribombee|0 fnt
|faint|p2a: Ribombee
|
|upkeep
|
|t:|1743816332
|switch|p2a: Glimmora|Glimmora, M|100/100
|turn|20
|inactive|trailblazer3916 has 120 seconds left.
|
|t:|1743816365
|switch|p1a: Gholdengo|Gholdengo|21/100
|-damage|p1a: Gholdengo|4/100|[from] Spikes
|-activate|p1a: Gholdengo|move: Sticky Web
|-unboost|p1a: Gholdengo|spe|1
|move|p2a: Glimmora|Stealth Rock|p1a: Gholdengo
|-sidestart|p1: trailblazer3916|move: Stealth Rock
|
|-heal|p1a: Gholdengo|10/100|[from] item: Leftovers
|upkeep
|turn|21
|inactive|trailblazer3916 has 120 seconds left.
|
|t:|1743816381
|move|p2a: Glimmora|Earth Power|p1a: Gholdengo
|-supereffective|p1a: Gholdengo
|-damage|p1a: Gholdengo|0 fnt
|faint|p1a: Gholdengo
|
|upkeep
|inactive|trailblazer3916 has 120 seconds left.
|
|t:|1743816391
|switch|p1a: Blissey|Blissey, F|100/100
|turn|22
|
|t:|1743816399
|move|p2a: Glimmora|Power Gem|p1a: Blissey
|-damage|p1a: Blissey|86/100
|move|p1a: Blissey|Seismic Toss|p2a: Glimmora
|-damage|p2a: Glimmora|68/100
|-activate|p2a: Glimmora|ability: Toxic Debris
|-sidestart|p1: trailblazer3916|move: Toxic Spikes
|
|upkeep
|turn|23
|
|t:|1743816410
|move|p2a: Glimmora|Earth Power|p1a: Blissey
|-damage|p1a: Blissey|74/100
|move|p1a: Blissey|Seismic Toss|p2a: Glimmora
|-damage|p2a: Glimmora|35/100
|-activate|p2a: Glimmora|ability: Toxic Debris
|-sidestart|p1: trailblazer3916|move: Toxic Spikes
|
|upkeep
|turn|24
|
|t:|1743816420
|move|p2a: Glimmora|Earth Power|p1a: Blissey
|-damage|p1a: Blissey|61/100
|move|p1a: Blissey|Seismic Toss|p2a: Glimmora
|-damage|p2a: Glimmora|3/100
|
|upkeep
|turn|25
|
|t:|1743816428
|move|p2a: Glimmora|Earth Power|p1a: Blissey
|-damage|p1a: Blissey|50/100
|move|p1a: Blissey|Soft-Boiled|p1a: Blissey
|-heal|p1a: Blissey|99/100
|
|upkeep
|turn|26
|
|t:|1743816436
|move|p2a: Glimmora|Mortal Spin|p1a: Blissey
|-damage|p1a: Blissey|95/100
|-status|p1a: Blissey|psn
|move|p1a: Blissey|Seismic Toss|p2a: Glimmora
|-damage|p2a: Glimmora|0 fnt
|faint|p2a: Glimmora
|
|-damage|p1a: Blissey|82/100 psn|[from] psn
|upkeep
|
|t:|1743816443
|switch|p2a: Sinistcha|Sinistcha|100/100
|turn|27
|
|t:|1743816447
|-curestatus|p1a: Blissey|psn|[from] ability: Natural Cure
|switch|p1a: Chansey|Chansey, F|82/100
|-damage|p1a: Chansey|65/100|[from] Spikes
|-activate|p1a: Chansey|move: Sticky Web
|-unboost|p1a: Chansey|spe|1
|-damage|p1a: Chansey|53/100|[from] Stealth Rock
|-status|p1a: Chansey|tox
|move|p2a: Sinistcha|Calm Mind|p2a: Sinistcha
|-boost|p2a: Sinistcha|spa|1
|-boost|p2a: Sinistcha|spd|1
|
|-damage|p1a: Chansey|46/100 tox|[from] psn
|upkeep
|turn|28
|
|t:|1743816468
|move|p2a: Sinistcha|Calm Mind|p2a: Sinistcha
|-boost|p2a: Sinistcha|spa|1
|-boost|p2a: Sinistcha|spd|1
|move|p1a: Chansey|Thunder Wave|p2a: Sinistcha
|-status|p2a: Sinistcha|par
|
|-damage|p1a: Chansey|34/100 tox|[from] psn
|upkeep
|turn|29
|
|t:|1743816480
|-curestatus|p1a: Chansey|tox|[from] ability: Natural Cure
|switch|p1a: Blissey|Blissey, F|82/100
|move|p2a: Sinistcha|Calm Mind|p2a: Sinistcha
|-boost|p2a: Sinistcha|spa|1
|-boost|p2a: Sinistcha|spd|1
|
|upkeep
|turn|30
|
|t:|1743816488
|move|p1a: Blissey|Shadow Ball|p2a: Sinistcha
|-supereffective|p2a: Sinistcha
|-damage|p2a: Sinistcha|88/100 par
|move|p2a: Sinistcha|Matcha Gotcha|p1a: Blissey
|-damage|p1a: Blissey|54/100
|-heal|p2a: Sinistcha|100/100 par|[from] drain|[of] p1a: Blissey
|
|upkeep
|turn|31
|
|t:|1743816499
|move|p1a: Blissey|Shadow Ball|p2a: Sinistcha
|-supereffective|p2a: Sinistcha
|-damage|p2a: Sinistcha|87/100 par
|-unboost|p2a: Sinistcha|spd|1
|move|p2a: Sinistcha|Calm Mind|p2a: Sinistcha
|-boost|p2a: Sinistcha|spa|1
|-boost|p2a: Sinistcha|spd|1
|
|upkeep
|turn|32
|
|t:|1743816506
|move|p1a: Blissey|Shadow Ball|p2a: Sinistcha
|-supereffective|p2a: Sinistcha
|-damage|p2a: Sinistcha|72/100 par
|cant|p2a: Sinistcha|par
|
|upkeep
|turn|33
|
|t:|1743816511
|move|p1a: Blissey|Shadow Ball|p2a: Sinistcha
|-supereffective|p2a: Sinistcha
|-damage|p2a: Sinistcha|57/100 par
|move|p2a: Sinistcha|Matcha Gotcha|p1a: Blissey
|-damage|p1a: Blissey|19/100
|-heal|p2a: Sinistcha|94/100 par|[from] drain|[of] p1a: Blissey
|-status|p1a: Blissey|brn
|
|-damage|p1a: Blissey|13/100 brn|[from] brn
|upkeep
|turn|34
|-message|trailblazer3916 forfeited.
|
|win|jshim2705
|raw|trailblazer3916's rating: 1000 &rarr; <strong>1000</strong><br />(+0 for losing)
|raw|jshim2705's rating: 1048 &rarr; <strong>1076</strong><br />(+28 for winning)
