|j|☆Fatmilktank
|j|☆CapitainFreeze1
|t:|1743857675
|gametype|singles
|player|p1|Fatmilktank|wattson|1227
|player|p2|CapitainFreeze1|ghetsis|1263
|teamsize|p1|6
|teamsize|p2|6
|gen|9
|tier|[Gen 9] OU
|rated|
|rule|HP Percentage Mod: HP is shown in percentages
|rule|Endless Battle Clause: Forcing endless battles is banned
|rule|Species Clause: Limit one of each Pokémon
|rule|OHKO Clause: OHKO moves are banned
|rule|Evasion Items Clause: Evasion items are banned
|rule|Evasion Moves Clause: Evasion moves are banned
|rule|Sleep Moves Clause: Sleep-inducing moves are banned
|clearpoke
|poke|p1|Incineroar, M|
|poke|p1|Walking Wake|
|poke|p1|Garganacl, M|
|poke|p1|Tentacruel, M|
|poke|p1|Rotom-Mow|
|poke|p1|Zoroark-Hisui, M|
|poke|p2|Kingambit, F|
|poke|p2|Quaquaval, M|
|poke|p2|Pecharunt|
|poke|p2|Iron Moth|
|poke|p2|Iron Treads|
|poke|p2|Dragapult, F|
|teampreview
|inactive|Battle timer is ON: inactive players will automatically lose when time's up. (requested by Fatmilktank)
|inactive|CapitainFreeze1 also wants the timer to be on.
|c|☆CapitainFreeze1|glhf
|
|t:|1743857693
|start
|switch|p1a: Tentacruel|Tentacruel, M|100/100
|switch|p2a: Gladiator|Iron Treads|100/100
|turn|1
|
|t:|1743857708
|move|p1a: Tentacruel|U-turn|p2a: Gladiator
|-resisted|p2a: Gladiator
|-damage|p2a: Gladiator|88/100
|-damage|p1a: Tentacruel|91/100|[from] item: Life Orb
|
|t:|1743857714
|switch|p1a: Incineroar|Incineroar, M|100/100|[from] U-turn
|-ability|p1a: Incineroar|Intimidate|boost
|-unboost|p2a: Gladiator|atk|1
|move|p2a: Gladiator|Stealth Rock|p1a: Incineroar
|-sidestart|p1: Fatmilktank|move: Stealth Rock
|
|-heal|p2a: Gladiator|94/100|[from] item: Leftovers
|upkeep
|turn|2
|
|t:|1743857728
|-end|p2a: Gladiator|Quark Drive|[silent]
|switch|p2a: Quaquaval|Quaquaval, M|100/100
|move|p1a: Incineroar|Fake Out|p2a: Quaquaval
|-crit|p2a: Quaquaval
|-damage|p2a: Quaquaval|75/100
|
|upkeep
|turn|3
|
|t:|1743857736
|move|p2a: Quaquaval|Aqua Step|p1a: Incineroar
|-supereffective|p1a: Incineroar
|-damage|p1a: Incineroar|19/100
|-boost|p2a: Quaquaval|spe|1
|move|p1a: Incineroar|U-turn|p2a: Quaquaval
|-resisted|p2a: Quaquaval
|-damage|p2a: Quaquaval|61/100
|
|t:|1743857744
|switch|p1a: Tentacruel|Tentacruel, M|100/100|[from] U-turn
|-damage|p1a: Tentacruel|88/100|[from] Stealth Rock
|
|-heal|p1a: Tentacruel|94/100|[from] item: Black Sludge
|upkeep
|turn|4
|
|t:|1743857769
|switch|p2a: Pecharunt|Pecharunt|100/100
|move|p1a: Tentacruel|Rapid Spin|p2a: Pecharunt
|-immune|p2a: Pecharunt
|
|-heal|p1a: Tentacruel|99/100|[from] item: Black Sludge
|upkeep
|turn|5
|
|t:|1743857782
|move|p2a: Pecharunt|Malignant Chain|p1a: Tentacruel
|-resisted|p1a: Tentacruel
|-damage|p1a: Tentacruel|91/100
|move|p1a: Tentacruel|Knock Off|p2a: Pecharunt
|-supereffective|p2a: Pecharunt
|-damage|p2a: Pecharunt|81/100
|-enditem|p2a: Pecharunt|Heavy-Duty Boots|[from] move: Knock Off|[of] p1a: Tentacruel
|
|-heal|p1a: Tentacruel|97/100|[from] item: Black Sludge
|upkeep
|turn|6
|
|t:|1743857793
|move|p2a: Pecharunt|Hex|p1a: Tentacruel
|-damage|p1a: Tentacruel|85/100
|move|p1a: Tentacruel|Flip Turn|p2a: Pecharunt
|-damage|p2a: Pecharunt|72/100
|
|t:|1743857809
|switch|p1a: Incineroar|Incineroar, M|91/100|[from] Flip Turn
|-damage|p1a: Incineroar|78/100|[from] Stealth Rock
|
|upkeep
|turn|7
|
|t:|1743857824
|move|p1a: Incineroar|Swords Dance|p1a: Incineroar
|-boost|p1a: Incineroar|atk|2
|move|p2a: Pecharunt|Parting Shot|p1a: Incineroar
|-unboost|p1a: Incineroar|atk|1
|-unboost|p1a: Incineroar|spa|1
|
|t:|1743857830
|switch|p2a: Quaquaval|Quaquaval, M|61/100|[from] Parting Shot
|
|upkeep
|turn|8
|
|t:|1743857841
|move|p1a: Incineroar|Body Slam|p2a: Quaquaval
|-damage|p2a: Quaquaval|0 fnt
|faint|p2a: Quaquaval
|-damage|p1a: Incineroar|68/100|[from] item: Life Orb
|
|upkeep
|c|☆CapitainFreeze1|how are you fater?
|c|☆CapitainFreeze1|faster
|inactive|CapitainFreeze1 has 120 seconds left.
|
|t:|1743857877
|switch|p2a: Gladiator|Iron Treads|94/100
|turn|9
|c|☆Fatmilktank|You will see
|
|t:|1743857900
|move|p1a: Incineroar|U-turn|p2a: Gladiator
|-resisted|p2a: Gladiator
|-damage|p2a: Gladiator|77/100
|-damage|p1a: Incineroar|58/100|[from] item: Life Orb
|
|t:|1743857904
|switch|p1a: Tentacruel|Tentacruel, M|85/100|[from] U-turn
|-damage|p1a: Tentacruel|73/100|[from] Stealth Rock
|move|p2a: Gladiator|Earthquake|p1a: Tentacruel
|-supereffective|p1a: Tentacruel
|-crit|p1a: Tentacruel
|-damage|p1a: Tentacruel|0 fnt
|faint|p1a: Tentacruel
|
|-heal|p2a: Gladiator|83/100|[from] item: Leftovers
|upkeep
|
|t:|1743857918
|switch|p1a: Rotom|Rotom-Mow|100/100
|-damage|p1a: Rotom|88/100|[from] Stealth Rock
|turn|10
|inactive|CapitainFreeze1 has 120 seconds left.
|
|t:|1743857947
|-end|p2a: Gladiator|Quark Drive|[silent]
|switch|p2a: Pecharunt|Pecharunt|72/100
|move|p1a: Rotom|Leaf Storm|p2a: Pecharunt
|-resisted|p2a: Pecharunt
|-damage|p2a: Pecharunt|31/100
|-unboost|p1a: Rotom|spa|2
|
|upkeep
|turn|11
|
|t:|1743857966
|switch|p1a: Incineroar|Incineroar, M|58/100
|-damage|p1a: Incineroar|46/100|[from] Stealth Rock
|move|p2a: Pecharunt|Recover|p2a: Pecharunt
|-heal|p2a: Pecharunt|81/100
|
|upkeep
|turn|12
|
|t:|1743857977
|move|p1a: Incineroar|Shadow Claw|p2a: Pecharunt
|-supereffective|p2a: Pecharunt
|-damage|p2a: Pecharunt|34/100
|-damage|p1a: Incineroar|36/100|[from] item: Life Orb
|move|p2a: Pecharunt|Parting Shot|p1a: Incineroar
|-unboost|p1a: Incineroar|atk|1
|-unboost|p1a: Incineroar|spa|1
|inactive|CapitainFreeze1 has 120 seconds left.
|
|t:|1743857992
|switch|p2a: Gladiator|Iron Treads|83/100|[from] Parting Shot
|
|-heal|p2a: Gladiator|90/100|[from] item: Leftovers
|upkeep
|turn|13
|inactive|CapitainFreeze1 has 120 seconds left.
|
|t:|1743858018
|move|p1a: Incineroar|Body Slam|p2a: Gladiator
|-resisted|p2a: Gladiator
|-damage|p2a: Gladiator|76/100
|-status|p2a: Gladiator|par
|-damage|p1a: Incineroar|26/100|[from] item: Life Orb
|cant|p2a: Gladiator|par
|
|-heal|p2a: Gladiator|82/100 par|[from] item: Leftovers
|upkeep
|turn|14
|
|t:|1743858027
|move|p1a: Incineroar|U-turn|p2a: Gladiator
|-resisted|p2a: Gladiator
|-damage|p2a: Gladiator|74/100 par
|-damage|p1a: Incineroar|16/100|[from] item: Life Orb
|
|t:|1743858035
|switch|p1a: Garganacl|Garganacl, M|100/100|[from] U-turn
|-damage|p1a: Garganacl|88/100|[from] Stealth Rock
|cant|p2a: Gladiator|par
|
|-heal|p2a: Gladiator|80/100 par|[from] item: Leftovers
|-heal|p1a: Garganacl|94/100|[from] item: Leftovers
|upkeep
|turn|15
|
|t:|1743858047
|move|p2a: Gladiator|Knock Off|p1a: Garganacl
|-damage|p1a: Garganacl|78/100
|-enditem|p1a: Garganacl|Leftovers|[from] move: Knock Off|[of] p2a: Gladiator
|move|p1a: Garganacl|Stealth Rock|p2a: Gladiator
|-sidestart|p2: CapitainFreeze1|move: Stealth Rock
|
|-heal|p2a: Gladiator|86/100 par|[from] item: Leftovers
|upkeep
|turn|16
|
|t:|1743858054
|cant|p2a: Gladiator|par
|move|p1a: Garganacl|Salt Cure|p2a: Gladiator
|-resisted|p2a: Gladiator
|-damage|p2a: Gladiator|83/100 par
|-start|p2a: Gladiator|Salt Cure
|
|-heal|p2a: Gladiator|90/100 par|[from] item: Leftovers
|-damage|p2a: Gladiator|65/100 par|[from] Salt Cure
|upkeep
|turn|17
|inactive|CapitainFreeze1 has 120 seconds left.
|
|t:|1743858084
|-end|p2a: Gladiator|Quark Drive|[silent]
|switch|p2a: Kingambit|Kingambit, F|100/100
|-damage|p2a: Kingambit|94/100|[from] Stealth Rock
|-activate|p2a: Kingambit|ability: Supreme Overlord
|-start|p2a: Kingambit|fallen1|[silent]
|move|p1a: Garganacl|Recover|p1a: Garganacl
|-heal|p1a: Garganacl|100/100
|
|-heal|p2a: Kingambit|100/100|[from] item: Leftovers
|upkeep
|turn|18
|
|t:|1743858096
|move|p2a: Kingambit|Iron Head|p1a: Garganacl
|-supereffective|p1a: Garganacl
|-damage|p1a: Garganacl|47/100
|move|p1a: Garganacl|Salt Cure|p2a: Kingambit
|-resisted|p2a: Kingambit
|-damage|p2a: Kingambit|95/100
|-start|p2a: Kingambit|Salt Cure
|
|-heal|p2a: Kingambit|100/100|[from] item: Leftovers
|-damage|p2a: Kingambit|76/100|[from] Salt Cure
|upkeep
|turn|19
|
|t:|1743858109
|-terastallize|p1a: Garganacl|Water
|move|p2a: Kingambit|Iron Head|p1a: Garganacl
|-resisted|p1a: Garganacl
|-damage|p1a: Garganacl|34/100
|move|p1a: Garganacl|Recover|p1a: Garganacl
|-heal|p1a: Garganacl|84/100
|
|-heal|p2a: Kingambit|82/100|[from] item: Leftovers
|-damage|p2a: Kingambit|57/100|[from] Salt Cure
|upkeep
|turn|20
|inactive|CapitainFreeze1 has 90 seconds left.
|
|t:|1743858132
|-end|p2a: Kingambit|fallen1|[silent]
|switch|p2a: Gladiator|Iron Treads|65/100 par
|-damage|p2a: Gladiator|62/100 par|[from] Stealth Rock
|move|p1a: Garganacl|Recover|p1a: Garganacl
|-heal|p1a: Garganacl|100/100
|
|-heal|p2a: Gladiator|68/100 par|[from] item: Leftovers
|upkeep
|turn|21
|inactive|CapitainFreeze1 has 90 seconds left.
|
|t:|1743858142
|move|p2a: Gladiator|Rapid Spin|p1a: Garganacl
|-damage|p1a: Garganacl|92/100
|-boost|p2a: Gladiator|spe|1
|-sideend|p2: CapitainFreeze1|Stealth Rock|[from] move: Rapid Spin|[of] p2a: Gladiator
|move|p1a: Garganacl|Salt Cure|p2a: Gladiator
|-resisted|p2a: Gladiator
|-damage|p2a: Gladiator|65/100 par
|-start|p2a: Gladiator|Salt Cure
|
|-heal|p2a: Gladiator|71/100 par|[from] item: Leftovers
|-damage|p2a: Gladiator|46/100 par|[from] Salt Cure
|upkeep
|turn|22
|inactive|CapitainFreeze1 has 90 seconds left.
|
|t:|1743858155
|move|p2a: Gladiator|Earthquake|p1a: Garganacl
|-damage|p1a: Garganacl|69/100
|move|p1a: Garganacl|Stealth Rock|p2a: Gladiator
|-sidestart|p2: CapitainFreeze1|move: Stealth Rock
|
|-heal|p2a: Gladiator|52/100 par|[from] item: Leftovers
|-damage|p2a: Gladiator|27/100 par|[from] Salt Cure
|upkeep
|turn|23
|inactive|CapitainFreeze1 has 90 seconds left.
|
|t:|1743858165
|move|p2a: Gladiator|Rapid Spin|p1a: Garganacl
|-damage|p1a: Garganacl|61/100
|-boost|p2a: Gladiator|spe|1
|-sideend|p2: CapitainFreeze1|Stealth Rock|[from] move: Rapid Spin|[of] p2a: Gladiator
|move|p1a: Garganacl|Body Press|p2a: Gladiator
|-supereffective|p2a: Gladiator
|-damage|p2a: Gladiator|0 fnt
|faint|p2a: Gladiator
|-end|p2a: Gladiator|Quark Drive|[silent]
|
|upkeep
|inactive|CapitainFreeze1 has 90 seconds left.
|
|t:|1743858172
|switch|p2a: I...am...Iron-Moth|Iron Moth|100/100
|-enditem|p2a: I...am...Iron-Moth|Booster Energy
|-activate|p2a: I...am...Iron-Moth|ability: Quark Drive|[fromitem]
|-start|p2a: I...am...Iron-Moth|quarkdrivespe
|turn|24
|
|t:|1743858178
|-terastallize|p2a: I...am...Iron-Moth|Fairy
|move|p2a: I...am...Iron-Moth|Sludge Wave|p1a: Garganacl
|-damage|p1a: Garganacl|18/100
|move|p1a: Garganacl|Stealth Rock|p2a: I...am...Iron-Moth
|-sidestart|p2: CapitainFreeze1|move: Stealth Rock
|
|upkeep
|turn|25
|
|t:|1743858189
|move|p2a: I...am...Iron-Moth|Sludge Wave|p1a: Garganacl
|-damage|p1a: Garganacl|0 fnt
|faint|p1a: Garganacl
|
|upkeep
|
|t:|1743858206
|switch|p1a: Incineroar|Incineroar, M|19/100
|-ability|p1a: Incineroar|Intimidate|boost
|-unboost|p2a: I...am...Iron-Moth|atk|1
|turn|26
|
|t:|1743858218
|move|p1a: Incineroar|Fake Out|p2a: I...am...Iron-Moth
|-damage|p2a: I...am...Iron-Moth|84/100
|cant|p2a: I...am...Iron-Moth|flinch
|
|upkeep
|turn|27
|
|t:|1743858223
|move|p2a: I...am...Iron-Moth|Dazzling Gleam|p1a: Incineroar
|-damage|p1a: Incineroar|0 fnt
|faint|p1a: Incineroar
|
|upkeep
|
|t:|1743858226
|switch|p1a: Walking Wake|Walking Wake|16/100
|-damage|p1a: Walking Wake|4/100|[from] Stealth Rock
|turn|28
|inactive|CapitainFreeze1 has 120 seconds left.
|
|t:|1743858233
|move|p2a: I...am...Iron-Moth|Dazzling Gleam|p1a: Walking Wake
|-damage|p1a: Walking Wake|0 fnt
|replace|p1a: Zoroark|Zoroark-Hisui, M, shiny
|-end|p1a: Zoroark|Illusion
|faint|p1a: Zoroark
|
|upkeep
|c|☆CapitainFreeze1|Makes sense now
|c|☆Fatmilktank|It was Zoroark thats why of was faster
|inactive|Fatmilktank has 120 seconds left.
|
|t:|1743858271
|switch|p1a: Rotom|Rotom-Mow|88/100
|-damage|p1a: Rotom|76/100|[from] Stealth Rock
|turn|29
|
|t:|1743858276
|move|p2a: I...am...Iron-Moth|Sludge Wave|p1a: Rotom
|-supereffective|p1a: Rotom
|-damage|p1a: Rotom|0 fnt
|faint|p1a: Rotom
|
|upkeep
|
|t:|1743858279
|switch|p1a: Walking Wake|Walking Wake|100/100
|-damage|p1a: Walking Wake|88/100|[from] Stealth Rock
|-enditem|p1a: Walking Wake|Booster Energy
|-activate|p1a: Walking Wake|ability: Protosynthesis|[fromitem]
|-start|p1a: Walking Wake|protosynthesisspa
|turn|30
|
|t:|1743858287
|move|p2a: I...am...Iron-Moth|Dazzling Gleam|p1a: Walking Wake
|-supereffective|p1a: Walking Wake
|-damage|p1a: Walking Wake|0 fnt
|faint|p1a: Walking Wake
|-end|p1a: Walking Wake|Protosynthesis|[silent]
|
|win|CapitainFreeze1
|raw|Fatmilktank's rating: 1227 &rarr; <strong>1205</strong><br />(-22 for losing)
|raw|CapitainFreeze1's rating: 1263 &rarr; <strong>1285</strong><br />(+22 for winning)
|c|☆CapitainFreeze1|ggs
|c|☆Fatmilktank|Ggs
|l|☆Fatmilktank
|player|p1|
|l|☆CapitainFreeze1
|player|p2|
