|j|☆Bombom Marrom
|j|☆zDarkWolf666z
|t:|1743779163
|gametype|singles
|player|p1|Bombom Marrom|clown|1117
|player|p2|zDarkWolf666z|ltsurge|1090
|teamsize|p1|6
|teamsize|p2|6
|gen|9
|tier|[Gen 9] OU
|rated|
|rule|HP Percentage Mod: HP is shown in percentages
|rule|Endless Battle Clause: Forcing endless battles is banned
|rule|Species Clause: Limit one of each Pokémon
|rule|OHKO Clause: OHKO moves are banned
|rule|Evasion Items Clause: Evasion items are banned
|rule|Evasion Moves Clause: Evasion moves are banned
|rule|Sleep Moves Clause: Sleep-inducing moves are banned
|clearpoke
|poke|p1|Kyurem|
|poke|p1|Ceruledge, M|
|poke|p1|Tinkaton, F|
|poke|p1|Landorus-Therian, M|
|poke|p1|Clefable, F|
|poke|p1|Araquanid, F|
|poke|p2|Regigigas|
|poke|p2|Ludicolo, M|
|poke|p2|Excadrill, M|
|poke|p2|Tyranitar, F|
|poke|p2|Salazzle, F|
|poke|p2|Hatterene, F|
|teampreview
|
|t:|1743779174
|start
|switch|p1a: Tinkaton|Tinkaton, F|100/100
|switch|p2a: Regigigas|Regigigas, shiny|100/100
|-ability|p1a: Tinkaton|Mold Breaker
|-item|p1a: Tinkaton|Air Balloon
|-start|p2a: Regigigas|ability: Slow Start
|turn|1
|
|t:|1743779185
|move|p2a: Regigigas|Protect|p2a: Regigigas
|-singleturn|p2a: Regigigas|Protect
|move|p1a: Tinkaton|Thunder Wave|p2a: Regigigas
|-activate|p2a: Regigigas|move: Protect
|
|upkeep
|turn|2
|
|t:|1743779194
|move|p1a: Tinkaton|Thunder Wave|p2a: Regigigas
|-status|p2a: Regigigas|par
|cant|p2a: Regigigas|par
|
|upkeep
|turn|3
|
|t:|1743779200
|move|p1a: Tinkaton|Knock Off|p2a: Regigigas
|-damage|p2a: Regigigas|88/100 par
|-enditem|p2a: Regigigas|Leftovers|[from] move: Knock Off|[of] p1a: Tinkaton
|move|p2a: Regigigas|Thunder Wave|p1a: Tinkaton
|-status|p1a: Tinkaton|par
|
|upkeep
|turn|4
|
|t:|1743779212
|move|p1a: Tinkaton|Gigaton Hammer|p2a: Regigigas
|-damage|p2a: Regigigas|55/100 par
|cant|p2a: Regigigas|par
|
|upkeep
|turn|5
|
|t:|1743779219
|cant|p1a: Tinkaton|par
|cant|p2a: Regigigas|par
|
|-end|p2a: Regigigas|Slow Start
|upkeep
|turn|6
|
|t:|1743779226
|cant|p1a: Tinkaton|par
|move|p2a: Regigigas|Double-Edge|p1a: Tinkaton
|-resisted|p1a: Tinkaton
|-damage|p1a: Tinkaton|53/100 par
|-enditem|p1a: Tinkaton|Air Balloon
|-damage|p2a: Regigigas|41/100 par|[from] Recoil
|
|upkeep
|turn|7
|
|t:|1743779236
|move|p1a: Tinkaton|Stealth Rock|p2a: Regigigas
|-sidestart|p2: zDarkWolf666z|move: Stealth Rock
|cant|p2a: Regigigas|par
|
|upkeep
|turn|8
|
|t:|1743779240
|move|p1a: Tinkaton|Gigaton Hammer|p2a: Regigigas
|-damage|p2a: Regigigas|10/100 par
|cant|p2a: Regigigas|par
|
|upkeep
|turn|9
|
|t:|1743779246
|cant|p1a: Tinkaton|par
|cant|p2a: Regigigas|par
|
|upkeep
|turn|10
|
|t:|1743779251
|move|p1a: Tinkaton|Knock Off|p2a: Regigigas
|-damage|p2a: Regigigas|1/100 par
|move|p2a: Regigigas|Double-Edge|p1a: Tinkaton
|-resisted|p1a: Tinkaton
|-damage|p1a: Tinkaton|10/100 par
|-damage|p2a: Regigigas|0 fnt|[from] Recoil
|faint|p2a: Regigigas
|-end|p2a: Regigigas|Slow Start|[silent]
|
|upkeep
|
|t:|1743779258
|switch|p2a: Excadrill|Excadrill, M, shiny|100/100
|-damage|p2a: Excadrill|97/100|[from] Stealth Rock
|-item|p2a: Excadrill|Air Balloon
|turn|11
|
|t:|1743779265
|move|p2a: Excadrill|Rapid Spin|p1a: Tinkaton
|-resisted|p1a: Tinkaton
|-crit|p1a: Tinkaton
|-damage|p1a: Tinkaton|0 fnt
|-boost|p2a: Excadrill|spe|1
|-sideend|p2: zDarkWolf666z|Stealth Rock|[from] move: Rapid Spin|[of] p2a: Excadrill
|faint|p1a: Tinkaton
|
|upkeep
|
|t:|1743779271
|switch|p1a: Landorus|Landorus-Therian, M|100/100
|-ability|p1a: Landorus|Intimidate|boost
|-unboost|p2a: Excadrill|atk|1
|turn|12
|
|t:|1743779277
|switch|p2a: Ludicolo|Ludicolo, M, shiny|100/100
|move|p1a: Landorus|Earthquake|p2a: Ludicolo
|-resisted|p2a: Ludicolo
|-crit|p2a: Ludicolo
|-damage|p2a: Ludicolo|32/100
|
|upkeep
|turn|13
|
|t:|1743779294
|move|p1a: Landorus|U-turn|p2a: Ludicolo
|-supereffective|p2a: Ludicolo
|-damage|p2a: Ludicolo|0 fnt
|faint|p2a: Ludicolo
|
|t:|1743779302
|switch|p1a: Araquanid|Araquanid, F|100/100|[from] U-turn
|
|upkeep
|
|t:|1743779307
|switch|p2a: Tyranitar|Tyranitar, F, shiny|100/100
|-weather|Sandstorm|[from] ability: Sand Stream|[of] p2a: Tyranitar
|turn|14
|
|t:|1743779313
|switch|p2a: Hatterene|Hatterene, F, shiny|100/100
|move|p1a: Araquanid|Liquidation|p2a: Hatterene
|-damage|p2a: Hatterene|48/100
|-damage|p1a: Araquanid|84/100|[from] item: Rocky Helmet|[of] p2a: Hatterene
|
|-weather|Sandstorm|[upkeep]
|-damage|p1a: Araquanid|78/100|[from] Sandstorm
|-damage|p2a: Hatterene|42/100|[from] Sandstorm
|upkeep
|turn|15
|
|t:|1743779323
|move|p1a: Araquanid|Liquidation|p2a: Hatterene
|-damage|p2a: Hatterene|0 fnt
|-damage|p1a: Araquanid|61/100|[from] item: Rocky Helmet|[of] p2a: Hatterene
|faint|p2a: Hatterene
|
|-weather|Sandstorm|[upkeep]
|-damage|p1a: Araquanid|55/100|[from] Sandstorm
|upkeep
|
|t:|1743779337
|switch|p2a: Tyranitar|Tyranitar, F, shiny|100/100
|turn|16
|
|t:|1743779346
|move|p2a: Tyranitar|Knock Off|p1a: Araquanid
|-damage|p1a: Araquanid|10/100
|-enditem|p1a: Araquanid|Custap Berry|[from] move: Knock Off|[of] p2a: Tyranitar
|move|p1a: Araquanid|Liquidation|p2a: Tyranitar
|-supereffective|p2a: Tyranitar
|-damage|p2a: Tyranitar|0 fnt
|faint|p2a: Tyranitar
|
|-weather|Sandstorm|[upkeep]
|-damage|p1a: Araquanid|3/100|[from] Sandstorm
|upkeep
|
|t:|1743779355
|switch|p2a: Excadrill|Excadrill, M, shiny|97/100
|-item|p2a: Excadrill|Air Balloon
|turn|17
|
|t:|1743779360
|move|p2a: Excadrill|Rapid Spin|p1a: Araquanid
|-damage|p1a: Araquanid|0 fnt
|-boost|p2a: Excadrill|spe|1
|faint|p1a: Araquanid
|
|-weather|Sandstorm|[upkeep]
|upkeep
|-message|Bombom Marrom forfeited.
|
|win|zDarkWolf666z
|raw|Bombom Marrom's rating: 1117 &rarr; <strong>1090</strong><br />(-27 for losing)
|raw|zDarkWolf666z's rating: 1090 &rarr; <strong>1119</strong><br />(+29 for winning)
|l|☆Bombom Marrom
|player|p1|
|l|☆zDarkWolf666z
|player|p2|
