|j|‽birra peroni
|j|☆Dribblz
|t:|1743886817
|gametype|singles
|player|p1|birra peroni|265|1212
|player|p2|Dribblz|roxanne|1246
|teamsize|p1|6
|teamsize|p2|6
|gen|9
|tier|[Gen 9] OU
|rated|
|rule|HP Percentage Mod: HP is shown in percentages
|rule|Endless Battle Clause: Forcing endless battles is banned
|rule|Species Clause: Limit one of each Pokémon
|rule|OHKO Clause: OHKO moves are banned
|rule|Evasion Items Clause: Evasion items are banned
|rule|Evasion Moves Clause: Evasion moves are banned
|rule|Sleep Moves Clause: Sleep-inducing moves are banned
|clearpoke
|poke|p1|Gliscor, F|
|poke|p1|Meowscarada, F|
|poke|p1|Ursaluna, F|
|poke|p1|Skarmory, F|
|poke|p1|Dragapult, F|
|poke|p1|Slowking-Galar, M|
|poke|p2|Toucannon, F|
|poke|p2|Gholdengo|
|poke|p2|Masquerain, M|
|poke|p2|Garganacl, F|
|poke|p2|Espeon, M|
|poke|p2|Kleavor, M|
|teampreview
|inactive|Battle timer is ON: inactive players will automatically lose when time's up. (requested by Dribblz)
|
|t:|1743886842
|start
|switch|p1a: Dragapult|Dragapult, F|100/100
|switch|p2a: Masquerain|Masquerain, M|100/100
|-ability|p2a: Masquerain|Intimidate|boost
|-unboost|p1a: Dragapult|atk|1
|turn|1
|
|t:|1743886851
|move|p1a: Dragapult|U-turn|p2a: Masquerain
|-resisted|p2a: Masquerain
|-damage|p2a: Masquerain|90/100
|
|t:|1743886856
|switch|p1a: Skarmory|Skarmory, F|100/100|[from] U-turn
|move|p2a: Masquerain|Quiver Dance|p2a: Masquerain
|-boost|p2a: Masquerain|spa|1
|-boost|p2a: Masquerain|spd|1
|-boost|p2a: Masquerain|spe|1
|
|upkeep
|turn|2
|
|t:|1743886865
|move|p2a: Masquerain|Ice Beam|p1a: Skarmory
|-damage|p1a: Skarmory|42/100
|move|p1a: Skarmory|Whirlwind|p2a: Masquerain
|drag|p2a: Garganacl|Garganacl, F|100/100
|
|upkeep
|turn|3
|
|t:|1743886872
|move|p1a: Skarmory|Roost|p1a: Skarmory
|-heal|p1a: Skarmory|92/100
|-singleturn|p1a: Skarmory|move: Roost
|move|p2a: Garganacl|Salt Cure|p1a: Skarmory
|-resisted|p1a: Skarmory
|-damage|p1a: Skarmory|88/100
|-start|p1a: Skarmory|Salt Cure
|
|-damage|p1a: Skarmory|63/100|[from] Salt Cure
|upkeep
|turn|4
|
|t:|1743886883
|switch|p1a: Slowking|Slowking-Galar, M|100/100
|move|p2a: Garganacl|Iron Defense|p2a: Garganacl
|-boost|p2a: Garganacl|def|2
|
|upkeep
|turn|5
|
|t:|1743886891
|move|p2a: Garganacl|Salt Cure|p1a: Slowking
|-damage|p1a: Slowking|86/100
|-start|p1a: Slowking|Salt Cure
|move|p1a: Slowking|Psychic Noise|p2a: Garganacl
|-damage|p2a: Garganacl|73/100
|-start|p2a: Garganacl|move: Heal Block
|
|-damage|p1a: Slowking|73/100|[from] Salt Cure
|upkeep
|turn|6
|
|t:|1743886903
|move|p2a: Garganacl|Protect|p2a: Garganacl
|-singleturn|p2a: Garganacl|Protect
|-prepare|p1a: Slowking|Chilly Reception|[premajor]
|move|p1a: Slowking|Chilly Reception|p1a: Slowking
|-weather|Snowscape
|
|t:|1743886929
|switch|p1a: Dragapult|Dragapult, F|100/100|[from] Chilly Reception
|
|-weather|Snowscape|[upkeep]
|-end|p2a: Garganacl|move: Heal Block
|upkeep
|turn|7
|
|t:|1743886940
|move|p1a: Dragapult|Draco Meteor|p2a: Garganacl
|-damage|p2a: Garganacl|24/100
|-unboost|p1a: Dragapult|spa|2
|move|p2a: Garganacl|Salt Cure|p1a: Dragapult
|-damage|p1a: Dragapult|81/100
|-start|p1a: Dragapult|Salt Cure
|
|-weather|Snowscape|[upkeep]
|-heal|p2a: Garganacl|30/100|[from] item: Leftovers
|-damage|p1a: Dragapult|69/100|[from] Salt Cure
|upkeep
|turn|8
|
|t:|1743886952
|move|p2a: Garganacl|Protect|p2a: Garganacl
|-singleturn|p2a: Garganacl|Protect
|move|p1a: Dragapult|U-turn|p2a: Garganacl
|-activate|p2a: Garganacl|move: Protect
|
|-weather|Snowscape|[upkeep]
|-heal|p2a: Garganacl|36/100|[from] item: Leftovers
|-damage|p1a: Dragapult|57/100|[from] Salt Cure
|upkeep
|turn|9
|
|t:|1743886962
|move|p1a: Dragapult|Draco Meteor|p2a: Garganacl
|-damage|p2a: Garganacl|10/100
|-unboost|p1a: Dragapult|spa|2
|move|p2a: Garganacl|Recover|p2a: Garganacl
|-heal|p2a: Garganacl|60/100
|
|-weather|Snowscape|[upkeep]
|-heal|p2a: Garganacl|66/100|[from] item: Leftovers
|-damage|p1a: Dragapult|44/100|[from] Salt Cure
|upkeep
|turn|10
|
|t:|1743886973
|switch|p1a: Slowking|Slowking-Galar, M|100/100
|move|p2a: Garganacl|Salt Cure|p1a: Slowking
|-damage|p1a: Slowking|87/100
|-start|p1a: Slowking|Salt Cure
|
|-weather|none
|-heal|p2a: Garganacl|72/100|[from] item: Leftovers
|-damage|p1a: Slowking|74/100|[from] Salt Cure
|upkeep
|turn|11
|
|t:|1743886987
|switch|p2a: Gholdengo|Gholdengo|100/100
|move|p1a: Slowking|Sludge Bomb|p2a: Gholdengo
|-immune|p2a: Gholdengo
|
|-damage|p1a: Slowking|62/100|[from] Salt Cure
|upkeep
|turn|12
|
|t:|1743886998
|move|p2a: Gholdengo|Thunder Wave|p1a: Slowking
|-status|p1a: Slowking|par
|-prepare|p1a: Slowking|Chilly Reception|[premajor]
|cant|p1a: Slowking|par
|
|-damage|p1a: Slowking|49/100 par|[from] Salt Cure
|upkeep
|turn|13
|
|t:|1743887007
|switch|p1a: Meowscarada|Meowscarada, F|100/100
|move|p2a: Gholdengo|Hex|p1a: Meowscarada
|-resisted|p1a: Meowscarada
|-crit|p1a: Meowscarada
|-damage|p1a: Meowscarada|64/100
|
|upkeep
|turn|14
|
|t:|1743887022
|switch|p2a: Kleavor|Kleavor, M|100/100
|move|p1a: Meowscarada|Knock Off|p2a: Kleavor
|-start|p1a: Meowscarada|typechange|Dark|[from] ability: Protean
|-damage|p2a: Kleavor|38/100
|-enditem|p2a: Kleavor|Choice Scarf|[from] move: Knock Off|[of] p1a: Meowscarada
|
|upkeep
|turn|15
|
|t:|1743887040
|move|p1a: Meowscarada|U-turn|p2a: Kleavor
|-damage|p2a: Kleavor|10/100
|
|t:|1743887044
|switch|p1a: Skarmory|Skarmory, F|63/100|[from] U-turn
|move|p2a: Kleavor|U-turn|p1a: Skarmory
|-resisted|p1a: Skarmory
|-damage|p1a: Skarmory|57/100
|-damage|p2a: Kleavor|0 fnt|[from] item: Rocky Helmet|[of] p1a: Skarmory
|faint|p2a: Kleavor
|
|upkeep
|
|t:|1743887058
|switch|p2a: Toucey!|Toucannon, F|100/100
|turn|16
|
|t:|1743887073
|move|p1a: Skarmory|Roost|p1a: Skarmory
|-heal|p1a: Skarmory|100/100
|-singleturn|p1a: Skarmory|move: Roost
|move|p2a: Toucey!|Rock Blast|p1a: Skarmory|[miss]
|-miss|p2a: Toucey!|p1a: Skarmory
|
|upkeep
|turn|17
|
|t:|1743887088
|switch|p2a: Garganacl|Garganacl, F|72/100
|move|p1a: Skarmory|Stealth Rock|p2a: Garganacl
|-sidestart|p2: Dribblz|move: Stealth Rock
|
|-heal|p2a: Garganacl|78/100|[from] item: Leftovers
|upkeep
|turn|18
|
|t:|1743887099
|move|p2a: Garganacl|Salt Cure|p1a: Skarmory
|-damage|p1a: Skarmory|92/100
|-start|p1a: Skarmory|Salt Cure
|move|p1a: Skarmory|Whirlwind|p2a: Garganacl
|drag|p2a: Toucey!|Toucannon, F|100/100
|-damage|p2a: Toucey!|75/100|[from] Stealth Rock
|
|-damage|p1a: Skarmory|67/100|[from] Salt Cure
|upkeep
|turn|19
|
|t:|1743887114
|-singleturn|p2a: Toucey!|move: Beak Blast
|move|p1a: Skarmory|Roost|p1a: Skarmory
|-heal|p1a: Skarmory|100/100
|-singleturn|p1a: Skarmory|move: Roost
|move|p2a: Toucey!|Beak Blast|p1a: Skarmory
|-resisted|p1a: Skarmory
|-damage|p1a: Skarmory|75/100
|
|-damage|p1a: Skarmory|50/100|[from] Salt Cure
|upkeep
|turn|20
|
|t:|1743887131
|switch|p1a: Gliscor|Gliscor, F|100/100
|-singleturn|p2a: Toucey!|move: Beak Blast
|move|p2a: Toucey!|Beak Blast|p1a: Gliscor
|-damage|p1a: Gliscor|45/100
|
|-status|p1a: Gliscor|tox|[from] item: Toxic Orb
|upkeep
|turn|21
|
|t:|1743887140
|-singleturn|p2a: Toucey!|move: Beak Blast
|move|p1a: Gliscor|Protect|p1a: Gliscor
|-singleturn|p1a: Gliscor|Protect
|move|p2a: Toucey!|Beak Blast|p1a: Gliscor
|-activate|p1a: Gliscor|move: Protect
|
|-heal|p1a: Gliscor|58/100 tox|[from] ability: Poison Heal
|upkeep
|turn|22
|
|t:|1743887151
|-singleturn|p2a: Toucey!|move: Beak Blast
|move|p1a: Gliscor|Knock Off|p2a: Toucey!
|-damage|p2a: Toucey!|49/100
|-enditem|p2a: Toucey!|Choice Band|[from] move: Knock Off|[of] p1a: Gliscor
|move|p2a: Toucey!|Beak Blast|p1a: Gliscor
|-damage|p1a: Gliscor|22/100 tox
|
|-heal|p1a: Gliscor|34/100 tox|[from] ability: Poison Heal
|upkeep
|turn|23
|
|t:|1743887164
|move|p1a: Gliscor|Protect|p1a: Gliscor
|-singleturn|p1a: Gliscor|Protect
|move|p2a: Toucey!|Fury Attack|p1a: Gliscor
|-activate|p1a: Gliscor|move: Protect
|
|-heal|p1a: Gliscor|47/100 tox|[from] ability: Poison Heal
|upkeep
|turn|24
|
|t:|1743887179
|move|p1a: Gliscor|Swords Dance|p1a: Gliscor
|-boost|p1a: Gliscor|atk|2
|move|p2a: Toucey!|Bullet Seed|p1a: Gliscor
|-damage|p1a: Gliscor|40/100 tox
|-damage|p1a: Gliscor|33/100 tox
|-damage|p1a: Gliscor|26/100 tox
|-damage|p1a: Gliscor|20/100 tox
|-damage|p1a: Gliscor|14/100 tox
|-hitcount|p1a: Gliscor|5
|
|-heal|p1a: Gliscor|26/100 tox|[from] ability: Poison Heal
|upkeep
|turn|25
|
|t:|1743887192
|move|p1a: Gliscor|Protect|p1a: Gliscor
|-singleturn|p1a: Gliscor|Protect
|move|p2a: Toucey!|Fury Attack|p1a: Gliscor
|-activate|p1a: Gliscor|move: Protect
|
|-heal|p1a: Gliscor|39/100 tox|[from] ability: Poison Heal
|upkeep
|turn|26
|
|t:|1743887201
|move|p1a: Gliscor|Facade|p2a: Toucey!
|-damage|p2a: Toucey!|0 fnt
|faint|p2a: Toucey!
|
|-heal|p1a: Gliscor|51/100 tox|[from] ability: Poison Heal
|upkeep
|
|t:|1743887210
|switch|p2a: Masquerain|Masquerain, M|90/100
|-damage|p2a: Masquerain|40/100|[from] Stealth Rock
|-ability|p2a: Masquerain|Intimidate|boost
|-unboost|p1a: Gliscor|atk|1
|turn|27
|
|t:|1743887218
|switch|p1a: Slowking|Slowking-Galar, M|83/100 par
|move|p2a: Masquerain|Ice Beam|p1a: Slowking
|-damage|p1a: Slowking|67/100 par
|
|upkeep
|turn|28
|
|t:|1743887224
|move|p2a: Masquerain|Quiver Dance|p2a: Masquerain
|-boost|p2a: Masquerain|spa|1
|-boost|p2a: Masquerain|spd|1
|-boost|p2a: Masquerain|spe|1
|move|p1a: Slowking|Sludge Bomb|p2a: Masquerain
|-damage|p2a: Masquerain|6/100
|-status|p2a: Masquerain|psn
|
|-damage|p2a: Masquerain|0 fnt|[from] psn
|faint|p2a: Masquerain
|upkeep
|
|t:|1743887235
|switch|p2a: Espeon|Espeon, M|100/100
|-damage|p2a: Espeon|88/100|[from] Stealth Rock
|turn|29
|
|t:|1743887242
|move|p2a: Espeon|Psychic|p1a: Slowking
|-damage|p1a: Slowking|40/100 par
|-prepare|p1a: Slowking|Chilly Reception|[premajor]
|cant|p1a: Slowking|par
|
|upkeep
|turn|30
|
|t:|1743887249
|move|p2a: Espeon|Draining Kiss|p1a: Slowking
|-resisted|p1a: Slowking
|-damage|p1a: Slowking|34/100 par
|-heal|p2a: Espeon|95/100|[from] drain|[of] p1a: Slowking
|-prepare|p1a: Slowking|Chilly Reception|[premajor]
|move|p1a: Slowking|Chilly Reception|p1a: Slowking
|-weather|Snowscape
|
|t:|1743887257
|switch|p1a: Meowscarada|Meowscarada, F|64/100|[from] Chilly Reception
|
|-weather|Snowscape|[upkeep]
|upkeep
|turn|31
|
|t:|1743887263
|move|p1a: Meowscarada|U-turn|p2a: Espeon
|-start|p1a: Meowscarada|typechange|Bug|[from] ability: Protean
|-supereffective|p2a: Espeon
|-damage|p2a: Espeon|0 fnt
|faint|p2a: Espeon
|-message|Dribblz forfeited.
|
|win|birra peroni
|raw|birra peroni's rating: 1212 &rarr; <strong>1239</strong><br />(+27 for winning)
|raw|Dribblz's rating: 1246 &rarr; <strong>1219</strong><br />(-27 for losing)
|l|☆Dribblz
|player|p2|
|l|‽birra peroni
|player|p1|
