|j|☆T-Garchomp
|j|☆henry151th
|t:|1743790290
|gametype|singles
|player|p1|T-Garchomp|ghetsis-gen5bw|
|player|p2|henry151th|wallace|
|teamsize|p1|6
|teamsize|p2|6
|gen|9
|tier|[Gen 9] OU
|rule|HP Percentage Mod: HP is shown in percentages
|rule|Endless Battle Clause: Forcing endless battles is banned
|rule|Species Clause: Limit one of each Pokémon
|rule|OHKO Clause: OHKO moves are banned
|rule|Evasion Items Clause: Evasion items are banned
|rule|Evasion Moves Clause: Evasion moves are banned
|rule|Sleep Moves Clause: Sleep-inducing moves are banned
|clearpoke
|poke|p1|Iron Valiant|
|poke|p1|Samurott-Hisui, F|
|poke|p1|Dragonite, M|
|poke|p1|Pecharunt|
|poke|p1|Great Tusk|
|poke|p1|Kingambit, F|
|poke|p2|Lokix, F|
|poke|p2|Hatterene, F|
|poke|p2|Alomomola, F|
|poke|p2|Raging Bolt|
|poke|p2|Great Tusk|
|poke|p2|Heatran, F|
|teampreview
|c|☆henry151th|Glhf round 2
|j| ILOVEPECHARUNTRAH
|
|t:|1743790322
|start
|switch|p1a: Elephant|Great Tusk|100/100
|switch|p2a: Hatterene|Hatterene, F|100/100
|turn|1
|
|t:|1743790331
|-end|p1a: Elephant|Protosynthesis|[silent]
|switch|p1a: Pecharunt|Pecharunt|100/100
|move|p2a: Hatterene|Nuzzle|p1a: Pecharunt
|-damage|p1a: Pecharunt|98/100
|-status|p1a: Pecharunt|par
|
|-heal|p1a: Pecharunt|100/100 par|[from] item: Leftovers
|upkeep
|turn|2
|
|t:|1743790336
|move|p2a: Hatterene|Psychic Noise|p1a: Pecharunt
|-supereffective|p1a: Pecharunt
|-damage|p1a: Pecharunt|29/100 par
|-start|p1a: Pecharunt|move: Heal Block
|cant|p1a: Pecharunt|par
|
|upkeep
|turn|3
|
|t:|1743790347
|switch|p1a: Brah|Samurott-Hisui, F, shiny|100/100
|move|p2a: Hatterene|Psychic Noise|p1a: Brah
|-immune|p1a: Brah
|
|upkeep
|turn|4
|
|t:|1743790355
|move|p1a: Brah|Razor Shell|p2a: Hatterene
|-damage|p2a: Hatterene|41/100
|move|p2a: Hatterene|Draining Kiss|p1a: Brah
|-supereffective|p1a: Brah
|-damage|p1a: Brah|34/100
|-heal|p2a: Hatterene|91/100|[from] drain|[of] p1a: Brah
|
|upkeep
|turn|5
|
|t:|1743790369
|switch|p1a: Attack|Kingambit, F, shiny|100/100
|move|p2a: Hatterene|Draining Kiss|p1a: Attack
|-damage|p1a: Attack|78/100
|-heal|p2a: Hatterene|100/100|[from] drain|[of] p1a: Attack
|
|-heal|p1a: Attack|84/100|[from] item: Leftovers
|upkeep
|turn|6
|
|t:|1743790377
|switch|p2a: Great Tusk|Great Tusk|100/100
|move|p1a: Attack|Swords Dance|p1a: Attack
|-boost|p1a: Attack|atk|2
|
|-heal|p1a: Attack|90/100|[from] item: Leftovers
|upkeep
|turn|7
|
|t:|1743790385
|-terastallize|p1a: Attack|Ghost
|move|p2a: Great Tusk|Rapid Spin|p1a: Attack
|-immune|p1a: Attack
|move|p1a: Attack|Kowtow Cleave|p2a: Great Tusk
|-resisted|p2a: Great Tusk
|-damage|p2a: Great Tusk|66/100
|
|-heal|p1a: Attack|96/100|[from] item: Leftovers
|upkeep
|turn|8
|
|t:|1743790394
|move|p2a: Great Tusk|Headlong Rush|p1a: Attack
|-damage|p1a: Attack|53/100
|-unboost|p2a: Great Tusk|def|1
|-unboost|p2a: Great Tusk|spd|1
|move|p1a: Attack|Swords Dance|p1a: Attack
|-boost|p1a: Attack|atk|2
|
|-heal|p1a: Attack|59/100|[from] item: Leftovers
|upkeep
|turn|9
|
|t:|1743790398
|move|p2a: Great Tusk|Headlong Rush|p1a: Attack
|-damage|p1a: Attack|11/100
|-unboost|p2a: Great Tusk|def|1
|-unboost|p2a: Great Tusk|spd|1
|move|p1a: Attack|Kowtow Cleave|p2a: Great Tusk
|-resisted|p2a: Great Tusk
|-damage|p2a: Great Tusk|0 fnt
|faint|p2a: Great Tusk
|-end|p2a: Great Tusk|Protosynthesis|[silent]
|
|-heal|p1a: Attack|17/100|[from] item: Leftovers
|upkeep
|
|t:|1743790401
|switch|p2a: Lokix|Lokix, F|100/100
|turn|10
|
|t:|1743790412
|move|p1a: Attack|Sucker Punch|p2a: Lokix
|-resisted|p2a: Lokix
|-damage|p2a: Lokix|19/100
|move|p2a: Lokix|U-turn|p1a: Attack
|-resisted|p1a: Attack
|-damage|p1a: Attack|0 fnt
|faint|p1a: Attack
|-end|p1a: Attack|fallenundefined|[silent]
|j| nyesir
|c|☆henry151th|Ahh crap
|j| B!d00f
|
|t:|1743790428
|switch|p2a: Raging Bolt|Raging Bolt|100/100|[from] U-turn
|
|upkeep
|
|t:|1743790436
|switch|p1a: Elephant|Great Tusk|100/100
|turn|11
|
|t:|1743790443
|-end|p2a: Raging Bolt|Protosynthesis|[silent]
|switch|p2a: Alomomola|Alomomola, F|100/100
|move|p1a: Elephant|Stealth Rock|p2a: Alomomola
|-sidestart|p2: henry151th|move: Stealth Rock
|
|upkeep
|turn|12
|
|t:|1743790450
|-end|p1a: Elephant|Protosynthesis|[silent]
|switch|p1a: Brah|Samurott-Hisui, F, shiny|34/100
|move|p2a: Alomomola|Flip Turn|p1a: Brah
|-resisted|p1a: Brah
|-damage|p1a: Brah|24/100
|
|t:|1743790459
|switch|p2a: Lokix|Lokix, F|19/100|[from] Flip Turn
|-damage|p2a: Lokix|0 fnt|[from] Stealth Rock
|faint|p2a: Lokix
|
|upkeep
|
|t:|1743790470
|switch|p2a: Raging Bolt|Raging Bolt|100/100
|-damage|p2a: Raging Bolt|88/100|[from] Stealth Rock
|turn|13
|
|t:|1743790476
|switch|p1a: Elephant|Great Tusk|100/100
|move|p2a: Raging Bolt|Volt Switch|p1a: Elephant
|-immune|p1a: Elephant
|
|upkeep
|turn|14
|l| B!d00f
|
|t:|1743790489
|-end|p2a: Raging Bolt|Protosynthesis|[silent]
|switch|p2a: Alomomola|Alomomola, F|100/100
|-damage|p2a: Alomomola|88/100|[from] Stealth Rock
|move|p1a: Elephant|Headlong Rush|p2a: Alomomola
|-damage|p2a: Alomomola|56/100
|-unboost|p1a: Elephant|def|1
|-unboost|p1a: Elephant|spd|1
|-enditem|p2a: Alomomola|Eject Button
|
|t:|1743790493
|switch|p2a: Hatterene|Hatterene, F|100/100
|-damage|p2a: Hatterene|88/100|[from] Stealth Rock
|
|upkeep
|turn|15
|
|t:|1743790499
|-end|p1a: Elephant|Protosynthesis|[silent]
|switch|p1a: Pecharunt|Pecharunt|29/100 par
|move|p2a: Hatterene|Psychic Noise|p1a: Pecharunt
|-supereffective|p1a: Pecharunt
|-damage|p1a: Pecharunt|0 fnt
|faint|p1a: Pecharunt
|
|upkeep
|j| iamnatty
|
|t:|1743790513
|switch|p1a: Brah|Samurott-Hisui, F, shiny|24/100
|turn|16
|
|t:|1743790518
|move|p1a: Brah|Razor Shell|p2a: Hatterene
|-damage|p2a: Hatterene|26/100
|move|p2a: Hatterene|Future Sight|p1a: Brah
|-start|p2a: Hatterene|move: Future Sight
|
|upkeep
|turn|17
|c|☆henry151th|Missclicked
|c|☆henry151th|whoopsies
|j| The sword of ruin
|
|t:|1743790537
|switch|p2a: Alomomola|Alomomola, F|89/100
|-damage|p2a: Alomomola|77/100|[from] Stealth Rock
|move|p1a: Brah|Ceaseless Edge|p2a: Alomomola
|-damage|p2a: Alomomola|49/100
|-sidestart|p2: henry151th|Spikes
|
|upkeep
|turn|18
|
|t:|1743790549
|move|p1a: Brah|Ceaseless Edge|p2a: Alomomola
|-damage|p2a: Alomomola|24/100
|-sidestart|p2: henry151th|Spikes
|move|p2a: Alomomola|Flip Turn|p1a: Brah
|-resisted|p1a: Brah
|-damage|p1a: Brah|13/100
|
|t:|1743790560
|switch|p2a: Raging Bolt|Raging Bolt|88/100|[from] Flip Turn
|-damage|p2a: Raging Bolt|76/100|[from] Stealth Rock
|-damage|p2a: Raging Bolt|59/100|[from] Spikes
|
|-end|p1a: Brah|move: Future Sight
|-immune|p1a: Brah
|upkeep
|turn|19
|
|t:|1743790569
|switch|p1a: Elephant|Great Tusk|100/100
|move|p2a: Raging Bolt|Volt Switch|p1a: Elephant
|-immune|p1a: Elephant
|
|upkeep
|turn|20
|
|t:|1743790577
|-end|p2a: Raging Bolt|Protosynthesis|[silent]
|switch|p2a: Alomomola|Alomomola, F|57/100
|-damage|p2a: Alomomola|44/100|[from] Stealth Rock
|-damage|p2a: Alomomola|28/100|[from] Spikes
|move|p1a: Elephant|Headlong Rush|p2a: Alomomola
|-damage|p2a: Alomomola|0 fnt
|-unboost|p1a: Elephant|def|1
|-unboost|p1a: Elephant|spd|1
|faint|p2a: Alomomola
|
|upkeep
|
|t:|1743790581
|switch|p2a: Hatterene|Hatterene, F|26/100
|-damage|p2a: Hatterene|14/100|[from] Stealth Rock
|-damage|p2a: Hatterene|0 fnt|[from] Spikes
|faint|p2a: Hatterene
|
|t:|1743790583
|switch|p2a: Raging Bolt|Raging Bolt|59/100
|-damage|p2a: Raging Bolt|47/100|[from] Stealth Rock
|-damage|p2a: Raging Bolt|30/100|[from] Spikes
|turn|21
|
|t:|1743790589
|move|p2a: Raging Bolt|Draco Meteor|p1a: Elephant|[miss]
|-miss|p2a: Raging Bolt|p1a: Elephant
|move|p1a: Elephant|Headlong Rush|p2a: Raging Bolt
|-supereffective|p2a: Raging Bolt
|-damage|p2a: Raging Bolt|0 fnt
|-unboost|p1a: Elephant|def|1
|-unboost|p1a: Elephant|spd|1
|faint|p2a: Raging Bolt
|-end|p2a: Raging Bolt|Protosynthesis|[silent]
|
|upkeep
|c|☆henry151th|BROOOOOOO
|c|☆henry151th|cmon man
|c|☆T-Garchomp|Didn't matter much tho did it lol
|c| iamnatty|what are you feeling right now t chomp
|c|☆henry151th|Ye didnt really
|c|☆T-Garchomp|Strength
|c| iamnatty|how does this victory feel
|c| ILOVEPECHARUNTRAH|lmao
|c| The sword of ruin|inb4 specs bolt
|c|☆henry151th|I dont know why i clicked future sight lol
|c|☆T-Garchomp|Feels really good tbh
|c|☆henry151th|Scarfed bolt actually
|c| iamnatty|excellent
|-message|henry151th forfeited.
|
|win|T-Garchomp
|c|☆T-Garchomp|GG's
|c|☆henry151th|Ggs
