|j|☆VANYR
|j|☆clail
|t:|1743865420
|gametype|singles
|player|p1|VANYR|grimsley|1577
|player|p2|clail|266|1629
|teamsize|p1|6
|teamsize|p2|6
|gen|9
|tier|[Gen 9] OU
|rated|
|rule|HP Percentage Mod: HP is shown in percentages
|rule|Endless Battle Clause: Forcing endless battles is banned
|rule|Species Clause: Limit one of each Pokémon
|rule|OHKO Clause: OHKO moves are banned
|rule|Evasion Items Clause: Evasion items are banned
|rule|Evasion Moves Clause: Evasion moves are banned
|rule|Sleep Moves Clause: Sleep-inducing moves are banned
|clearpoke
|poke|p1|Glimmora, F|
|poke|p1|Samurott-Hisui, F|
|poke|p1|Kleavor, F|
|poke|p1|Sinistcha-Masterpiece|
|poke|p1|Heatran, F|
|poke|p1|Conkeldurr, M|
|poke|p2|Ceruledge, M|
|poke|p2|Gholdengo|
|poke|p2|Ribombee, M|
|poke|p2|Great Tusk|
|poke|p2|Ogerpon-Wellspring, F|
|poke|p2|Glimmora, F|
|teampreview
|inactive|Battle timer is ON: inactive players will automatically lose when time's up. (requested by clail)
|
|t:|1743865470
|start
|switch|p1a: Kleavor|Kleavor, F|100/100
|switch|p2a: Ribombee|Ribombee, M|100/100
|turn|1
|
|t:|1743865476
|move|p2a: Ribombee|Sticky Web|p1a: Kleavor
|-sidestart|p1: VANYR|move: Sticky Web
|move|p1a: Kleavor|Stone Axe|p2a: Ribombee
|-supereffective|p2a: Ribombee
|-enditem|p2a: Ribombee|Focus Sash
|-damage|p2a: Ribombee|1/100
|-sidestart|p2: clail|move: Stealth Rock
|
|upkeep
|turn|2
|
|t:|1743865480
|move|p2a: Ribombee|Moonblast|p1a: Kleavor
|-damage|p1a: Kleavor|46/100
|move|p1a: Kleavor|Stone Axe|p2a: Ribombee
|-supereffective|p2a: Ribombee
|-damage|p2a: Ribombee|0 fnt
|faint|p2a: Ribombee
|
|upkeep
|
|t:|1743865483
|switch|p2a: Ogerpon|Ogerpon-Wellspring, F|100/100
|-damage|p2a: Ogerpon|88/100|[from] Stealth Rock
|turn|3
|
|t:|1743865489
|switch|p1a: Sinistcha|Sinistcha-Masterpiece|100/100
|-activate|p1a: Sinistcha|move: Sticky Web
|-unboost|p1a: Sinistcha|spe|1
|move|p2a: Ogerpon|Ivy Cudgel|p1a: Sinistcha|[anim] Ivy Cudgel Water
|-resisted|p1a: Sinistcha
|-damage|p1a: Sinistcha|81/100
|
|-heal|p1a: Sinistcha|87/100|[from] item: Leftovers
|upkeep
|turn|4
|
|t:|1743865491
|move|p2a: Ogerpon|U-turn|p1a: Sinistcha
|-crit|p1a: Sinistcha
|-damage|p1a: Sinistcha|57/100
|
|t:|1743865493
|switch|p2a: Glimmora|Glimmora, F|100/100|[from] U-turn
|-damage|p2a: Glimmora|88/100|[from] Stealth Rock
|move|p1a: Sinistcha|Matcha Gotcha|p2a: Glimmora
|-damage|p2a: Glimmora|44/100
|-heal|p1a: Sinistcha|77/100|[from] drain|[of] p2a: Glimmora
|-status|p2a: Glimmora|brn
|
|-heal|p1a: Sinistcha|83/100|[from] item: Leftovers
|-damage|p2a: Glimmora|38/100 brn|[from] brn
|upkeep
|turn|5
|
|t:|1743865497
|switch|p1a: Heatran|Heatran, F|100/100
|-activate|p1a: Heatran|move: Sticky Web
|-unboost|p1a: Heatran|spe|1
|move|p2a: Glimmora|Meteor Beam||[still]
|-prepare|p2a: Glimmora|Meteor Beam
|-boost|p2a: Glimmora|spa|1
|-enditem|p2a: Glimmora|Power Herb
|-anim|p2a: Glimmora|Meteor Beam|p1a: Heatran
|-damage|p1a: Heatran|51/100
|
|-damage|p2a: Glimmora|31/100 brn|[from] brn
|upkeep
|turn|6
|
|t:|1743865506
|switch|p1a: Samurott|Samurott-Hisui, F|100/100
|-activate|p1a: Samurott|move: Sticky Web
|-unboost|p1a: Samurott|spe|1
|move|p2a: Glimmora|Earth Power|p1a: Samurott
|-damage|p1a: Samurott|37/100
|
|-damage|p2a: Glimmora|25/100 brn|[from] brn
|upkeep
|turn|7
|
|t:|1743865508
|move|p1a: Samurott|Sucker Punch|p2a: Glimmora
|-damage|p2a: Glimmora|0 fnt
|-activate|p2a: Glimmora|ability: Toxic Debris
|-sidestart|p1: VANYR|move: Toxic Spikes
|faint|p2a: Glimmora
|
|upkeep
|
|t:|1743865515
|switch|p2a: Ogerpon|Ogerpon-Wellspring, F|88/100
|-damage|p2a: Ogerpon|76/100|[from] Stealth Rock
|turn|8
|
|t:|1743865520
|move|p1a: Samurott|Sucker Punch|p2a: Ogerpon
|-damage|p2a: Ogerpon|21/100
|move|p2a: Ogerpon|U-turn|p1a: Samurott
|-supereffective|p1a: Samurott
|-damage|p1a: Samurott|0 fnt
|faint|p1a: Samurott
|
|t:|1743865527
|switch|p2a: Gholdengo|Gholdengo|100/100|[from] U-turn
|-damage|p2a: Gholdengo|94/100|[from] Stealth Rock
|-item|p2a: Gholdengo|Air Balloon
|
|upkeep
|
|t:|1743865534
|switch|p1a: Glimmora|Glimmora, F|100/100
|-activate|p1a: Glimmora|move: Sticky Web
|-unboost|p1a: Glimmora|spe|1
|-sideend|p1: VANYR|move: Toxic Spikes|[of] p1a: Glimmora
|turn|9
|
|t:|1743865536
|move|p2a: Gholdengo|Nasty Plot|p2a: Gholdengo
|-boost|p2a: Gholdengo|spa|2
|move|p1a: Glimmora|Power Gem|p2a: Gholdengo
|-resisted|p2a: Gholdengo
|-damage|p2a: Gholdengo|74/100
|-enditem|p2a: Gholdengo|Air Balloon
|
|upkeep
|turn|10
|
|t:|1743865545
|switch|p1a: Heatran|Heatran, F|51/100
|-activate|p1a: Heatran|move: Sticky Web
|-unboost|p1a: Heatran|spe|1
|-terastallize|p2a: Gholdengo|Fairy
|move|p2a: Gholdengo|Psyshock|p1a: Heatran
|-resisted|p1a: Heatran
|-damage|p1a: Heatran|26/100
|
|upkeep
|turn|11
|
|t:|1743865551
|move|p2a: Gholdengo|Shadow Ball|p1a: Heatran
|-damage|p1a: Heatran|0 fnt
|faint|p1a: Heatran
|
|upkeep
|
|t:|1743865555
|switch|p1a: Glimmora|Glimmora, F|100/100
|-activate|p1a: Glimmora|move: Sticky Web
|-unboost|p1a: Glimmora|spe|1
|turn|12
|
|t:|1743865557
|move|p2a: Gholdengo|Psyshock|p1a: Glimmora
|-supereffective|p1a: Glimmora
|-damage|p1a: Glimmora|0 fnt
|faint|p1a: Glimmora
|
|upkeep
|-message|VANYR forfeited.
|
|win|clail
|raw|VANYR's rating: 1577 &rarr; <strong>1560</strong><br />(-17 for losing)
|raw|clail's rating: 1629 &rarr; <strong>1646</strong><br />(+17 for winning)
|l|☆VANYR
|player|p1|
|l|☆clail
|player|p2|
