|j|☆not_gr1mreaper
|j|☆Doidette
|t:|1743932749
|gametype|singles
|player|p1|not_gr1mreaper|ghetsis|1114
|player|p2|Doidette|1|1116
|teamsize|p1|6
|teamsize|p2|6
|gen|9
|tier|[Gen 9] OU
|rated|
|rule|HP Percentage Mod: HP is shown in percentages
|rule|Endless Battle Clause: Forcing endless battles is banned
|rule|Species Clause: Limit one of each Pokémon
|rule|OHKO Clause: OHKO moves are banned
|rule|Evasion Items Clause: Evasion items are banned
|rule|Evasion Moves Clause: Evasion moves are banned
|rule|Sleep Moves Clause: Sleep-inducing moves are banned
|clearpoke
|poke|p1|Swampert, F|
|poke|p1|Dragapult, M|
|poke|p1|Skeledirge, M|
|poke|p1|Toxapex, M|
|poke|p1|Corviknight, M|
|poke|p1|Meowscarada, F|
|poke|p2|Landorus-Therian, M|
|poke|p2|Kyurem|
|poke|p2|Slowking-Galar, M|
|poke|p2|Zamazenta-*|
|poke|p2|Kingambit, M|
|poke|p2|Ogerpon-Wellspring, F|
|teampreview
|
|t:|1743932757
|start
|switch|p1a: Swampert|Swampert, F, shiny|100/100
|switch|p2a: Landorus|Landorus-Therian, M|100/100
|-ability|p2a: Landorus|Intimidate|boost
|-unboost|p1a: Swampert|atk|1
|turn|1
|inactive|Battle timer is ON: inactive players will automatically lose when time's up. (requested by Doidette)
|
|t:|1743932773
|move|p2a: Landorus|Taunt|p1a: Swampert
|-start|p1a: Swampert|move: Taunt
|move|p1a: Swampert|Ice Beam|p2a: Landorus
|-supereffective|p2a: Landorus
|-damage|p2a: Landorus|25/100
|
|upkeep
|turn|2
|
|t:|1743932783
|move|p2a: Landorus|U-turn|p1a: Swampert
|-damage|p1a: Swampert|87/100
|
|t:|1743932789
|switch|p2a: Ogerpon|Ogerpon-Wellspring, F|100/100|[from] U-turn
|move|p1a: Swampert|Ice Beam|p2a: Ogerpon
|-damage|p2a: Ogerpon|81/100
|
|-heal|p1a: Swampert|93/100|[from] item: Leftovers
|upkeep
|turn|3
|
|t:|1743932809
|switch|p1a: Meowscarada|Meowscarada, F|100/100
|move|p2a: Ogerpon|Knock Off|p1a: Meowscarada
|-resisted|p1a: Meowscarada
|-damage|p1a: Meowscarada|72/100
|-enditem|p1a: Meowscarada|Choice Band|[from] move: Knock Off|[of] p2a: Ogerpon
|
|upkeep
|turn|4
|
|t:|1743932831
|switch|p2a: Landorus|Landorus-Therian, M|25/100
|-ability|p2a: Landorus|Intimidate|boost
|-unboost|p1a: Meowscarada|atk|1
|move|p1a: Meowscarada|U-turn|p2a: Landorus
|-start|p1a: Meowscarada|typechange|Bug|[from] ability: Protean
|-resisted|p2a: Landorus
|-damage|p2a: Landorus|14/100
|-damage|p1a: Meowscarada|55/100|[from] item: Rocky Helmet|[of] p2a: Landorus
|
|t:|1743932841
|switch|p1a: Dragapult|Dragapult, M, shiny|100/100|[from] U-turn
|
|upkeep
|turn|5
|
|t:|1743932847
|switch|p2a: Kingambit|Kingambit, M|100/100
|move|p1a: Dragapult|Dragon Claw|p2a: Kingambit
|-resisted|p2a: Kingambit
|-damage|p2a: Kingambit|84/100
|
|upkeep
|turn|6
|
|t:|1743932856
|switch|p1a: Dark Knight|Corviknight, M, shiny|100/100
|-ability|p1a: Dark Knight|Pressure
|move|p2a: Kingambit|Kowtow Cleave|p1a: Dark Knight
|-damage|p1a: Dark Knight|69/100
|-damage|p2a: Kingambit|68/100|[from] item: Rocky Helmet|[of] p1a: Dark Knight
|
|upkeep
|turn|7
|
|t:|1743932866
|-end|p2a: Kingambit|fallenundefined|[silent]
|switch|p2a: Landorus|Landorus-Therian, M|14/100
|-ability|p2a: Landorus|Intimidate|boost
|-unboost|p1a: Dark Knight|atk|1
|move|p1a: Dark Knight|Brave Bird|p2a: Landorus
|-damage|p2a: Landorus|0 fnt
|-damage|p1a: Dark Knight|52/100|[from] item: Rocky Helmet|[of] p2a: Landorus
|faint|p2a: Landorus
|-damage|p1a: Dark Knight|48/100|[from] Recoil
|
|upkeep
|
|t:|1743932879
|switch|p2a: Kyurem|Kyurem|100/100
|-ability|p2a: Kyurem|Pressure
|turn|8
|
|t:|1743932888
|switch|p1a: Toxapex|Toxapex, M|100/100
|move|p2a: Kyurem|Freeze-Dry|p1a: Toxapex
|-supereffective|p1a: Toxapex
|-damage|p1a: Toxapex|37/100
|
|-heal|p1a: Toxapex|43/100|[from] item: Black Sludge
|upkeep
|turn|9
|
|t:|1743932900
|move|p1a: Toxapex|Baneful Bunker|p1a: Toxapex
|-singleturn|p1a: Toxapex|move: Protect
|move|p2a: Kyurem|Earth Power|p1a: Toxapex
|-activate|p1a: Toxapex|move: Protect
|
|-heal|p1a: Toxapex|49/100|[from] item: Black Sludge
|upkeep
|turn|10
|
|t:|1743932915
|switch|p1a: Skeledirge|Skeledirge, M|100/100
|move|p2a: Kyurem|Freeze-Dry|p1a: Skeledirge
|-resisted|p1a: Skeledirge
|-damage|p1a: Skeledirge|81/100
|
|-heal|p1a: Skeledirge|87/100|[from] item: Leftovers
|upkeep
|turn|11
|
|t:|1743932931
|move|p2a: Kyurem|Draco Meteor|p1a: Skeledirge|[miss]
|-miss|p2a: Kyurem|p1a: Skeledirge
|move|p1a: Skeledirge|Torch Song|p2a: Kyurem
|-damage|p2a: Kyurem|66/100
|-boost|p1a: Skeledirge|spa|1
|
|-heal|p1a: Skeledirge|93/100|[from] item: Leftovers
|upkeep
|turn|12
|-message|Doidette forfeited.
|
|win|not_gr1mreaper
|raw|not_gr1mreaper's rating: 1114 &rarr; <strong>1139</strong><br />(+25 for winning)
|raw|Doidette's rating: 1116 &rarr; <strong>1091</strong><br />(-25 for losing)
|l|☆Doidette
|player|p2|
|l|☆not_gr1mreaper
|player|p1|
