|j|☆El Rompepotos
|j|☆Adromas
|t:|1743863201
|gametype|singles
|player|p1|El Rompepotos|hooligans|1160
|player|p2|Adromas|clerk|1195
|teamsize|p1|6
|teamsize|p2|6
|gen|9
|tier|[Gen 9] OU
|rated|
|rule|HP Percentage Mod: HP is shown in percentages
|rule|Endless Battle Clause: Forcing endless battles is banned
|rule|Species Clause: Limit one of each Pokémon
|rule|OHKO Clause: OHKO moves are banned
|rule|Evasion Items Clause: Evasion items are banned
|rule|Evasion Moves Clause: Evasion moves are banned
|rule|Sleep Moves Clause: Sleep-inducing moves are banned
|clearpoke
|poke|p1|Amoonguss, M|
|poke|p1|Clodsire, F|
|poke|p1|Weezing-Galar, M|
|poke|p1|Toxapex, F|
|poke|p1|Muk-Alola, M|
|poke|p1|Salazzle, F|
|poke|p2|Pecharunt|
|poke|p2|Abomasnow, M|
|poke|p2|Carbink|
|poke|p2|Cloyster, M|
|poke|p2|Mamoswine, M|
|poke|p2|Mandibuzz, F|
|teampreview
|inactive|Battle timer is ON: inactive players will automatically lose when time's up. (requested by El Rompepotos)
|
|t:|1743863209
|start
|switch|p1a: Salazzle|Salazzle, F|100/100
|switch|p2a: Abomasnow|Abomasnow, M|100/100
|-weather|Snowscape|[from] ability: Snow Warning|[of] p2a: Abomasnow
|turn|1
|
|t:|1743863217
|switch|p2a: Carbink|Carbink|100/100
|move|p1a: Salazzle|Flamethrower|p2a: Carbink
|-resisted|p2a: Carbink
|-damage|p2a: Carbink|89/100
|
|-weather|Snowscape|[upkeep]
|-heal|p2a: Carbink|95/100|[from] item: Leftovers
|upkeep
|turn|2
|
|t:|1743863234
|move|p1a: Salazzle|Substitute|p1a: Salazzle
|-start|p1a: Salazzle|Substitute
|-damage|p1a: Salazzle|76/100
|move|p2a: Carbink|Stealth Rock|p1a: Salazzle
|-sidestart|p1: El Rompepotos|move: Stealth Rock
|
|-weather|Snowscape|[upkeep]
|-heal|p1a: Salazzle|82/100|[from] item: Black Sludge
|-heal|p2a: Carbink|100/100|[from] item: Leftovers
|upkeep
|turn|3
|
|t:|1743863246
|move|p1a: Salazzle|Toxic|p2a: Carbink
|-status|p2a: Carbink|tox
|move|p2a: Carbink|Body Press|p1a: Salazzle
|-resisted|p1a: Salazzle
|-crit|p1a: Salazzle
|-end|p1a: Salazzle|Substitute
|
|-weather|Snowscape|[upkeep]
|-heal|p1a: Salazzle|88/100|[from] item: Black Sludge
|-damage|p2a: Carbink|94/100 tox|[from] psn
|upkeep
|turn|4
|
|t:|1743863270
|move|p1a: Salazzle|Protect|p1a: Salazzle
|-singleturn|p1a: Salazzle|Protect
|move|p2a: Carbink|Spikes|p1a: Salazzle
|-sidestart|p1: El Rompepotos|Spikes
|
|-weather|Snowscape|[upkeep]
|-heal|p1a: Salazzle|94/100|[from] item: Black Sludge
|-heal|p2a: Carbink|100/100 tox|[from] item: Leftovers
|-damage|p2a: Carbink|88/100 tox|[from] psn
|upkeep
|turn|5
|
|t:|1743863282
|switch|p1a: Sentinel|Weezing-Galar, M, shiny|100/100
|move|p2a: Carbink|Body Press|p1a: Sentinel
|-resisted|p1a: Sentinel
|-damage|p1a: Sentinel|96/100
|
|-weather|Snowscape|[upkeep]
|-heal|p2a: Carbink|94/100 tox|[from] item: Leftovers
|-damage|p2a: Carbink|75/100 tox|[from] psn
|upkeep
|turn|6
|
|t:|1743863295
|switch|p2a: Abomasnow|Abomasnow, M|100/100
|move|p1a: Sentinel|Defog|p2a: Abomasnow
|-unboost|p2a: Abomasnow|evasion|1
|-sideend|p1: El Rompepotos|Spikes|[from] move: Defog|[of] p1a: Sentinel
|-sideend|p1: El Rompepotos|Stealth Rock|[from] move: Defog|[of] p1a: Sentinel
|
|-weather|Snowscape|[upkeep]
|upkeep
|turn|7
|l|☆El Rompepotos
|inactive|El Rompepotos disconnected and has a minute to reconnect!
|player|p1|
|j|☆El Rompepotos
|inactive|El Rompepotos reconnected and has 140 seconds left.
|player|p1|El Rompepotos|hooligans|
|
|t:|1743863318
|switch|p1a: Toxapex|Toxapex, F|100/100
|move|p2a: Abomasnow|Aurora Veil|p2a: Abomasnow
|-sidestart|p2: Adromas|move: Aurora Veil
|
|-weather|Snowscape|[upkeep]
|upkeep
|turn|8
|
|t:|1743863329
|move|p2a: Abomasnow|Leech Seed|p1a: Toxapex
|-start|p1a: Toxapex|move: Leech Seed
|move|p1a: Toxapex|Toxic|p2a: Abomasnow
|-status|p2a: Abomasnow|tox
|
|-weather|none
|-damage|p1a: Toxapex|88/100|[from] Leech Seed|[of] p2a: Abomasnow
|-damage|p2a: Abomasnow|94/100 tox|[from] psn
|upkeep
|turn|9
|
|t:|1743863339
|switch|p2a: Cloyster|Cloyster, M, shiny|100/100
|move|p1a: Toxapex|Toxic Spikes|p2a: Cloyster
|-sidestart|p2: Adromas|move: Toxic Spikes
|
|-damage|p1a: Toxapex|76/100|[from] Leech Seed|[of] p2a: Cloyster
|upkeep
|turn|10
|
|t:|1743863356
|move|p2a: Cloyster|Shell Smash|p2a: Cloyster
|-unboost|p2a: Cloyster|def|1
|-unboost|p2a: Cloyster|spd|1
|-boost|p2a: Cloyster|atk|2
|-boost|p2a: Cloyster|spa|2
|-boost|p2a: Cloyster|spe|2
|move|p1a: Toxapex|Toxic|p2a: Cloyster
|-status|p2a: Cloyster|tox
|-enditem|p2a: Cloyster|Lum Berry|[eat]
|-curestatus|p2a: Cloyster|tox|[msg]
|
|-damage|p1a: Toxapex|64/100|[from] Leech Seed|[of] p2a: Cloyster
|upkeep
|turn|11
|inactive|Adromas has 120 seconds left.
|
|t:|1743863379
|move|p2a: Cloyster|Drill Run|p1a: Toxapex
|-supereffective|p1a: Toxapex
|-damage|p1a: Toxapex|7/100
|move|p1a: Toxapex|Haze|p1a: Toxapex
|-clearallboost
|
|-damage|p1a: Toxapex|0 fnt|[from] Leech Seed|[of] p2a: Cloyster
|faint|p1a: Toxapex
|-sideend|p2: Adromas|move: Aurora Veil
|upkeep
|
|t:|1743863390
|switch|p1a: Amoonguss|Amoonguss, M|100/100
|turn|12
|-message|El Rompepotos forfeited.
|
|win|Adromas
|raw|El Rompepotos's rating: 1160 &rarr; <strong>1138</strong><br />(-22 for losing)
|raw|Adromas's rating: 1195 &rarr; <strong>1217</strong><br />(+22 for winning)
|l|☆El Rompepotos
|player|p1|
|l|☆Adromas
|player|p2|
