|j|☆Skibidi Toothpaste
|j|☆lupiit
|t:|1743841425
|gametype|singles
|player|p1|Skibidi Toothpaste|volkner|1281
|player|p2|lupiit|dragontamer|1384
|teamsize|p1|6
|teamsize|p2|6
|gen|9
|tier|[Gen 9] OU
|rated|
|rule|HP Percentage Mod: HP is shown in percentages
|rule|Endless Battle Clause: Forcing endless battles is banned
|rule|Species Clause: Limit one of each Pokémon
|rule|OHKO Clause: OHKO moves are banned
|rule|Evasion Items Clause: Evasion items are banned
|rule|Evasion Moves Clause: Evasion moves are banned
|rule|Sleep Moves Clause: Sleep-inducing moves are banned
|clearpoke
|poke|p1|Grimmsnarl, M|
|poke|p1|Feraligatr, M|
|poke|p1|Dragonite, M|
|poke|p1|Darkrai|
|poke|p1|Great Tusk|
|poke|p1|Weavile, F|
|poke|p2|Hoopa-Unbound|
|poke|p2|Glimmora, M|
|poke|p2|Ninetales-Alola, F|
|poke|p2|Incineroar, M|
|poke|p2|Kingambit, F|
|poke|p2|Dragapult, F|
|teampreview
|inactive|Battle timer is ON: inactive players will automatically lose when time's up. (requested by Skibidi Toothpaste)
|inactive|Skibidi Toothpaste has 120 seconds left.
|
|t:|1743841467
|start
|switch|p1a: Grimmsnarl|Grimmsnarl, M|100/100
|switch|p2a: Kingambit|Kingambit, F|100/100
|turn|1
|
|t:|1743841470
|move|p1a: Grimmsnarl|Reflect|p1a: Grimmsnarl
|-sidestart|p1: Skibidi Toothpaste|Reflect
|move|p2a: Kingambit|Iron Head|p1a: Grimmsnarl
|-supereffective|p1a: Grimmsnarl
|-damage|p1a: Grimmsnarl|46/100
|
|upkeep
|turn|2
|
|t:|1743841475
|move|p1a: Grimmsnarl|Parting Shot|p2a: Kingambit
|-hint|Since gen 7, Dark is immune to Prankster moves.
|-immune|p2a: Kingambit
|move|p2a: Kingambit|Iron Head|p1a: Grimmsnarl
|-supereffective|p1a: Grimmsnarl
|-damage|p1a: Grimmsnarl|0 fnt
|faint|p1a: Grimmsnarl
|
|upkeep
|
|t:|1743841483
|switch|p1a: Feraligatr|Feraligatr, M|100/100
|turn|3
|
|t:|1743841494
|move|p1a: Feraligatr|Dragon Dance|p1a: Feraligatr
|-boost|p1a: Feraligatr|atk|1
|-boost|p1a: Feraligatr|spe|1
|move|p2a: Kingambit|Kowtow Cleave|p1a: Feraligatr
|-damage|p1a: Feraligatr|74/100
|
|upkeep
|turn|4
|
|t:|1743841500
|-terastallize|p1a: Feraligatr|Dark
|move|p1a: Feraligatr|Dragon Dance|p1a: Feraligatr
|-boost|p1a: Feraligatr|atk|1
|-boost|p1a: Feraligatr|spe|1
|move|p2a: Kingambit|Kowtow Cleave|p1a: Feraligatr
|-resisted|p1a: Feraligatr
|-damage|p1a: Feraligatr|63/100
|
|upkeep
|turn|5
|
|t:|1743841510
|-end|p2a: Kingambit|fallenundefined|[silent]
|switch|p2a: Hoopa|Hoopa-Unbound|100/100
|move|p1a: Feraligatr|Dragon Dance|p1a: Feraligatr
|-boost|p1a: Feraligatr|atk|1
|-boost|p1a: Feraligatr|spe|1
|
|upkeep
|turn|6
|
|t:|1743841514
|move|p1a: Feraligatr|Liquidation|p2a: Hoopa
|-damage|p2a: Hoopa|0 fnt
|faint|p2a: Hoopa
|
|upkeep
|
|t:|1743841516
|switch|p2a: Glimmora|Glimmora, M|100/100
|turn|7
|
|t:|1743841519
|move|p1a: Feraligatr|Liquidation|p2a: Glimmora
|-supereffective|p2a: Glimmora
|-enditem|p2a: Glimmora|Focus Sash
|-damage|p2a: Glimmora|1/100
|-activate|p2a: Glimmora|ability: Toxic Debris
|-sidestart|p1: Skibidi Toothpaste|move: Toxic Spikes
|move|p2a: Glimmora|Mortal Spin|p1a: Feraligatr
|-damage|p1a: Feraligatr|60/100
|-status|p1a: Feraligatr|psn
|
|-damage|p1a: Feraligatr|47/100 psn|[from] psn
|upkeep
|turn|8
|
|t:|1743841524
|move|p1a: Feraligatr|Liquidation|p2a: Glimmora
|-supereffective|p2a: Glimmora
|-damage|p2a: Glimmora|0 fnt
|-activate|p2a: Glimmora|ability: Toxic Debris
|-sidestart|p1: Skibidi Toothpaste|move: Toxic Spikes
|faint|p2a: Glimmora
|
|-damage|p1a: Feraligatr|35/100 psn|[from] psn
|-sideend|p1: Skibidi Toothpaste|Reflect
|upkeep
|
|t:|1743841526
|switch|p2a: Incineroar|Incineroar, M|100/100
|-ability|p2a: Incineroar|Intimidate|boost
|-unboost|p1a: Feraligatr|atk|1
|turn|9
|
|t:|1743841530
|move|p2a: Incineroar|Fake Out|p1a: Feraligatr
|-damage|p1a: Feraligatr|24/100 psn
|cant|p1a: Feraligatr|flinch
|
|-damage|p1a: Feraligatr|11/100 psn|[from] psn
|upkeep
|turn|10
|
|t:|1743841540
|switch|p2a: Ninetales|Ninetales-Alola, F|100/100
|-weather|Snowscape|[from] ability: Snow Warning|[of] p2a: Ninetales
|move|p1a: Feraligatr|Liquidation|p2a: Ninetales
|-damage|p2a: Ninetales|0 fnt
|faint|p2a: Ninetales
|
|-weather|Snowscape|[upkeep]
|-damage|p1a: Feraligatr|0 fnt|[from] psn
|faint|p1a: Feraligatr
|upkeep
|inactive|Skibidi Toothpaste has 120 seconds left.
|
|t:|1743841574
|switch|p2a: Incineroar|Incineroar, M|100/100
|switch|p1a: Weavile|Weavile, F|100/100
|-ability|p1a: Weavile|Pressure
|-ability|p2a: Incineroar|Intimidate|boost
|-unboost|p1a: Weavile|atk|1
|turn|11
|
|t:|1743841588
|switch|p1a: Great Tusk|Great Tusk|100/100
|move|p2a: Incineroar|Flare Blitz|p1a: Great Tusk
|-damage|p1a: Great Tusk|73/100
|-damage|p2a: Incineroar|91/100|[from] Recoil
|
|-weather|Snowscape|[upkeep]
|upkeep
|turn|12
|
|t:|1743841593
|move|p1a: Great Tusk|Rapid Spin|p2a: Incineroar
|-damage|p2a: Incineroar|80/100
|-boost|p1a: Great Tusk|spe|1
|-sideend|p1: Skibidi Toothpaste|Toxic Spikes|[from] move: Rapid Spin|[of] p1a: Great Tusk
|move|p2a: Incineroar|Knock Off|p1a: Great Tusk
|-resisted|p1a: Great Tusk
|-damage|p1a: Great Tusk|61/100
|-enditem|p1a: Great Tusk|Heavy-Duty Boots|[from] move: Knock Off|[of] p2a: Incineroar
|
|-weather|Snowscape|[upkeep]
|upkeep
|turn|13
|
|t:|1743841596
|move|p1a: Great Tusk|Bulk Up|p1a: Great Tusk
|-boost|p1a: Great Tusk|atk|1
|-boost|p1a: Great Tusk|def|1
|move|p2a: Incineroar|Parting Shot|p1a: Great Tusk
|-unboost|p1a: Great Tusk|atk|1
|-unboost|p1a: Great Tusk|spa|1
|
|t:|1743841598
|switch|p2a: Dragapult|Dragapult, F|100/100|[from] Parting Shot
|
|-weather|Snowscape|[upkeep]
|upkeep
|turn|14
|
|t:|1743841607
|move|p1a: Great Tusk|Bulk Up|p1a: Great Tusk
|-boost|p1a: Great Tusk|atk|1
|-boost|p1a: Great Tusk|def|1
|move|p2a: Dragapult|Dragon Dance|p2a: Dragapult
|-boost|p2a: Dragapult|atk|1
|-boost|p2a: Dragapult|spe|1
|
|-weather|none
|upkeep
|turn|15
|
|t:|1743841611
|move|p2a: Dragapult|Dragon Darts|p1a: Great Tusk
|-damage|p1a: Great Tusk|43/100
|-anim|p2a: Dragapult|Dragon Darts|p1a: Great Tusk
|-damage|p1a: Great Tusk|25/100
|-damage|p2a: Dragapult|91/100|[from] item: Life Orb
|move|p1a: Great Tusk|Headlong Rush|p2a: Dragapult
|-damage|p2a: Dragapult|0 fnt
|-unboost|p1a: Great Tusk|def|1
|-unboost|p1a: Great Tusk|spd|1
|faint|p2a: Dragapult
|
|upkeep
|
|t:|1743841615
|switch|p2a: Incineroar|Incineroar, M|80/100
|-ability|p2a: Incineroar|Intimidate|boost
|-unboost|p1a: Great Tusk|atk|1
|turn|16
|
|t:|1743841622
|move|p2a: Incineroar|Fake Out|p1a: Great Tusk
|-damage|p1a: Great Tusk|21/100
|cant|p1a: Great Tusk|flinch
|
|upkeep
|turn|17
|
|t:|1743841625
|move|p1a: Great Tusk|Bulk Up|p1a: Great Tusk
|-boost|p1a: Great Tusk|atk|1
|-boost|p1a: Great Tusk|def|1
|move|p2a: Incineroar|Flare Blitz|p1a: Great Tusk
|-damage|p1a: Great Tusk|7/100
|-damage|p2a: Incineroar|75/100|[from] Recoil
|
|upkeep
|turn|18
|
|t:|1743841632
|move|p1a: Great Tusk|Headlong Rush|p2a: Incineroar
|-supereffective|p2a: Incineroar
|-damage|p2a: Incineroar|0 fnt
|-unboost|p1a: Great Tusk|def|1
|-unboost|p1a: Great Tusk|spd|1
|faint|p2a: Incineroar
|
|upkeep
|
|t:|1743841633
|switch|p2a: Kingambit|Kingambit, F|100/100
|-activate|p2a: Kingambit|ability: Supreme Overlord
|-start|p2a: Kingambit|fallen5|[silent]
|turn|19
|
|t:|1743841637
|move|p1a: Great Tusk|Bulk Up|p1a: Great Tusk
|-boost|p1a: Great Tusk|atk|1
|-boost|p1a: Great Tusk|def|1
|move|p2a: Kingambit|Swords Dance|p2a: Kingambit
|-boost|p2a: Kingambit|atk|2
|
|upkeep
|turn|20
|
|t:|1743841640
|move|p2a: Kingambit|Sucker Punch|p1a: Great Tusk
|-resisted|p1a: Great Tusk
|-damage|p1a: Great Tusk|0 fnt
|faint|p1a: Great Tusk
|-end|p1a: Great Tusk|Protosynthesis|[silent]
|
|upkeep
|
|t:|1743841648
|switch|p1a: Weavile|Weavile, F|100/100
|-ability|p1a: Weavile|Pressure
|turn|21
|
|t:|1743841652
|move|p1a: Weavile|Knock Off|p2a: Kingambit
|-resisted|p2a: Kingambit
|-damage|p2a: Kingambit|81/100
|-enditem|p2a: Kingambit|Leftovers|[from] move: Knock Off|[of] p1a: Weavile
|move|p2a: Kingambit|Iron Head|p1a: Weavile
|-supereffective|p1a: Weavile
|-damage|p1a: Weavile|0 fnt
|faint|p1a: Weavile
|
|upkeep
|
|t:|1743841655
|switch|p1a: Dragonite|Dragonite, M|100/100
|turn|22
|
|t:|1743841663
|move|p1a: Dragonite|Earthquake|p2a: Kingambit
|-supereffective|p2a: Kingambit
|-damage|p2a: Kingambit|17/100
|move|p2a: Kingambit|Kowtow Cleave|p1a: Dragonite
|-damage|p1a: Dragonite|21/100
|
|upkeep
|turn|23
|
|t:|1743841674
|-terastallize|p2a: Kingambit|Ghost
|move|p1a: Dragonite|Extreme Speed|p2a: Kingambit
|-immune|p2a: Kingambit
|move|p2a: Kingambit|Swords Dance|p2a: Kingambit
|-boost|p2a: Kingambit|atk|2
|
|upkeep
|turn|24
|
|t:|1743841687
|move|p2a: Kingambit|Sucker Punch|p1a: Dragonite
|-damage|p1a: Dragonite|0 fnt
|faint|p1a: Dragonite
|
|upkeep
|
|t:|1743841689
|switch|p1a: Darkrai|Darkrai|100/100
|turn|25
|
|t:|1743841693
|move|p2a: Kingambit|Sucker Punch||[still]
|-fail|p2a: Kingambit
|move|p1a: Darkrai|Nasty Plot|p1a: Darkrai
|-boost|p1a: Darkrai|spa|2
|
|upkeep
|turn|26
|
|t:|1743841696
|move|p2a: Kingambit|Sucker Punch||[still]
|-fail|p2a: Kingambit
|move|p1a: Darkrai|Nasty Plot|p1a: Darkrai
|-boost|p1a: Darkrai|spa|2
|
|upkeep
|turn|27
|
|t:|1743841698
|move|p2a: Kingambit|Sucker Punch||[still]
|-fail|p2a: Kingambit
|move|p1a: Darkrai|Nasty Plot|p1a: Darkrai
|-boost|p1a: Darkrai|spa|2
|
|upkeep
|turn|28
|
|t:|1743841703
|move|p2a: Kingambit|Sucker Punch|p1a: Darkrai
|-resisted|p1a: Darkrai
|-crit|p1a: Darkrai
|-damage|p1a: Darkrai|0 fnt
|faint|p1a: Darkrai
|
|win|lupiit
|raw|Skibidi Toothpaste's rating: 1281 &rarr; <strong>1263</strong><br />(-18 for losing)
|raw|lupiit's rating: 1384 &rarr; <strong>1398</strong><br />(+14 for winning)
|c|☆Skibidi Toothpaste|Gg
|c|☆lupiit|nice try
|l|☆lupiit
|player|p2|
|c|☆Skibidi Toothpaste|Nice crit
|l|☆Skibidi Toothpaste
|player|p1|
