|j|☆JayStarsGaming
|j|☆NoneBot L
|t:|1743871234
|gametype|singles
|player|p1|JayStarsGaming|1|1237
|player|p2|NoneBot L|chili|1193
|teamsize|p1|6
|teamsize|p2|6
|gen|9
|tier|[Gen 9] OU
|rated|
|rule|HP Percentage Mod: HP is shown in percentages
|rule|Endless Battle Clause: Forcing endless battles is banned
|rule|Species Clause: Limit one of each Pokémon
|rule|OHKO Clause: OHKO moves are banned
|rule|Evasion Items Clause: Evasion items are banned
|rule|Evasion Moves Clause: Evasion moves are banned
|rule|Sleep Moves Clause: Sleep-inducing moves are banned
|clearpoke
|poke|p1|Iron Moth|
|poke|p1|Kingambit, F|
|poke|p1|Dragonite, F|
|poke|p1|Ogerpon-Cornerstone, F|
|poke|p1|Iron Valiant|
|poke|p1|Raging Bolt|
|poke|p2|Slither Wing|
|poke|p2|Hydrapple, M|
|poke|p2|Yanmega, M|
|poke|p2|Iron Treads|
|poke|p2|Rotom|
|poke|p2|Greninja-*, M|
|teampreview
|inactive|Battle timer is ON: inactive players will automatically lose when time's up. (requested by JayStarsGaming)
|
|t:|1743871253
|start
|switch|p1a: LabyrinthZone|Ogerpon-Cornerstone, F|100/100
|switch|p2a: Rotom|Rotom|100/100
|turn|1
|
|t:|1743871259
|move|p1a: LabyrinthZone|Knock Off|p2a: Rotom
|-supereffective|p2a: Rotom
|-damage|p2a: Rotom|0 fnt
|-enditem|p2a: Rotom|Lagging Tail|[from] move: Knock Off|[of] p1a: LabyrinthZone
|faint|p2a: Rotom
|
|upkeep
|
|t:|1743871271
|switch|p2a: Iron Treads|Iron Treads|100/100
|turn|2
|
|t:|1743871291
|move|p1a: LabyrinthZone|Power Whip|p2a: Iron Treads
|-damage|p2a: Iron Treads|34/100
|move|p2a: Iron Treads|Volt Switch|p1a: LabyrinthZone
|-resisted|p1a: LabyrinthZone
|-damage|p1a: LabyrinthZone|90/100
|
|t:|1743871302
|-end|p2a: Iron Treads|Quark Drive|[silent]
|switch|p2a: Hydrapple|Hydrapple, M, shiny|100/100|[from] Volt Switch
|
|upkeep
|turn|3
|
|t:|1743871317
|move|p1a: LabyrinthZone|Swords Dance|p1a: LabyrinthZone
|-boost|p1a: LabyrinthZone|atk|2
|move|p2a: Hydrapple|Fickle Beam|p1a: LabyrinthZone
|-damage|p1a: LabyrinthZone|44/100
|
|upkeep
|turn|4
|
|t:|1743871325
|move|p1a: LabyrinthZone|Ivy Cudgel|p2a: Hydrapple|[anim] Ivy Cudgel Rock
|-damage|p2a: Hydrapple|11/100
|move|p2a: Hydrapple|Fickle Beam|p1a: LabyrinthZone
|-damage|p1a: LabyrinthZone|0 fnt
|faint|p1a: LabyrinthZone
|
|upkeep
|inactive|JayStarsGaming has 120 seconds left.
|
|t:|1743871347
|switch|p1a: LavaReefZone|Iron Moth|100/100
|-enditem|p1a: LavaReefZone|Booster Energy
|-activate|p1a: LavaReefZone|ability: Quark Drive|[fromitem]
|-start|p1a: LavaReefZone|quarkdrivespe
|turn|5
|
|t:|1743871355
|switch|p2a: Iron Treads|Iron Treads|34/100
|move|p1a: LavaReefZone|Fiery Dance|p2a: Iron Treads
|-supereffective|p2a: Iron Treads
|-damage|p2a: Iron Treads|0 fnt
|faint|p2a: Iron Treads
|-end|p2a: Iron Treads|Quark Drive|[silent]
|
|upkeep
|
|t:|1743871365
|switch|p2a: Greninja|Greninja, M|100/100
|turn|6
|
|t:|1743871376
|-terastallize|p1a: LavaReefZone|Grass
|move|p1a: LavaReefZone|Energy Ball|p2a: Greninja
|-supereffective|p2a: Greninja
|-damage|p2a: Greninja|0 fnt
|faint|p2a: Greninja
|
|upkeep
|
|t:|1743871382
|switch|p2a: Yanmega|Yanmega, M, shiny|100/100
|turn|7
|
|t:|1743871389
|move|p1a: LavaReefZone|Fiery Dance|p2a: Yanmega
|-supereffective|p2a: Yanmega
|-damage|p2a: Yanmega|0 fnt
|-boost|p1a: LavaReefZone|spa|1
|faint|p2a: Yanmega
|
|upkeep
|
|t:|1743871393
|switch|p2a: Hydrapple|Hydrapple, M, shiny|44/100
|turn|8
|
|t:|1743871400
|move|p1a: LavaReefZone|Fiery Dance|p2a: Hydrapple
|-damage|p2a: Hydrapple|2/100
|-boost|p1a: LavaReefZone|spa|1
|move|p2a: Hydrapple|Fickle Beam|p1a: LavaReefZone
|-damage|p1a: LavaReefZone|61/100
|
|upkeep
|turn|9
|c|☆NoneBot L|For real this new mons are so boring
|-message|NoneBot L forfeited.
|
|win|JayStarsGaming
|raw|JayStarsGaming's rating: 1237 &rarr; <strong>1259</strong><br />(+22 for winning)
|raw|NoneBot L's rating: 1193 &rarr; <strong>1171</strong><br />(-22 for losing)
|l|☆NoneBot L
|player|p2|
|c|☆JayStarsGaming|Yes is so broken 😭
|l|☆JayStarsGaming
|player|p1|
