|j|☆BeachLeak
|j|‽STALLGOAT14
|t:|1743799311
|gametype|singles
|player|p1|BeachLeak|jogger|1522
|player|p2|STALLGOAT14|101|1604
|teamsize|p1|6
|teamsize|p2|6
|gen|9
|tier|[Gen 9] OU
|rated|
|rule|HP Percentage Mod: HP is shown in percentages
|rule|Endless Battle Clause: Forcing endless battles is banned
|rule|Species Clause: Limit one of each Pokémon
|rule|OHKO Clause: OHKO moves are banned
|rule|Evasion Items Clause: Evasion items are banned
|rule|Evasion Moves Clause: Evasion moves are banned
|rule|Sleep Moves Clause: Sleep-inducing moves are banned
|clearpoke
|poke|p1|Arcanine-Hisui, M|
|poke|p1|Rillaboom, F|
|poke|p1|Kingambit, M|
|poke|p1|Great Tusk|
|poke|p1|Zapdos|
|poke|p1|Iron Boulder|
|poke|p2|Blissey, F|
|poke|p2|Clefable, F|
|poke|p2|Gliscor, F|
|poke|p2|Ting-Lu|
|poke|p2|Dondozo, F|
|poke|p2|Amoonguss, F|
|teampreview
|inactive|Battle timer is ON: inactive players will automatically lose when time's up. (requested by STALLGOAT14)
|j| Attacker98
|inactive|STALLGOAT14 has 120 seconds left.
|
|t:|1743799359
|start
|switch|p1a: Saifr|Arcanine-Hisui, M|100/100
|switch|p2a: Gliscor|Gliscor, F|100/100
|turn|1
|
|t:|1743799362
|move|p2a: Gliscor|Protect|p2a: Gliscor
|-singleturn|p2a: Gliscor|Protect
|move|p1a: Saifr|Will-O-Wisp|p2a: Gliscor
|-activate|p2a: Gliscor|move: Protect
|
|-status|p2a: Gliscor|tox|[from] item: Toxic Orb
|upkeep
|turn|2
|
|t:|1743799374
|switch|p1a: Kingambit|Kingambit, M|100/100
|move|p2a: Gliscor|Knock Off|p1a: Kingambit
|-resisted|p1a: Kingambit
|-damage|p1a: Kingambit|92/100
|-enditem|p1a: Kingambit|Leftovers|[from] move: Knock Off|[of] p2a: Gliscor
|
|upkeep
|turn|3
|
|t:|1743799384
|move|p2a: Gliscor|Spikes|p1a: Kingambit
|-sidestart|p1: BeachLeak|Spikes
|move|p1a: Kingambit|Kowtow Cleave|p2a: Gliscor
|-damage|p2a: Gliscor|72/100 tox
|
|-heal|p2a: Gliscor|84/100 tox|[from] ability: Poison Heal
|upkeep
|turn|4
|
|t:|1743799392
|move|p2a: Gliscor|Spikes|p1a: Kingambit
|-sidestart|p1: BeachLeak|Spikes
|move|p1a: Kingambit|Swords Dance|p1a: Kingambit
|-boost|p1a: Kingambit|atk|2
|
|-heal|p2a: Gliscor|97/100 tox|[from] ability: Poison Heal
|upkeep
|turn|5
|
|t:|1743799398
|switch|p2a: Dondozo|Dondozo, F|100/100
|move|p1a: Kingambit|Kowtow Cleave|p2a: Dondozo
|-crit|p2a: Dondozo
|-damage|p2a: Dondozo|65/100
|
|upkeep
|turn|6
|
|t:|1743799410
|-end|p1a: Kingambit|fallenundefined|[silent]
|switch|p1a: Zapdos|Zapdos|100/100
|move|p2a: Dondozo|Rest|p2a: Dondozo
|-status|p2a: Dondozo|slp|[from] move: Rest
|-heal|p2a: Dondozo|100/100 slp|[silent]
|
|upkeep
|turn|7
|
|t:|1743799417
|switch|p1a: Great Tusk|Great Tusk|100/100
|switch|p2a: Ting-Lu|Ting-Lu|100/100
|-ability|p2a: Ting-Lu|Vessel of Ruin
|
|upkeep
|turn|8
|
|t:|1743799423
|switch|p2a: Gliscor|Gliscor, F|97/100 tox
|move|p1a: Great Tusk|Rapid Spin|p2a: Gliscor
|-damage|p2a: Gliscor|88/100 tox
|-boost|p1a: Great Tusk|spe|1
|-sideend|p1: BeachLeak|Spikes|[from] move: Rapid Spin|[of] p1a: Great Tusk
|
|-heal|p2a: Gliscor|100/100 tox|[from] ability: Poison Heal
|upkeep
|turn|9
|
|t:|1743799430
|move|p1a: Great Tusk|Stealth Rock|p2a: Gliscor
|-sidestart|p2: STALLGOAT14|move: Stealth Rock
|move|p2a: Gliscor|Toxic|p1a: Great Tusk
|-status|p1a: Great Tusk|tox
|
|-damage|p1a: Great Tusk|94/100 tox|[from] psn
|upkeep
|turn|10
|
|t:|1743799440
|-end|p1a: Great Tusk|Protosynthesis|[silent]
|switch|p1a: Rillaboom|Rillaboom, F|100/100
|-fieldstart|move: Grassy Terrain|[from] ability: Grassy Surge|[of] p1a: Rillaboom
|move|p2a: Gliscor|Spikes|p1a: Rillaboom
|-sidestart|p1: BeachLeak|Spikes
|
|upkeep
|turn|11
|l| Attacker98
|
|t:|1743799445
|move|p1a: Rillaboom|Wood Hammer|p2a: Gliscor
|-damage|p2a: Gliscor|16/100 tox
|-damage|p1a: Rillaboom|72/100|[from] Recoil
|move|p2a: Gliscor|Toxic|p1a: Rillaboom
|-status|p1a: Rillaboom|tox
|
|-heal|p1a: Rillaboom|78/100 tox|[from] Grassy Terrain
|-damage|p1a: Rillaboom|72/100 tox|[from] psn
|-heal|p2a: Gliscor|29/100 tox|[from] ability: Poison Heal
|upkeep
|turn|12
|
|t:|1743799454
|move|p2a: Gliscor|Protect|p2a: Gliscor
|-singleturn|p2a: Gliscor|Protect
|move|p1a: Rillaboom|Wood Hammer|p2a: Gliscor
|-activate|p2a: Gliscor|move: Protect
|
|-heal|p1a: Rillaboom|78/100 tox|[from] Grassy Terrain
|-damage|p1a: Rillaboom|66/100 tox|[from] psn
|-heal|p2a: Gliscor|41/100 tox|[from] ability: Poison Heal
|upkeep
|turn|13
|
|t:|1743799459
|switch|p1a: Saifr|Arcanine-Hisui, M|100/100
|-damage|p1a: Saifr|88/100|[from] Spikes
|switch|p2a: Amoonguss|Amoonguss, F|100/100
|
|-heal|p1a: Saifr|94/100|[from] Grassy Terrain
|upkeep
|turn|14
|
|t:|1743799472
|switch|p2a: Dondozo|Dondozo, F|100/100 slp
|move|p1a: Saifr|Head Smash|p2a: Dondozo
|-damage|p2a: Dondozo|68/100 slp
|
|-heal|p1a: Saifr|99/100|[from] Grassy Terrain
|-heal|p2a: Dondozo|74/100 slp|[from] Grassy Terrain
|-fieldend|move: Grassy Terrain
|upkeep
|turn|15
|
|t:|1743799478
|switch|p2a: Ting-Lu|Ting-Lu|100/100
|-ability|p2a: Ting-Lu|Vessel of Ruin
|move|p1a: Saifr|Solar Beam||[still]
|-prepare|p1a: Saifr|Solar Beam
|-enditem|p1a: Saifr|Power Herb
|-anim|p1a: Saifr|Solar Beam|p2a: Ting-Lu
|-supereffective|p2a: Ting-Lu
|-damage|p2a: Ting-Lu|79/100
|
|upkeep
|turn|16
|
|t:|1743799486
|move|p1a: Saifr|Will-O-Wisp|p2a: Ting-Lu
|-status|p2a: Ting-Lu|brn
|move|p2a: Ting-Lu|Stealth Rock|p1a: Saifr
|-sidestart|p1: BeachLeak|move: Stealth Rock
|
|-damage|p2a: Ting-Lu|73/100 brn|[from] brn
|upkeep
|turn|17
|
|t:|1743799494
|switch|p1a: Great Tusk|Great Tusk|94/100 tox
|move|p2a: Ting-Lu|Earthquake|p1a: Great Tusk
|-damage|p1a: Great Tusk|83/100 tox
|
|-damage|p1a: Great Tusk|77/100 tox|[from] psn
|-damage|p2a: Ting-Lu|67/100 brn|[from] brn
|upkeep
|turn|18
|
|t:|1743799499
|move|p2a: Ting-Lu|Protect|p2a: Ting-Lu
|-singleturn|p2a: Ting-Lu|Protect
|move|p1a: Great Tusk|Rapid Spin|p2a: Ting-Lu
|-activate|p2a: Ting-Lu|move: Protect
|
|-damage|p1a: Great Tusk|64/100 tox|[from] psn
|-damage|p2a: Ting-Lu|61/100 brn|[from] brn
|upkeep
|turn|19
|
|t:|1743799505
|move|p1a: Great Tusk|Rapid Spin|p2a: Ting-Lu
|-damage|p2a: Ting-Lu|52/100 brn
|-boost|p1a: Great Tusk|spe|1
|-sideend|p1: BeachLeak|Spikes|[from] move: Rapid Spin|[of] p1a: Great Tusk
|-sideend|p1: BeachLeak|Stealth Rock|[from] move: Rapid Spin|[of] p1a: Great Tusk
|move|p2a: Ting-Lu|Stealth Rock|p1a: Great Tusk
|-sidestart|p1: BeachLeak|move: Stealth Rock
|
|-damage|p1a: Great Tusk|46/100 tox|[from] psn
|-damage|p2a: Ting-Lu|46/100 brn|[from] brn
|upkeep
|turn|20
|
|t:|1743799514
|-end|p1a: Great Tusk|Protosynthesis|[silent]
|switch|p1a: Zapdos|Zapdos|100/100
|move|p2a: Ting-Lu|Protect||[still]
|-fail|p2a: Ting-Lu
|
|-damage|p2a: Ting-Lu|40/100 brn|[from] brn
|upkeep
|turn|21
|
|t:|1743799520
|move|p1a: Zapdos|Hurricane|p2a: Ting-Lu
|-damage|p2a: Ting-Lu|22/100 brn
|-start|p2a: Ting-Lu|confusion
|-activate|p2a: Ting-Lu|confusion
|move|p2a: Ting-Lu|Rest|p2a: Ting-Lu
|-status|p2a: Ting-Lu|slp|[from] move: Rest
|-heal|p2a: Ting-Lu|100/100 slp|[silent]
|
|upkeep
|turn|22
|
|t:|1743799532
|switch|p1a: Great Tusk|Great Tusk|46/100 tox
|switch|p2a: Gliscor|Gliscor, F|41/100 tox
|-damage|p2a: Gliscor|29/100 tox|[from] Stealth Rock
|
|-damage|p1a: Great Tusk|39/100 tox|[from] psn
|-heal|p2a: Gliscor|41/100 tox|[from] ability: Poison Heal
|upkeep
|turn|23
|
|t:|1743799536
|move|p2a: Gliscor|Protect|p2a: Gliscor
|-singleturn|p2a: Gliscor|Protect
|move|p1a: Great Tusk|Ice Spinner|p2a: Gliscor
|-activate|p2a: Gliscor|move: Protect
|
|-damage|p1a: Great Tusk|27/100 tox|[from] psn
|-heal|p2a: Gliscor|54/100 tox|[from] ability: Poison Heal
|upkeep
|turn|24
|
|t:|1743799548
|switch|p2a: Dondozo|Dondozo, F|74/100 slp
|move|p1a: Great Tusk|Ice Spinner|p2a: Dondozo
|-resisted|p2a: Dondozo
|-damage|p2a: Dondozo|69/100 slp
|
|-damage|p1a: Great Tusk|8/100 tox|[from] psn
|upkeep
|turn|25
|
|t:|1743799554
|move|p1a: Great Tusk|Rapid Spin|p2a: Dondozo
|-damage|p2a: Dondozo|62/100 slp
|-boost|p1a: Great Tusk|spe|1
|-sideend|p1: BeachLeak|Stealth Rock|[from] move: Rapid Spin|[of] p1a: Great Tusk
|cant|p2a: Dondozo|slp
|move|p2a: Dondozo|Sleep Talk|p2a: Dondozo
|move|p2a: Dondozo|Avalanche|p1a: Great Tusk|[from] move: Sleep Talk
|-supereffective|p1a: Great Tusk
|-damage|p1a: Great Tusk|0 fnt
|faint|p1a: Great Tusk
|-end|p1a: Great Tusk|Protosynthesis|[silent]
|
|upkeep
|
|t:|1743799564
|switch|p1a: Rillaboom|Rillaboom, F|66/100 tox
|-fieldstart|move: Grassy Terrain|[from] ability: Grassy Surge|[of] p1a: Rillaboom
|turn|26
|
|t:|1743799569
|switch|p2a: Amoonguss|Amoonguss, F|100/100
|move|p1a: Rillaboom|U-turn|p2a: Amoonguss
|-damage|p2a: Amoonguss|71/100
|
|t:|1743799572
|switch|p1a: Saifr|Arcanine-Hisui, M|99/100|[from] U-turn
|
|-heal|p1a: Saifr|100/100|[from] Grassy Terrain
|-heal|p2a: Amoonguss|77/100|[from] Grassy Terrain
|upkeep
|turn|27
|
|t:|1743799586
|switch|p2a: Ting-Lu|Ting-Lu|100/100 slp
|-ability|p2a: Ting-Lu|Vessel of Ruin
|move|p1a: Saifr|Flare Blitz|p2a: Ting-Lu
|-damage|p2a: Ting-Lu|71/100 slp
|
|-heal|p2a: Ting-Lu|77/100 slp|[from] Grassy Terrain
|upkeep
|turn|28
|
|t:|1743799592
|move|p1a: Saifr|Solar Beam||[still]
|-prepare|p1a: Saifr|Solar Beam
|cant|p2a: Ting-Lu|slp
|
|-heal|p2a: Ting-Lu|83/100 slp|[from] Grassy Terrain
|upkeep
|turn|29
|
|t:|1743799595
|move|p1a: Saifr|Solar Beam|p2a: Ting-Lu|[from] lockedmove
|-supereffective|p2a: Ting-Lu
|-damage|p2a: Ting-Lu|55/100 slp
|cant|p2a: Ting-Lu|slp
|
|-heal|p2a: Ting-Lu|61/100 slp|[from] Grassy Terrain
|upkeep
|turn|30
|
|t:|1743799603
|switch|p1a: Rillaboom|Rillaboom, F|66/100 tox
|-curestatus|p2a: Ting-Lu|slp|[msg]
|move|p2a: Ting-Lu|Stealth Rock|p1a: Rillaboom
|-sidestart|p1: BeachLeak|move: Stealth Rock
|
|-heal|p1a: Rillaboom|72/100 tox|[from] Grassy Terrain
|-heal|p2a: Ting-Lu|67/100|[from] Grassy Terrain
|-damage|p1a: Rillaboom|66/100 tox|[from] psn
|-fieldend|move: Grassy Terrain
|upkeep
|turn|31
|
|t:|1743799610
|move|p2a: Ting-Lu|Protect|p2a: Ting-Lu
|-singleturn|p2a: Ting-Lu|Protect
|move|p1a: Rillaboom|Knock Off|p2a: Ting-Lu
|-activate|p2a: Ting-Lu|move: Protect
|
|-damage|p1a: Rillaboom|53/100 tox|[from] psn
|upkeep
|turn|32
|-message|BeachLeak forfeited.
|
|win|STALLGOAT14
|raw|BeachLeak's rating: 1522 &rarr; <strong>1507</strong><br />(-15 for losing)
|raw|STALLGOAT14's rating: 1604 &rarr; <strong>1619</strong><br />(+15 for winning)
|l|☆BeachLeak
|player|p1|
|l|‽STALLGOAT14
|player|p2|
