|j|☆Yhvh777
|j|☆ihavedeeznuts
|t:|1743842724
|gametype|singles
|player|p1|Yhvh777|red|1179
|player|p2|ihavedeeznuts|emmet|1094
|teamsize|p1|6
|teamsize|p2|6
|gen|9
|tier|[Gen 9] OU
|rated|
|rule|HP Percentage Mod: HP is shown in percentages
|rule|Endless Battle Clause: Forcing endless battles is banned
|rule|Species Clause: Limit one of each Pokémon
|rule|OHKO Clause: OHKO moves are banned
|rule|Evasion Items Clause: Evasion items are banned
|rule|Evasion Moves Clause: Evasion moves are banned
|rule|Sleep Moves Clause: Sleep-inducing moves are banned
|clearpoke
|poke|p1|Zapdos-Galar|
|poke|p1|Spiritomb, M|
|poke|p1|Gholdengo|
|poke|p1|Gliscor, F|
|poke|p1|Meowscarada, F|
|poke|p1|Garganacl, F|
|poke|p2|Weavile, F|
|poke|p2|Typhlosion, M|
|poke|p2|Arboliva, M|
|poke|p2|Cloyster, F|
|poke|p2|Krookodile, M|
|poke|p2|Tauros-Paldea-Aqua, M|
|teampreview
|inactive|Battle timer is ON: inactive players will automatically lose when time's up. (requested by ihavedeeznuts)
|
|t:|1743842732
|start
|switch|p1a: Garganacl|Garganacl, F|100/100
|switch|p2a: Cloyster|Cloyster, F|100/100
|turn|1
|
|t:|1743842742
|move|p2a: Cloyster|Shell Smash|p2a: Cloyster
|-unboost|p2a: Cloyster|def|1
|-unboost|p2a: Cloyster|spd|1
|-boost|p2a: Cloyster|atk|2
|-boost|p2a: Cloyster|spa|2
|-boost|p2a: Cloyster|spe|2
|-enditem|p2a: Cloyster|White Herb
|-clearnegativeboost|p2a: Cloyster|[silent]
|move|p1a: Garganacl|Salt Cure|p2a: Cloyster
|-supereffective|p2a: Cloyster
|-damage|p2a: Cloyster|68/100
|-start|p2a: Cloyster|Salt Cure
|
|-damage|p2a: Cloyster|43/100|[from] Salt Cure
|upkeep
|turn|2
|inactive|Yhvh777 has 120 seconds left.
|
|t:|1743842774
|move|p2a: Cloyster|Smart Strike|p1a: Garganacl
|-supereffective|p1a: Garganacl
|-damage|p1a: Garganacl|48/100
|move|p1a: Garganacl|Body Press|p2a: Cloyster
|-supereffective|p2a: Cloyster
|-damage|p2a: Cloyster|0 fnt
|faint|p2a: Cloyster
|
|-heal|p1a: Garganacl|54/100|[from] item: Leftovers
|upkeep
|
|t:|1743842785
|switch|p2a: Tauros|Tauros-Paldea-Aqua, M|100/100
|-ability|p2a: Tauros|Intimidate|boost
|-fail|p1a: Garganacl|unboost|[from] ability: Clear Body|[of] p1a: Garganacl
|turn|3
|
|t:|1743842790
|move|p2a: Tauros|Bulk Up|p2a: Tauros
|-boost|p2a: Tauros|atk|1
|-boost|p2a: Tauros|def|1
|move|p1a: Garganacl|Salt Cure|p2a: Tauros
|-resisted|p2a: Tauros
|-damage|p2a: Tauros|93/100
|-start|p2a: Tauros|Salt Cure
|
|-heal|p1a: Garganacl|61/100|[from] item: Leftovers
|-damage|p2a: Tauros|68/100|[from] Salt Cure
|upkeep
|turn|4
|inactive|Yhvh777 has 120 seconds left.
|
|t:|1743842813
|switch|p1a: Zapdos|Zapdos-Galar|100/100
|move|p2a: Tauros|Raging Bull|p1a: Zapdos
|-damage|p1a: Zapdos|33/100
|
|-damage|p2a: Tauros|43/100|[from] Salt Cure
|upkeep
|turn|5
|inactive|Yhvh777 has 120 seconds left.
|
|t:|1743842829
|move|p2a: Tauros|Aqua Jet|p1a: Zapdos
|-damage|p1a: Zapdos|1/100
|move|p1a: Zapdos|Close Combat|p2a: Tauros
|-damage|p2a: Tauros|0 fnt
|-unboost|p1a: Zapdos|def|1
|-unboost|p1a: Zapdos|spd|1
|faint|p2a: Tauros
|
|upkeep
|
|t:|1743842836
|switch|p2a: Weavile|Weavile, F|100/100
|turn|6
|
|t:|1743842841
|move|p2a: Weavile|Ice Shard|p1a: Zapdos
|-supereffective|p1a: Zapdos
|-damage|p1a: Zapdos|0 fnt
|faint|p1a: Zapdos
|
|upkeep
|
|t:|1743842848
|switch|p1a: Spiritomb|Spiritomb, M|100/100
|-ability|p1a: Spiritomb|Pressure
|turn|7
|
|t:|1743842855
|move|p2a: Weavile|Swords Dance|p2a: Weavile
|-boost|p2a: Weavile|atk|2
|move|p1a: Spiritomb|Will-O-Wisp|p2a: Weavile
|-status|p2a: Weavile|brn
|
|-damage|p2a: Weavile|94/100 brn|[from] brn
|upkeep
|turn|8
|
|t:|1743842876
|switch|p1a: Meowscarada|Meowscarada, F|100/100
|move|p2a: Weavile|Swords Dance|p2a: Weavile
|-boost|p2a: Weavile|atk|2
|
|-damage|p2a: Weavile|88/100 brn|[from] brn
|upkeep
|turn|9
|inactive|Yhvh777 has 120 seconds left.
|
|t:|1743842901
|-terastallize|p1a: Meowscarada|Normal
|move|p1a: Meowscarada|Play Rough|p2a: Weavile
|-supereffective|p2a: Weavile
|-damage|p2a: Weavile|0 fnt
|faint|p2a: Weavile
|
|upkeep
|
|t:|1743842915
|switch|p2a: Arboliva|Arboliva, M|100/100
|turn|10
|inactive|Yhvh777 has 120 seconds left.
|
|t:|1743842930
|switch|p1a: Spiritomb|Spiritomb, M|100/100
|-ability|p1a: Spiritomb|Pressure
|move|p2a: Arboliva|Strength Sap|p1a: Spiritomb
|-unboost|p1a: Spiritomb|atk|1
|
|upkeep
|turn|11
|inactive|Yhvh777 has 120 seconds left.
|
|t:|1743842941
|switch|p2a: Typhlosion|Typhlosion, M|100/100
|move|p1a: Spiritomb|Will-O-Wisp|p2a: Typhlosion
|-start|p2a: Typhlosion|ability: Flash Fire
|
|upkeep
|turn|12
|inactive|Yhvh777 has 120 seconds left.
|
|t:|1743842950
|move|p2a: Typhlosion|Eruption|p1a: Spiritomb
|-damage|p1a: Spiritomb|0 fnt
|faint|p1a: Spiritomb
|
|upkeep
|inactive|Yhvh777 has 120 seconds left.
|
|t:|1743842956
|switch|p1a: Garganacl|Garganacl, F|61/100
|turn|13
|
|t:|1743842961
|move|p2a: Typhlosion|Eruption|p1a: Garganacl
|-resisted|p1a: Garganacl
|-damage|p1a: Garganacl|0 fnt
|faint|p1a: Garganacl
|
|upkeep
|
|t:|1743842968
|switch|p1a: Gliscor|Gliscor, F|100/100
|turn|14
|
|t:|1743842972
|move|p1a: Gliscor|Protect|p1a: Gliscor
|-singleturn|p1a: Gliscor|Protect
|move|p2a: Typhlosion|Eruption|p1a: Gliscor
|-activate|p1a: Gliscor|move: Protect
|
|-status|p1a: Gliscor|tox|[from] item: Toxic Orb
|upkeep
|turn|15
|
|t:|1743842983
|-terastallize|p2a: Typhlosion|Grass
|move|p2a: Typhlosion|Eruption|p1a: Gliscor
|-damage|p1a: Gliscor|0 fnt
|faint|p1a: Gliscor
|
|upkeep
|
|t:|1743842993
|switch|p1a: Gholdengo|Gholdengo|100/100
|turn|16
|
|t:|1743843003
|move|p2a: Typhlosion|Eruption|p1a: Gholdengo
|-supereffective|p1a: Gholdengo
|-damage|p1a: Gholdengo|0 fnt
|faint|p1a: Gholdengo
|
|upkeep
|
|t:|1743843009
|switch|p1a: Meowscarada|Meowscarada, F, tera:Normal|100/100
|turn|17
|
|t:|1743843019
|move|p1a: Meowscarada|Brick Break|p2a: Typhlosion
|-damage|p2a: Typhlosion|67/100
|move|p2a: Typhlosion|Eruption|p1a: Meowscarada
|-damage|p1a: Meowscarada|0 fnt
|faint|p1a: Meowscarada
|
|win|ihavedeeznuts
|raw|Yhvh777's rating: 1179 &rarr; <strong>1148</strong><br />(-31 for losing)
|raw|ihavedeeznuts's rating: 1094 &rarr; <strong>1126</strong><br />(+32 for winning)
|c|☆ihavedeeznuts|gg
|l|☆Yhvh777
|player|p1|
|l|☆ihavedeeznuts
|player|p2|
