|j|☆mansonabuluting
|j|☆2(H2O)
|t:|1743842627
|gametype|singles
|player|p1|mansonabuluting|169|1633
|player|p2|2(H2O)|chase|1849
|teamsize|p1|6
|teamsize|p2|6
|gen|9
|tier|[Gen 9] OU
|rated|
|rule|HP Percentage Mod: HP is shown in percentages
|rule|Endless Battle Clause: Forcing endless battles is banned
|rule|Species Clause: Limit one of each Pokémon
|rule|OHKO Clause: OHKO moves are banned
|rule|Evasion Items Clause: Evasion items are banned
|rule|Evasion Moves Clause: Evasion moves are banned
|rule|Sleep Moves Clause: Sleep-inducing moves are banned
|clearpoke
|poke|p1|Volcanion|
|poke|p1|Rillaboom, F|
|poke|p1|Hawlucha, F|
|poke|p1|Goodra-Hisui, F|
|poke|p1|Thundurus-Therian, M|
|poke|p1|Great Tusk|
|poke|p2|Cinderace, M|
|poke|p2|Kyurem|
|poke|p2|Kingambit, M|
|poke|p2|Darkrai|
|poke|p2|Alomomola, F|
|poke|p2|Iron Crown|
|teampreview
|c|☆2(H2O)|hey
|c|☆2(H2O)|hf bro
|inactive|Battle timer is ON: inactive players will automatically lose when time's up. (requested by 2(H2O))
|j| frindlebabbin
|inactive|mansonabuluting has 120 seconds left.
|
|t:|1743842688
|start
|switch|p1a: Thundurus|Thundurus-Therian, M|100/100
|switch|p2a: Kyurem|Kyurem|100/100
|-ability|p2a: Kyurem|Pressure
|turn|1
|c|☆mansonabuluting|u2
|
|t:|1743842715
|move|p1a: Thundurus|Volt Switch|p2a: Kyurem
|-resisted|p2a: Kyurem
|-damage|p2a: Kyurem|80/100
|
|t:|1743842719
|switch|p1a: Volcanion|Volcanion|100/100|[from] Volt Switch
|move|p2a: Kyurem|Dragon Dance|p2a: Kyurem
|-boost|p2a: Kyurem|atk|1
|-boost|p2a: Kyurem|spe|1
|
|upkeep
|turn|2
|
|t:|1743842736
|-terastallize|p2a: Kyurem|Ground
|move|p2a: Kyurem|Tera Blast|p1a: Volcanion|[anim] Tera Blast Ground
|-supereffective|p1a: Volcanion
|-damage|p1a: Volcanion|0 fnt
|faint|p1a: Volcanion
|
|upkeep
|
|t:|1743842741
|switch|p1a: Rillaboom|Rillaboom, F|100/100
|-fieldstart|move: Grassy Terrain|[from] ability: Grassy Surge|[of] p1a: Rillaboom
|turn|3
|
|t:|1743842745
|switch|p2a: Cinderace|Cinderace, M|100/100
|move|p1a: Rillaboom|Grassy Glide|p2a: Cinderace
|-resisted|p2a: Cinderace
|-crit|p2a: Cinderace
|-damage|p2a: Cinderace|40/100
|
|-heal|p2a: Cinderace|46/100|[from] Grassy Terrain
|upkeep
|turn|4
|
|t:|1743842754
|switch|p1a: Great Tusk|Great Tusk|100/100
|move|p2a: Cinderace|U-turn|p1a: Great Tusk
|-start|p2a: Cinderace|typechange|Bug|[from] ability: Libero
|-resisted|p1a: Great Tusk
|-damage|p1a: Great Tusk|92/100
|-damage|p2a: Cinderace|29/100|[from] item: Rocky Helmet|[of] p1a: Great Tusk
|j| 97tggo
|
|t:|1743842763
|switch|p2a: Iron Crown|Iron Crown|100/100|[from] U-turn
|
|-heal|p1a: Great Tusk|98/100|[from] Grassy Terrain
|upkeep
|turn|5
|
|t:|1743842769
|-end|p1a: Great Tusk|Protosynthesis|[silent]
|switch|p1a: Goodra|Goodra-Hisui, F|100/100
|move|p2a: Iron Crown|Future Sight|p1a: Goodra
|-start|p2a: Iron Crown|move: Future Sight
|
|upkeep
|turn|6
|
|t:|1743842775
|-end|p2a: Iron Crown|Quark Drive|[silent]
|switch|p2a: Kyurem|Kyurem, tera:Ground|80/100
|-ability|p2a: Kyurem|Pressure
|move|p1a: Goodra|Flamethrower|p2a: Kyurem
|-damage|p2a: Kyurem|53/100
|
|-heal|p2a: Kyurem|59/100|[from] Grassy Terrain
|upkeep
|turn|7
|
|t:|1743842788
|switch|p1a: Hawlucha|Hawlucha, F|100/100
|-enditem|p1a: Hawlucha|Grassy Seed
|-boost|p1a: Hawlucha|def|1|[from] item: Grassy Seed
|move|p2a: Kyurem|Tera Blast|p1a: Hawlucha|[anim] Tera Blast Ground
|-immune|p1a: Hawlucha
|
|-end|p1a: Hawlucha|move: Future Sight
|-supereffective|p1a: Hawlucha
|-damage|p1a: Hawlucha|0 fnt
|faint|p1a: Hawlucha
|-heal|p2a: Kyurem|65/100|[from] Grassy Terrain
|-fieldend|move: Grassy Terrain
|upkeep
|
|t:|1743842800
|switch|p1a: Rillaboom|Rillaboom, F|100/100
|-fieldstart|move: Grassy Terrain|[from] ability: Grassy Surge|[of] p1a: Rillaboom
|turn|8
|
|t:|1743842808
|switch|p2a: Iron Crown|Iron Crown|100/100
|move|p1a: Rillaboom|Knock Off|p2a: Iron Crown
|-supereffective|p2a: Iron Crown
|-damage|p2a: Iron Crown|0 fnt
|-enditem|p2a: Iron Crown|Assault Vest|[from] move: Knock Off|[of] p1a: Rillaboom
|faint|p2a: Iron Crown
|-end|p2a: Iron Crown|Quark Drive|[silent]
|
|upkeep
|
|t:|1743842812
|switch|p2a: Cinderace|Cinderace, M|29/100
|turn|9
|
|t:|1743842817
|switch|p1a: Great Tusk|Great Tusk|98/100
|move|p2a: Cinderace|Pyro Ball|p1a: Great Tusk
|-damage|p1a: Great Tusk|70/100
|
|-heal|p2a: Cinderace|35/100|[from] Grassy Terrain
|-heal|p1a: Great Tusk|77/100|[from] Grassy Terrain
|upkeep
|turn|10
|
|t:|1743842836
|move|p2a: Cinderace|Will-O-Wisp|p1a: Great Tusk
|-status|p1a: Great Tusk|brn
|move|p1a: Great Tusk|Headlong Rush|p2a: Cinderace
|-supereffective|p2a: Cinderace
|-damage|p2a: Cinderace|0 fnt
|-unboost|p1a: Great Tusk|def|1
|-unboost|p1a: Great Tusk|spd|1
|faint|p2a: Cinderace
|
|-heal|p1a: Great Tusk|83/100 brn|[from] Grassy Terrain
|-damage|p1a: Great Tusk|77/100 brn|[from] brn
|upkeep
|
|t:|1743842843
|switch|p2a: Kyurem|Kyurem, tera:Ground|65/100
|-ability|p2a: Kyurem|Pressure
|turn|11
|
|t:|1743842848
|move|p2a: Kyurem|Icicle Spear|p1a: Great Tusk
|-supereffective|p1a: Great Tusk
|-damage|p1a: Great Tusk|57/100 brn
|-supereffective|p1a: Great Tusk
|-damage|p1a: Great Tusk|35/100 brn
|-supereffective|p1a: Great Tusk
|-damage|p1a: Great Tusk|14/100 brn
|-supereffective|p1a: Great Tusk
|-crit|p1a: Great Tusk
|-damage|p1a: Great Tusk|0 fnt
|faint|p1a: Great Tusk
|-end|p1a: Great Tusk|Protosynthesis|[silent]
|-hitcount|p1: Great Tusk|4
|
|-heal|p2a: Kyurem|71/100|[from] Grassy Terrain
|upkeep
|
|t:|1743842857
|switch|p1a: Rillaboom|Rillaboom, F|100/100
|turn|12
|
|t:|1743842863
|move|p1a: Rillaboom|Grassy Glide|p2a: Kyurem
|-supereffective|p2a: Kyurem
|-damage|p2a: Kyurem|0 fnt
|faint|p2a: Kyurem
|
|-fieldend|move: Grassy Terrain
|upkeep
|
|t:|1743842867
|switch|p2a: Darkrai|Darkrai|100/100
|turn|13
|
|t:|1743842878
|switch|p1a: Thundurus|Thundurus-Therian, M|100/100
|move|p2a: Darkrai|Focus Blast|p1a: Thundurus|[miss]
|-miss|p2a: Darkrai|p1a: Thundurus
|
|upkeep
|turn|14
|
|t:|1743842889
|switch|p2a: Alomomola|Alomomola, F|100/100
|move|p1a: Thundurus|Volt Switch|p2a: Alomomola
|-supereffective|p2a: Alomomola
|-damage|p2a: Alomomola|56/100
|
|t:|1743842892
|switch|p1a: Rillaboom|Rillaboom, F|100/100|[from] Volt Switch
|-fieldstart|move: Grassy Terrain|[from] ability: Grassy Surge|[of] p1a: Rillaboom
|
|-heal|p2a: Alomomola|62/100|[from] Grassy Terrain
|upkeep
|turn|15
|
|t:|1743842899
|move|p1a: Rillaboom|U-turn|p2a: Alomomola
|-damage|p2a: Alomomola|35/100
|
|t:|1743842902
|switch|p1a: Thundurus|Thundurus-Therian, M|100/100|[from] U-turn
|move|p2a: Alomomola|Flip Turn|p1a: Thundurus
|-damage|p1a: Thundurus|75/100
|
|t:|1743842907
|switch|p2a: Darkrai|Darkrai|100/100|[from] Flip Turn
|
|upkeep
|turn|16
|
|t:|1743842916
|move|p1a: Thundurus|Volt Switch|p2a: Darkrai
|-crit|p2a: Darkrai
|-damage|p2a: Darkrai|16/100
|
|t:|1743842920
|switch|p1a: Rillaboom|Rillaboom, F|100/100|[from] Volt Switch
|move|p2a: Darkrai|Dark Pulse|p1a: Rillaboom
|-damage|p1a: Rillaboom|29/100
|
|-heal|p2a: Darkrai|22/100|[from] Grassy Terrain
|-heal|p1a: Rillaboom|35/100|[from] Grassy Terrain
|upkeep
|turn|17
|
|t:|1743842926
|switch|p2a: Kingambit|Kingambit, M|100/100
|-activate|p2a: Kingambit|ability: Supreme Overlord
|-start|p2a: Kingambit|fallen3|[silent]
|move|p1a: Rillaboom|Grassy Glide|p2a: Kingambit
|-resisted|p2a: Kingambit
|-damage|p2a: Kingambit|75/100
|
|-heal|p1a: Rillaboom|41/100|[from] Grassy Terrain
|-heal|p2a: Kingambit|81/100|[from] Grassy Terrain
|upkeep
|turn|18
|
|t:|1743842932
|switch|p1a: Goodra|Goodra-Hisui, F|100/100
|move|p2a: Kingambit|Kowtow Cleave|p1a: Goodra
|-damage|p1a: Goodra|28/100
|-ability|p1a: Goodra|Gooey
|-unboost|p2a: Kingambit|spe|1
|
|-heal|p1a: Goodra|34/100|[from] Grassy Terrain
|-heal|p2a: Kingambit|87/100|[from] Grassy Terrain
|-fieldend|move: Grassy Terrain
|upkeep
|turn|19
|
|t:|1743842938
|-end|p2a: Kingambit|fallen3|[silent]
|switch|p2a: Alomomola|Alomomola, F|68/100
|move|p1a: Goodra|Flamethrower|p2a: Alomomola
|-resisted|p2a: Alomomola
|-damage|p2a: Alomomola|61/100
|
|upkeep
|turn|20
|
|t:|1743842945
|switch|p1a: Thundurus|Thundurus-Therian, M|75/100
|move|p2a: Alomomola|Mirror Coat||[still]
|-fail|p2a: Alomomola
|
|upkeep
|turn|21
|
|t:|1743842952
|move|p1a: Thundurus|Thunder Wave|p2a: Alomomola
|-status|p2a: Alomomola|par
|cant|p2a: Alomomola|par
|
|upkeep
|turn|22
|
|t:|1743842957
|switch|p1a: Rillaboom|Rillaboom, F|41/100
|-fieldstart|move: Grassy Terrain|[from] ability: Grassy Surge|[of] p1a: Rillaboom
|cant|p2a: Alomomola|par
|
|-heal|p1a: Rillaboom|47/100|[from] Grassy Terrain
|-heal|p2a: Alomomola|67/100 par|[from] Grassy Terrain
|upkeep
|turn|23
|
|t:|1743842965
|move|p1a: Rillaboom|U-turn|p2a: Alomomola
|-damage|p2a: Alomomola|43/100 par
|
|t:|1743842969
|switch|p1a: Goodra|Goodra-Hisui, F|34/100|[from] U-turn
|move|p2a: Alomomola|Flip Turn|p1a: Goodra
|-resisted|p1a: Goodra
|-damage|p1a: Goodra|27/100
|-ability|p1a: Goodra|Gooey
|-unboost|p2a: Alomomola|spe|1
|
|t:|1743842978
|switch|p2a: Kingambit|Kingambit, M|87/100|[from] Flip Turn
|-activate|p2a: Kingambit|ability: Supreme Overlord
|-start|p2a: Kingambit|fallen3|[silent]
|
|-heal|p2a: Kingambit|93/100|[from] Grassy Terrain
|-heal|p1a: Goodra|33/100|[from] Grassy Terrain
|upkeep
|turn|24
|
|t:|1743842988
|move|p2a: Kingambit|Sucker Punch|p1a: Goodra
|-damage|p1a: Goodra|0 fnt
|-ability|p1a: Goodra|Gooey
|-unboost|p2a: Kingambit|spe|1
|faint|p1a: Goodra
|
|-heal|p2a: Kingambit|99/100|[from] Grassy Terrain
|upkeep
|
|t:|1743842992
|switch|p1a: Thundurus|Thundurus-Therian, M|75/100
|turn|25
|
|t:|1743843001
|-end|p2a: Kingambit|fallen3|[silent]
|switch|p2a: Alomomola|Alomomola, F|76/100 par
|move|p1a: Thundurus|Volt Switch|p2a: Alomomola
|-supereffective|p2a: Alomomola
|-damage|p2a: Alomomola|29/100 par
|
|t:|1743843005
|switch|p1a: Rillaboom|Rillaboom, F|47/100|[from] Volt Switch
|
|-heal|p1a: Rillaboom|54/100|[from] Grassy Terrain
|-heal|p2a: Alomomola|35/100 par|[from] Grassy Terrain
|upkeep
|turn|26
|
|t:|1743843015
|move|p1a: Rillaboom|Wood Hammer|p2a: Alomomola
|-supereffective|p2a: Alomomola
|-crit|p2a: Alomomola
|-damage|p2a: Alomomola|0 fnt
|faint|p2a: Alomomola
|-damage|p1a: Rillaboom|40/100|[from] Recoil
|
|-heal|p1a: Rillaboom|46/100|[from] Grassy Terrain
|-fieldend|move: Grassy Terrain
|upkeep
|
|t:|1743843018
|switch|p2a: Darkrai|Darkrai|22/100
|turn|27
|
|t:|1743843023
|switch|p1a: Thundurus|Thundurus-Therian, M|75/100
|move|p2a: Darkrai|Ice Beam|p1a: Thundurus
|-supereffective|p1a: Thundurus
|-damage|p1a: Thundurus|0 fnt
|faint|p1a: Thundurus
|
|upkeep
|
|t:|1743843026
|switch|p1a: Rillaboom|Rillaboom, F|46/100
|-fieldstart|move: Grassy Terrain|[from] ability: Grassy Surge|[of] p1a: Rillaboom
|turn|28
|
|t:|1743843033
|-terastallize|p1a: Rillaboom|Grass
|move|p1a: Rillaboom|Grassy Glide|p2a: Darkrai
|-damage|p2a: Darkrai|0 fnt
|faint|p2a: Darkrai
|
|-heal|p1a: Rillaboom|53/100|[from] Grassy Terrain
|upkeep
|
|t:|1743843037
|switch|p2a: Kingambit|Kingambit, M|99/100
|-activate|p2a: Kingambit|ability: Supreme Overlord
|-start|p2a: Kingambit|fallen5|[silent]
|turn|29
|c|☆2(H2O)|gg
|
|t:|1743843043
|move|p1a: Rillaboom|Grassy Glide|p2a: Kingambit
|-resisted|p2a: Kingambit
|-damage|p2a: Kingambit|67/100
|move|p2a: Kingambit|Kowtow Cleave|p1a: Rillaboom
|-damage|p1a: Rillaboom|0 fnt
|faint|p1a: Rillaboom
|
|win|2(H2O)
|raw|mansonabuluting's rating: 1633 &rarr; <strong>1624</strong><br />(-9 for losing)
|raw|2(H2O)'s rating: 1849 &rarr; <strong>1858</strong><br />(+9 for winning)
|l|☆mansonabuluting
|player|p1|
