|j|☆Itkenreiza
|j|☆mamabama
|t:|1743923938
|gametype|singles
|player|p1|Itkenreiza|169|1425
|player|p2|mamabama|brycenman|1502
|teamsize|p1|6
|teamsize|p2|6
|gen|9
|tier|[Gen 9] OU
|rated|
|rule|HP Percentage Mod: HP is shown in percentages
|rule|Endless Battle Clause: Forcing endless battles is banned
|rule|Species Clause: Limit one of each Pokémon
|rule|OHKO Clause: OHKO moves are banned
|rule|Evasion Items Clause: Evasion items are banned
|rule|Evasion Moves Clause: Evasion moves are banned
|rule|Sleep Moves Clause: Sleep-inducing moves are banned
|clearpoke
|poke|p1|Cinderace, F|
|poke|p1|Enamorus, F|
|poke|p1|Ogerpon-Wellspring, F|
|poke|p1|Basculegion, M|
|poke|p1|Zapdos-Galar|
|poke|p1|Politoed, M|
|poke|p2|Cinderace, M|
|poke|p2|Meowscarada, F|
|poke|p2|Magnezone|
|poke|p2|Sandy Shocks|
|poke|p2|Gliscor, M|
|poke|p2|Slowking-Galar, F|
|teampreview
|inactive|Battle timer is ON: inactive players will automatically lose when time's up. (requested by Itkenreiza)
|
|t:|1743923954
|start
|switch|p1a: Zapdos|Zapdos-Galar|100/100
|switch|p2a: Queen|Slowking-Galar, F|100/100
|turn|1
|
|t:|1743923959
|move|p1a: Zapdos|U-turn|p2a: Queen
|-damage|p2a: Queen|71/100
|
|t:|1743923965
|switch|p1a: Cinderace|Cinderace, F|100/100|[from] U-turn
|-prepare|p2a: Queen|Chilly Reception|[premajor]
|move|p2a: Queen|Chilly Reception|p2a: Queen
|-weather|Snowscape
|
|t:|1743923970
|switch|p2a: FerroShocks|Sandy Shocks|100/100|[from] Chilly Reception
|
|-weather|Snowscape|[upkeep]
|upkeep
|turn|2
|
|t:|1743923977
|move|p2a: FerroShocks|Volt Switch|p1a: Cinderace
|-damage|p1a: Cinderace|44/100
|
|t:|1743923981
|-end|p2a: FerroShocks|Protosynthesis|[silent]
|switch|p2a: Furry|Cinderace, M|100/100|[from] Volt Switch
|move|p1a: Cinderace|Weather Ball|p2a: Furry
|-start|p1a: Cinderace|typechange|Ice|[from] ability: Libero
|-resisted|p2a: Furry
|-damage|p2a: Furry|82/100
|
|-weather|Snowscape|[upkeep]
|upkeep
|turn|3
|
|t:|1743923987
|switch|p1a: Politoed|Politoed, M|100/100
|-weather|RainDance|[from] ability: Drizzle|[of] p1a: Politoed
|move|p2a: Furry|U-turn|p1a: Politoed
|-start|p2a: Furry|typechange|Bug|[from] ability: Libero
|-damage|p1a: Politoed|63/100
|
|t:|1743923990
|switch|p2a: Queen|Slowking-Galar, F|100/100|[from] U-turn
|
|-weather|RainDance|[upkeep]
|upkeep
|turn|4
|
|t:|1743923994
|move|p1a: Politoed|Hydro Pump|p2a: Queen
|-damage|p2a: Queen|61/100
|-prepare|p2a: Queen|Chilly Reception|[premajor]
|move|p2a: Queen|Chilly Reception|p2a: Queen
|-weather|Snowscape
|
|t:|1743924002
|switch|p2a: FerroShocks|Sandy Shocks|100/100|[from] Chilly Reception
|
|-weather|Snowscape|[upkeep]
|upkeep
|turn|5
|
|t:|1743924011
|switch|p1a: Cinderace|Cinderace, F|44/100
|move|p2a: FerroShocks|Volt Switch|p1a: Cinderace
|-damage|p1a: Cinderace|0 fnt
|faint|p1a: Cinderace
|
|t:|1743924017
|-end|p2a: FerroShocks|Protosynthesis|[silent]
|switch|p2a: Queen|Slowking-Galar, F|95/100|[from] Volt Switch
|
|-weather|Snowscape|[upkeep]
|-heal|p2a: Queen|100/100|[from] item: Leftovers
|upkeep
|
|t:|1743924020
|switch|p1a: Zapdos|Zapdos-Galar|100/100
|turn|6
|
|t:|1743924022
|move|p1a: Zapdos|Knock Off|p2a: Queen
|-supereffective|p2a: Queen
|-damage|p2a: Queen|31/100
|-enditem|p2a: Queen|Leftovers|[from] move: Knock Off|[of] p1a: Zapdos
|-prepare|p2a: Queen|Chilly Reception|[premajor]
|move|p2a: Queen|Chilly Reception|p2a: Queen
|
|t:|1743924027
|switch|p2a: FerroShocks|Sandy Shocks|100/100|[from] Chilly Reception
|
|-weather|Snowscape|[upkeep]
|upkeep
|turn|7
|
|t:|1743924030
|move|p2a: FerroShocks|Volt Switch|p1a: Zapdos
|-supereffective|p1a: Zapdos
|-damage|p1a: Zapdos|22/100
|
|t:|1743924039
|-end|p2a: FerroShocks|Protosynthesis|[silent]
|switch|p2a: Gli Gli|Gliscor, M|100/100|[from] Volt Switch
|move|p1a: Zapdos|Knock Off|p2a: Gli Gli
|-damage|p2a: Gli Gli|79/100
|-enditem|p2a: Gli Gli|Toxic Orb|[from] move: Knock Off|[of] p1a: Zapdos
|
|-weather|Snowscape|[upkeep]
|upkeep
|turn|8
|
|t:|1743924042
|switch|p1a: Politoed|Politoed, M|63/100
|-weather|RainDance|[from] ability: Drizzle|[of] p1a: Politoed
|move|p2a: Gli Gli|U-turn|p1a: Politoed
|-damage|p1a: Politoed|47/100
|
|t:|1743924044
|switch|p2a: Queen|Slowking-Galar, F|65/100|[from] U-turn
|
|-weather|RainDance|[upkeep]
|upkeep
|turn|9
|
|t:|1743924054
|move|p1a: Politoed|Hydro Pump|p2a: Queen
|-damage|p2a: Queen|23/100
|-prepare|p2a: Queen|Chilly Reception|[premajor]
|move|p2a: Queen|Chilly Reception|p2a: Queen
|-weather|Snowscape
|
|t:|1743924057
|switch|p2a: FerroShocks|Sandy Shocks|100/100|[from] Chilly Reception
|
|-weather|Snowscape|[upkeep]
|upkeep
|turn|10
|
|t:|1743924067
|switch|p1a: Zapdos|Zapdos-Galar|22/100
|move|p2a: FerroShocks|Volt Switch|p1a: Zapdos
|-supereffective|p1a: Zapdos
|-damage|p1a: Zapdos|0 fnt
|faint|p1a: Zapdos
|
|t:|1743924073
|-end|p2a: FerroShocks|Protosynthesis|[silent]
|switch|p2a: Queen|Slowking-Galar, F|56/100|[from] Volt Switch
|
|-weather|Snowscape|[upkeep]
|upkeep
|
|t:|1743924083
|switch|p1a: Basculegion|Basculegion, M|100/100
|turn|11
|
|t:|1743924088
|switch|p2a: Furry 2.0|Meowscarada, F|100/100
|move|p1a: Basculegion|Wave Crash|p2a: Furry 2.0
|-resisted|p2a: Furry 2.0
|-damage|p2a: Furry 2.0|34/100
|-damage|p1a: Basculegion|84/100|[from] Recoil
|
|-weather|Snowscape|[upkeep]
|upkeep
|turn|12
|
|t:|1743924096
|switch|p1a: Politoed|Politoed, M|47/100
|-weather|RainDance|[from] ability: Drizzle|[of] p1a: Politoed
|move|p2a: Furry 2.0|U-turn|p1a: Politoed
|-start|p2a: Furry 2.0|typechange|Bug|[from] ability: Protean
|-damage|p1a: Politoed|10/100
|
|t:|1743924099
|switch|p2a: Queen|Slowking-Galar, F|89/100|[from] U-turn
|
|-weather|RainDance|[upkeep]
|upkeep
|turn|13
|
|t:|1743924106
|switch|p1a: Enamorus|Enamorus, F|100/100
|-prepare|p2a: Queen|Chilly Reception|[premajor]
|move|p2a: Queen|Chilly Reception|p2a: Queen
|-weather|Snowscape
|
|t:|1743924118
|switch|p2a: Furry|Cinderace, M|82/100|[from] Chilly Reception
|
|-weather|Snowscape|[upkeep]
|upkeep
|turn|14
|
|t:|1743924124
|move|p2a: Furry|U-turn|p1a: Enamorus
|-start|p2a: Furry|typechange|Bug|[from] ability: Libero
|-resisted|p1a: Enamorus
|-damage|p1a: Enamorus|87/100
|
|t:|1743924127
|switch|p2a: Gli Gli|Gliscor, M|79/100|[from] U-turn
|move|p1a: Enamorus|Earth Power|p2a: Gli Gli
|-immune|p2a: Gli Gli
|
|-weather|Snowscape|[upkeep]
|upkeep
|turn|15
|
|t:|1743924130
|move|p1a: Enamorus|Weather Ball|p2a: Gli Gli
|-supereffective|p2a: Gli Gli
|-damage|p2a: Gli Gli|0 fnt
|faint|p2a: Gli Gli
|
|-weather|Snowscape|[upkeep]
|upkeep
|
|t:|1743924137
|switch|p2a: Queen|Slowking-Galar, F|100/100
|turn|16
|
|t:|1743924141
|-terastallize|p1a: Enamorus|Ground
|move|p1a: Enamorus|Earth Power|p2a: Queen
|-supereffective|p2a: Queen
|-damage|p2a: Queen|43/100
|move|p2a: Queen|Future Sight|p1a: Enamorus
|-start|p2a: Queen|move: Future Sight
|
|-weather|Snowscape|[upkeep]
|upkeep
|turn|17
|
|t:|1743924157
|switch|p2a: Furry 2.0|Meowscarada, F|34/100
|move|p1a: Enamorus|Earth Power|p2a: Furry 2.0
|-resisted|p2a: Furry 2.0
|-damage|p2a: Furry 2.0|1/100
|-unboost|p2a: Furry 2.0|spd|1
|
|-weather|none
|upkeep
|turn|18
|
|t:|1743924173
|switch|p1a: Politoed|Politoed, M|10/100
|-weather|RainDance|[from] ability: Drizzle|[of] p1a: Politoed
|move|p2a: Furry 2.0|Flower Trick|p1a: Politoed
|-start|p2a: Furry 2.0|typechange|Grass|[from] ability: Protean
|-supereffective|p1a: Politoed
|-crit|p1a: Politoed
|-damage|p1a: Politoed|0 fnt
|faint|p1a: Politoed
|
|-weather|RainDance|[upkeep]
|-hint|Future Sight did not hit because the target is fainted.
|upkeep
|
|t:|1743924177
|switch|p1a: Basculegion|Basculegion, M|84/100
|turn|19
|
|t:|1743924179
|move|p2a: Furry 2.0|Flower Trick|p1a: Basculegion
|-supereffective|p1a: Basculegion
|-crit|p1a: Basculegion
|-damage|p1a: Basculegion|0 fnt
|faint|p1a: Basculegion
|
|-weather|RainDance|[upkeep]
|upkeep
|
|t:|1743924184
|switch|p1a: Ogerpon|Ogerpon-Wellspring, F|100/100
|turn|20
|
|t:|1743924187
|move|p2a: Furry 2.0|Flower Trick|p1a: Ogerpon
|-crit|p1a: Ogerpon
|-damage|p1a: Ogerpon|42/100
|move|p1a: Ogerpon|Ivy Cudgel|p2a: Furry 2.0|[anim] Ivy Cudgel Water
|-resisted|p2a: Furry 2.0
|-damage|p2a: Furry 2.0|0 fnt
|faint|p2a: Furry 2.0
|
|-weather|RainDance|[upkeep]
|upkeep
|
|t:|1743924191
|switch|p2a: Furry|Cinderace, M|82/100
|turn|21
|
|t:|1743924194
|move|p2a: Furry|U-turn|p1a: Ogerpon
|-start|p2a: Furry|typechange|Bug|[from] ability: Libero
|-supereffective|p1a: Ogerpon
|-damage|p1a: Ogerpon|0 fnt
|faint|p1a: Ogerpon
|
|t:|1743924198
|switch|p2a: FerroShocks|Sandy Shocks|100/100|[from] U-turn
|
|-weather|RainDance|[upkeep]
|upkeep
|
|t:|1743924200
|switch|p1a: Enamorus|Enamorus, F, tera:Ground|87/100
|turn|22
|
|t:|1743924209
|-terastallize|p2a: FerroShocks|Ice
|move|p2a: FerroShocks|Tera Blast|p1a: Enamorus|[anim] Tera Blast Ice
|-supereffective|p1a: Enamorus
|-damage|p1a: Enamorus|27/100
|move|p1a: Enamorus|Earth Power|p2a: FerroShocks
|-damage|p2a: FerroShocks|47/100
|
|-weather|RainDance|[upkeep]
|upkeep
|turn|23
|
|t:|1743924216
|move|p2a: FerroShocks|Tera Blast|p1a: Enamorus|[anim] Tera Blast Ice
|-supereffective|p1a: Enamorus
|-damage|p1a: Enamorus|0 fnt
|faint|p1a: Enamorus
|
|win|mamabama
|raw|Itkenreiza's rating: 1425 &rarr; <strong>1409</strong><br />(-16 for losing)
|raw|mamabama's rating: 1502 &rarr; <strong>1518</strong><br />(+16 for winning)
|l|☆Itkenreiza
|player|p1|
