|j|☆manko17
|j|☆Celest107
|t:|1743917375
|gametype|singles
|player|p1|manko17|giovanni-gen1|1397
|player|p2|Celest107|miku-fire|1372
|teamsize|p1|6
|teamsize|p2|6
|gen|9
|tier|[Gen 9] OU
|rated|
|rule|HP Percentage Mod: HP is shown in percentages
|rule|Endless Battle Clause: Forcing endless battles is banned
|rule|Species Clause: Limit one of each Pokémon
|rule|OHKO Clause: OHKO moves are banned
|rule|Evasion Items Clause: Evasion items are banned
|rule|Evasion Moves Clause: Evasion moves are banned
|rule|Sleep Moves Clause: Sleep-inducing moves are banned
|clearpoke
|poke|p1|Ting-Lu|
|poke|p1|Gliscor, F|
|poke|p1|Sinistcha|
|poke|p1|Dragonite, M|
|poke|p1|Tinkaton, F|
|poke|p1|Keldeo|
|poke|p2|Ursaluna, F|
|poke|p2|Mimikyu, F|
|poke|p2|Cresselia, F|
|poke|p2|Enamorus-Therian, F|
|poke|p2|Hatterene, F|
|poke|p2|Hoopa-Unbound|
|teampreview
|
|t:|1743917427
|start
|switch|p1a: Ting-Lu|Ting-Lu|100/100
|switch|p2a: Mimikyu|Mimikyu, F|100/100
|-ability|p1a: Ting-Lu|Vessel of Ruin
|turn|1
|
|t:|1743917433
|move|p2a: Mimikyu|Taunt|p1a: Ting-Lu
|-start|p1a: Ting-Lu|move: Taunt
|cant|p1a: Ting-Lu|move: Taunt|Spikes
|
|upkeep
|turn|2
|
|t:|1743917445
|move|p1a: Ting-Lu|Earthquake|p2a: Mimikyu
|-activate|p2a: Mimikyu|ability: Disguise
|-damage|p2a: Mimikyu|100/100
|detailschange|p2a: Mimikyu|Mimikyu-Busted, F
|-damage|p2a: Mimikyu|88/100|[from] pokemon: Mimikyu-Busted
|-enditem|p2a: Mimikyu|Red Card|[of] p1a: Ting-Lu
|drag|p1a: Sinistcha|Sinistcha|100/100
|move|p2a: Mimikyu|Trick Room|p2a: Mimikyu
|-fieldstart|move: Trick Room|[of] p2a: Mimikyu
|
|upkeep
|turn|3
|
|t:|1743917466
|move|p2a: Mimikyu|Curse|p1a: Sinistcha
|-start|p1a: Sinistcha|Curse|[of] p2a: Mimikyu
|-damage|p2a: Mimikyu|38/100
|move|p1a: Sinistcha|Shadow Ball|p2a: Mimikyu
|-supereffective|p2a: Mimikyu
|-damage|p2a: Mimikyu|0 fnt
|faint|p2a: Mimikyu
|
|-damage|p1a: Sinistcha|76/100|[from] Curse
|upkeep
|
|t:|1743917470
|switch|p2a: Enamorus|Enamorus-Therian, F|100/100
|turn|4
|
|t:|1743917482
|switch|p1a: Tinkaton|Tinkaton, F|100/100
|-ability|p1a: Tinkaton|Mold Breaker
|-item|p1a: Tinkaton|Air Balloon
|-terastallize|p2a: Enamorus|Fairy
|move|p2a: Enamorus|Moonblast|p1a: Tinkaton
|-resisted|p1a: Tinkaton
|-damage|p1a: Tinkaton|51/100
|-enditem|p1a: Tinkaton|Air Balloon
|
|upkeep
|turn|5
|
|t:|1743917494
|switch|p2a: Ursaluna|Ursaluna, F|100/100
|move|p1a: Tinkaton|Gigaton Hammer|p2a: Ursaluna
|-damage|p2a: Ursaluna|69/100
|
|-status|p2a: Ursaluna|brn|[from] item: Flame Orb
|upkeep
|turn|6
|
|t:|1743917498
|move|p2a: Ursaluna|Facade|p1a: Tinkaton
|-resisted|p1a: Tinkaton
|-damage|p1a: Tinkaton|0 fnt
|faint|p1a: Tinkaton
|
|-damage|p2a: Ursaluna|63/100 brn|[from] brn
|-fieldend|move: Trick Room
|upkeep
|
|t:|1743917505
|switch|p1a: Keldeo|Keldeo|100/100
|turn|7
|
|t:|1743917546
|switch|p2a: Cresselia|Cresselia, F|100/100
|move|p1a: Keldeo|Surf|p2a: Cresselia
|-damage|p2a: Cresselia|70/100
|
|upkeep
|turn|8
|
|t:|1743917556
|move|p1a: Keldeo|Surf|p2a: Cresselia
|-damage|p2a: Cresselia|38/100
|move|p2a: Cresselia|Trick Room|p2a: Cresselia
|-fieldstart|move: Trick Room|[of] p2a: Cresselia
|
|upkeep
|turn|9
|
|t:|1743917570
|switch|p1a: Ting-Lu|Ting-Lu|100/100
|-ability|p1a: Ting-Lu|Vessel of Ruin
|move|p2a: Cresselia|Lunar Dance|p2a: Cresselia
|faint|p2a: Cresselia
|
|upkeep
|
|t:|1743917573
|switch|p2a: Enamorus|Enamorus-Therian, F, tera:Fairy|100/100
|-heal|p2a: Enamorus|100/100|[from] move: Lunar Dance
|turn|10
|
|t:|1743917599
|move|p2a: Enamorus|Moonblast|p1a: Ting-Lu
|-supereffective|p1a: Ting-Lu
|-damage|p1a: Ting-Lu|6/100
|move|p1a: Ting-Lu|Spikes|p2a: Enamorus
|-sidestart|p2: Celest107|Spikes
|
|-heal|p1a: Ting-Lu|12/100|[from] item: Leftovers
|upkeep
|turn|11
|
|t:|1743917608
|move|p2a: Enamorus|Moonblast|p1a: Ting-Lu
|-supereffective|p1a: Ting-Lu
|-damage|p1a: Ting-Lu|0 fnt
|faint|p1a: Ting-Lu
|
|upkeep
|
|t:|1743917617
|switch|p1a: Sinistcha|Sinistcha|76/100
|turn|12
|
|t:|1743917629
|move|p2a: Enamorus|Moonblast|p1a: Sinistcha
|-crit|p1a: Sinistcha
|-damage|p1a: Sinistcha|0 fnt
|faint|p1a: Sinistcha
|
|-fieldend|move: Trick Room
|upkeep
|
|t:|1743917638
|switch|p1a: Gliscor|Gliscor, F|100/100
|turn|13
|
|t:|1743917645
|move|p1a: Gliscor|Protect|p1a: Gliscor
|-singleturn|p1a: Gliscor|Protect
|move|p2a: Enamorus|Moonblast|p1a: Gliscor
|-activate|p1a: Gliscor|move: Protect
|
|-status|p1a: Gliscor|tox|[from] item: Toxic Orb
|upkeep
|turn|14
|
|t:|1743917653
|move|p1a: Gliscor|Swords Dance|p1a: Gliscor
|-boost|p1a: Gliscor|atk|2
|move|p2a: Enamorus|Moonblast|p1a: Gliscor
|-damage|p1a: Gliscor|0 fnt
|faint|p1a: Gliscor
|
|upkeep
|
|t:|1743917659
|switch|p1a: Keldeo|Keldeo|100/100
|turn|15
|
|t:|1743917663
|move|p1a: Keldeo|Surf|p2a: Enamorus
|-damage|p2a: Enamorus|52/100
|move|p2a: Enamorus|Moonblast|p1a: Keldeo
|-supereffective|p1a: Keldeo
|-damage|p1a: Keldeo|0 fnt
|faint|p1a: Keldeo
|
|upkeep
|
|t:|1743917693
|switch|p1a: Dragonite|Dragonite, M|100/100
|turn|16
|
|t:|1743917706
|switch|p2a: Ursaluna|Ursaluna, F|63/100 brn
|-damage|p2a: Ursaluna|51/100 brn|[from] Spikes
|move|p1a: Dragonite|Extreme Speed|p2a: Ursaluna
|-damage|p2a: Ursaluna|31/100 brn
|
|-damage|p2a: Ursaluna|24/100 brn|[from] brn
|upkeep
|turn|17
|
|t:|1743917716
|move|p1a: Dragonite|Earthquake|p2a: Ursaluna
|-damage|p2a: Ursaluna|0 fnt
|faint|p2a: Ursaluna
|
|upkeep
|
|t:|1743917729
|switch|p2a: Hatterene|Hatterene, F|100/100
|-damage|p2a: Hatterene|88/100|[from] Spikes
|turn|18
|
|t:|1743917732
|move|p1a: Dragonite|Earthquake|p2a: Hatterene
|-damage|p2a: Hatterene|56/100
|move|p2a: Hatterene|Trick Room|p2a: Hatterene
|-fieldstart|move: Trick Room|[of] p2a: Hatterene
|
|upkeep
|turn|19
|
|t:|1743917743
|move|p1a: Dragonite|Extreme Speed|p2a: Hatterene
|-damage|p2a: Hatterene|31/100
|move|p2a: Hatterene|Healing Wish|p2a: Hatterene
|faint|p2a: Hatterene
|
|upkeep
|
|t:|1743917745
|switch|p2a: Enamorus|Enamorus-Therian, F, tera:Fairy|52/100
|-heal|p2a: Enamorus|100/100|[from] move: Healing Wish
|-damage|p2a: Enamorus|88/100|[from] Spikes
|turn|20
|
|t:|1743917751
|move|p1a: Dragonite|Extreme Speed|p2a: Enamorus
|-damage|p2a: Enamorus|60/100
|move|p2a: Enamorus|Moonblast|p1a: Dragonite
|-supereffective|p1a: Dragonite
|-damage|p1a: Dragonite|0 fnt
|faint|p1a: Dragonite
|
|win|Celest107
|raw|manko17's rating: 1397 &rarr; <strong>1374</strong><br />(-23 for losing)
|raw|Celest107's rating: 1353 &rarr; <strong>1376</strong><br />(+23 for winning)
|l|☆manko17
|player|p1|
|l|☆Celest107
|player|p2|
