|j|☆berk.de
|j|☆gospel88
|t:|1743889810
|gametype|singles
|player|p1|berk.de|caitlin|1195
|player|p2|gospel88|acetrainer-gen4dp|1158
|teamsize|p1|6
|teamsize|p2|6
|gen|9
|tier|[Gen 9] OU
|rated|
|rule|HP Percentage Mod: HP is shown in percentages
|rule|Endless Battle Clause: Forcing endless battles is banned
|rule|Species Clause: Limit one of each Pokémon
|rule|OHKO Clause: OHKO moves are banned
|rule|Evasion Items Clause: Evasion items are banned
|rule|Evasion Moves Clause: Evasion moves are banned
|rule|Sleep Moves Clause: Sleep-inducing moves are banned
|clearpoke
|poke|p1|Maushold-Four|
|poke|p1|Blissey, F|
|poke|p1|Enamorus, F|
|poke|p1|Sinistcha-Masterpiece|
|poke|p1|Manaphy|
|poke|p1|Pawmot, M|
|poke|p2|Venusaur, M|
|poke|p2|Zapdos|
|poke|p2|Feraligatr, M|
|poke|p2|Ariados, F|
|poke|p2|Kingdra, F|
|poke|p2|Ceruledge, M|
|teampreview
|inactive|Battle timer is ON: inactive players will automatically lose when time's up. (requested by berk.de)
|
|t:|1743889817
|start
|switch|p1a: mausi|Maushold-Four|100/100
|switch|p2a: Ariados|Ariados, F, shiny|100/100
|turn|1
|
|t:|1743889827
|move|p1a: mausi|Population Bomb|p2a: Ariados
|-damage|p2a: Ariados|85/100
|-damage|p2a: Ariados|69/100
|-damage|p2a: Ariados|54/100
|-damage|p2a: Ariados|39/100
|-damage|p2a: Ariados|23/100
|-damage|p2a: Ariados|8/100
|-damage|p2a: Ariados|0 fnt
|faint|p2a: Ariados
|-hitcount|p2: Ariados|7
|
|upkeep
|
|t:|1743889844
|switch|p2a: Feraligatr|Feraligatr, M|100/100
|turn|2
|
|t:|1743889847
|switch|p2a: Zapdos|Zapdos|100/100
|move|p1a: mausi|Population Bomb|p2a: Zapdos
|-damage|p2a: Zapdos|90/100
|-damage|p1a: mausi|84/100|[from] item: Rocky Helmet|[of] p2a: Zapdos
|-damage|p2a: Zapdos|79/100
|-damage|p1a: mausi|67/100|[from] item: Rocky Helmet|[of] p2a: Zapdos
|-status|p1a: mausi|par|[from] ability: Static|[of] p2a: Zapdos
|-damage|p2a: Zapdos|68/100
|-damage|p1a: mausi|51/100 par|[from] item: Rocky Helmet|[of] p2a: Zapdos
|-damage|p2a: Zapdos|58/100
|-damage|p1a: mausi|34/100 par|[from] item: Rocky Helmet|[of] p2a: Zapdos
|-damage|p2a: Zapdos|48/100
|-damage|p1a: mausi|17/100 par|[from] item: Rocky Helmet|[of] p2a: Zapdos
|-damage|p2a: Zapdos|37/100
|-damage|p1a: mausi|1/100 par|[from] item: Rocky Helmet|[of] p2a: Zapdos
|-damage|p2a: Zapdos|27/100
|-damage|p1a: mausi|0 fnt|[from] item: Rocky Helmet|[of] p2a: Zapdos
|faint|p1a: mausi
|-hitcount|p2a: Zapdos|7
|
|upkeep
|
|t:|1743889857
|switch|p1a: amore|Enamorus, F, shiny|100/100
|turn|3
|
|t:|1743889875
|-terastallize|p1a: amore|Stellar
|move|p1a: amore|Tera Blast|p2a: Zapdos|[anim] Tera Blast Stellar
|-damage|p2a: Zapdos|0 fnt
|-boost|p1a: amore|atk|1
|-boost|p1a: amore|spa|1
|faint|p2a: Zapdos
|
|upkeep
|c|☆berk.de|rocky helmet
|
|t:|1743889888
|switch|p2a: Venusaur|Venusaur, M|100/100
|turn|4
|
|t:|1743889893
|move|p1a: amore|Tera Blast|p2a: Venusaur|[anim] Tera Blast Stellar
|-damage|p2a: Venusaur|63/100
|-boost|p1a: amore|atk|1
|-boost|p1a: amore|spa|1
|move|p2a: Venusaur|Curse|p2a: Venusaur
|-unboost|p2a: Venusaur|spe|1
|-boost|p2a: Venusaur|atk|1
|-boost|p2a: Venusaur|def|1
|
|-heal|p2a: Venusaur|69/100|[from] item: Leftovers
|upkeep
|turn|5
|
|t:|1743889905
|move|p1a: amore|Tera Blast|p2a: Venusaur|[anim] Tera Blast Stellar
|-damage|p2a: Venusaur|18/100
|-boost|p1a: amore|atk|1
|-boost|p1a: amore|spa|1
|move|p2a: Venusaur|Poison Jab|p1a: amore
|-supereffective|p1a: amore
|-damage|p1a: amore|0 fnt
|faint|p1a: amore
|
|-heal|p2a: Venusaur|24/100|[from] item: Leftovers
|upkeep
|
|t:|1743889911
|switch|p1a: chaos|Manaphy, shiny|100/100
|turn|6
|
|t:|1743889919
|move|p1a: chaos|Ice Beam|p2a: Venusaur
|-supereffective|p2a: Venusaur
|-damage|p2a: Venusaur|0 fnt
|faint|p2a: Venusaur
|
|upkeep
|
|t:|1743889932
|switch|p2a: Feraligatr|Feraligatr, M|100/100
|turn|7
|
|t:|1743889936
|move|p1a: chaos|Tail Glow|p1a: chaos
|-boost|p1a: chaos|spa|3
|move|p2a: Feraligatr|Dragon Dance|p2a: Feraligatr
|-boost|p2a: Feraligatr|atk|1
|-boost|p2a: Feraligatr|spe|1
|
|upkeep
|turn|8
|
|t:|1743889943
|move|p2a: Feraligatr|Body Slam|p1a: chaos
|-damage|p1a: chaos|29/100
|move|p1a: chaos|Energy Ball|p2a: Feraligatr
|-supereffective|p2a: Feraligatr
|-damage|p2a: Feraligatr|0 fnt
|faint|p2a: Feraligatr
|
|-heal|p1a: chaos|35/100|[from] item: Leftovers
|upkeep
|
|t:|1743889954
|switch|p2a: Ceruledge|Ceruledge, M|100/100
|turn|9
|
|t:|1743889959
|move|p2a: Ceruledge|Close Combat|p1a: chaos
|-damage|p1a: chaos|0 fnt
|-unboost|p2a: Ceruledge|def|1
|-unboost|p2a: Ceruledge|spd|1
|faint|p1a: chaos
|
|upkeep
|
|t:|1743889965
|switch|p1a: matcha|Sinistcha-Masterpiece, shiny|100/100
|turn|10
|
|t:|1743889969
|switch|p2a: Kingdra|Kingdra, F|100/100
|move|p1a: matcha|Shadow Ball|p2a: Kingdra
|-damage|p2a: Kingdra|69/100
|
|upkeep
|turn|11
|
|t:|1743889980
|move|p2a: Kingdra|Scald|p1a: matcha
|-resisted|p1a: matcha
|-damage|p1a: matcha|78/100
|move|p1a: matcha|Calm Mind|p1a: matcha
|-boost|p1a: matcha|spa|1
|-boost|p1a: matcha|spd|1
|
|upkeep
|turn|12
|c|☆berk.de|scarf cerulegde?
|
|t:|1743889988
|move|p2a: Kingdra|Focus Energy|p2a: Kingdra
|-start|p2a: Kingdra|move: Focus Energy
|move|p1a: matcha|Calm Mind|p1a: matcha
|-boost|p1a: matcha|spa|1
|-boost|p1a: matcha|spd|1
|
|upkeep
|turn|13
|
|t:|1743889994
|move|p2a: Kingdra|Draco Meteor|p1a: matcha
|-crit|p1a: matcha
|-damage|p1a: matcha|0 fnt
|-unboost|p2a: Kingdra|spa|2
|faint|p1a: matcha
|
|upkeep
|
|t:|1743889999
|switch|p1a: teddy|Pawmot, M|100/100
|turn|14
|
|t:|1743890006
|move|p1a: teddy|Double Shock|p2a: Kingdra
|-damage|p2a: Kingdra|9/100
|-start|p1a: teddy|typechange|???/Fighting|[from] move: Double Shock
|move|p2a: Kingdra|Draco Meteor|p1a: teddy|[miss]
|-miss|p2a: Kingdra|p1a: teddy
|
|upkeep
|turn|15
|
|t:|1743890016
|move|p1a: teddy|Revival Blessing|p1a: teddy
|
|t:|1743890023
|-heal|p1: amore|50/100|[from] move: Revival Blessing
|move|p2a: Kingdra|Scald|p1a: teddy
|-crit|p1a: teddy
|-damage|p1a: teddy|0 fnt
|faint|p1a: teddy
|
|upkeep
|
|t:|1743890027
|switch|p1a: fairy|Blissey, F|100/100
|turn|16
|
|t:|1743890035
|move|p2a: Kingdra|Draco Meteor|p1a: fairy|[miss]
|-miss|p2a: Kingdra|p1a: fairy
|move|p1a: fairy|Calm Mind|p1a: fairy
|-boost|p1a: fairy|spa|1
|-boost|p1a: fairy|spd|1
|
|upkeep
|turn|17
|
|t:|1743890042
|move|p2a: Kingdra|Draco Meteor|p1a: fairy
|-crit|p1a: fairy
|-damage|p1a: fairy|58/100
|-unboost|p2a: Kingdra|spa|2
|move|p1a: fairy|Calm Mind|p1a: fairy
|-boost|p1a: fairy|spa|1
|-boost|p1a: fairy|spd|1
|
|upkeep
|turn|18
|
|t:|1743890052
|move|p2a: Kingdra|Draco Meteor|p1a: fairy
|-crit|p1a: fairy
|-damage|p1a: fairy|18/100
|-unboost|p2a: Kingdra|spa|2
|move|p1a: fairy|Soft-Boiled|p1a: fairy
|-heal|p1a: fairy|68/100
|
|upkeep
|turn|19
|
|t:|1743890061
|switch|p2a: Ceruledge|Ceruledge, M|100/100
|move|p1a: fairy|Calm Mind|p1a: fairy
|-boost|p1a: fairy|spa|1
|-boost|p1a: fairy|spd|1
|
|upkeep
|turn|20
|
|t:|1743890068
|move|p2a: Ceruledge|Close Combat|p1a: fairy
|-supereffective|p1a: fairy
|-damage|p1a: fairy|0 fnt
|-unboost|p2a: Ceruledge|def|1
|-unboost|p2a: Ceruledge|spd|1
|faint|p1a: fairy
|
|upkeep
|
|t:|1743890072
|switch|p1a: amore|Enamorus, F, shiny|50/100
|turn|21
|
|t:|1743890092
|move|p1a: amore|Earth Power|p2a: Ceruledge
|-supereffective|p2a: Ceruledge
|-damage|p2a: Ceruledge|0 fnt
|faint|p2a: Ceruledge
|
|upkeep
|
|t:|1743890098
|switch|p2a: Kingdra|Kingdra, F|9/100
|turn|22
|
|t:|1743890101
|move|p1a: amore|Earth Power|p2a: Kingdra
|-damage|p2a: Kingdra|0 fnt
|faint|p2a: Kingdra
|
|win|berk.de
|raw|berk.de's rating: 1195 &rarr; <strong>1217</strong><br />(+22 for winning)
|raw|gospel88's rating: 1158 &rarr; <strong>1136</strong><br />(-22 for losing)
|l|☆berk.de
|player|p1|
|l|☆gospel88
|player|p2|
