|j|☆EK_49
|j|☆dimamama
|t:|1743939097
|gametype|singles
|player|p1|EK_49|dawn|1163
|player|p2|dimamama|roxie|1142
|teamsize|p1|6
|teamsize|p2|6
|gen|9
|tier|[Gen 9] OU
|rated|
|rule|HP Percentage Mod: HP is shown in percentages
|rule|Endless Battle Clause: Forcing endless battles is banned
|rule|Species Clause: Limit one of each Pokémon
|rule|OHKO Clause: OHKO moves are banned
|rule|Evasion Items Clause: Evasion items are banned
|rule|Evasion Moves Clause: Evasion moves are banned
|rule|Sleep Moves Clause: Sleep-inducing moves are banned
|clearpoke
|poke|p1|Snorlax, M|
|poke|p1|Rhyperior, M|
|poke|p1|Dragapult, M|
|poke|p1|Primarina, F|
|poke|p1|Iron Moth|
|poke|p1|Torterra, F|
|poke|p2|Walking Wake|
|poke|p2|Torkoal, F|
|poke|p2|Corviknight, F|
|poke|p2|Skeledirge, F|
|poke|p2|Great Tusk|
|poke|p2|Umbreon, F|
|teampreview
|inactive|Battle timer is ON: inactive players will automatically lose when time's up. (requested by dimamama)
|inactive|EK_49 also wants the timer to be on.
|
|t:|1743939106
|start
|switch|p1a: the nuke|Snorlax, M|100/100
|switch|p2a: 双尾哈基米|Walking Wake|100/100
|turn|1
|
|t:|1743939117
|-end|p2a: 双尾哈基米|Protosynthesis|[silent]
|switch|p2a: Umbreon|Umbreon, F, shiny|100/100
|move|p1a: the nuke|Protect||[still]
|-fail|p1a: the nuke
|
|upkeep
|turn|2
|
|t:|1743939125
|move|p2a: Umbreon|Toxic|p1a: the nuke
|-status|p1a: the nuke|tox
|move|p1a: the nuke|Body Slam|p2a: Umbreon
|-damage|p2a: Umbreon|78/100
|-enditem|p2a: Umbreon|Eject Button
|
|t:|1743939132
|switch|p2a: 泰勒星巴克|Torkoal, F|100/100
|-weather|SunnyDay|[from] ability: Drought|[of] p2a: 泰勒星巴克
|
|-weather|SunnyDay|[upkeep]
|-damage|p1a: the nuke|94/100 tox|[from] psn
|upkeep
|turn|3
|
|t:|1743939143
|move|p1a: the nuke|Rest|p1a: the nuke
|-status|p1a: the nuke|slp|[from] move: Rest
|-heal|p1a: the nuke|100/100 slp|[silent]
|move|p2a: 泰勒星巴克|Stealth Rock|p1a: the nuke
|-sidestart|p1: EK_49|move: Stealth Rock
|
|-weather|SunnyDay|[upkeep]
|upkeep
|turn|4
|
|t:|1743939150
|switch|p2a: 番斗花园第一美|Skeledirge, F, shiny|100/100
|cant|p1a: the nuke|slp
|
|-weather|SunnyDay|[upkeep]
|upkeep
|turn|5
|
|t:|1743939158
|cant|p1a: the nuke|slp
|move|p2a: 番斗花园第一美|Torch Song|p1a: the nuke
|-damage|p1a: the nuke|88/100 slp
|-boost|p2a: 番斗花园第一美|spa|1
|
|-weather|SunnyDay|[upkeep]
|upkeep
|turn|6
|inactive|EK_49 has 120 seconds left.
|
|t:|1743939189
|switch|p1a: Chad|Rhyperior, M, shiny|100/100
|-damage|p1a: Chad|94/100|[from] Stealth Rock
|move|p2a: 番斗花园第一美|Torch Song|p1a: Chad
|-resisted|p1a: Chad
|-damage|p1a: Chad|70/100
|-boost|p2a: 番斗花园第一美|spa|1
|
|-weather|SunnyDay|[upkeep]
|upkeep
|turn|7
|inactive|EK_49 has 120 seconds left.
|
|t:|1743939200
|switch|p2a: 很讨厌的鸟|Corviknight, F, shiny|100/100
|move|p1a: Chad|Earthquake|p2a: 很讨厌的鸟
|-immune|p2a: 很讨厌的鸟
|
|-weather|SunnyDay|[upkeep]
|upkeep
|turn|8
|inactive|EK_49 has 120 seconds left.
|
|t:|1743939213
|switch|p1a: the nuke|Snorlax, M|88/100 slp
|-damage|p1a: the nuke|75/100 slp|[from] Stealth Rock
|move|p2a: 很讨厌的鸟|Iron Head|p1a: the nuke
|-damage|p1a: the nuke|48/100 slp
|
|-weather|SunnyDay|[upkeep]
|upkeep
|turn|9
|
|t:|1743939230
|switch|p2a: Umbreon|Umbreon, F, shiny|78/100
|-curestatus|p1a: the nuke|slp|[msg]
|move|p1a: the nuke|Rest|p1a: the nuke
|-status|p1a: the nuke|slp|[from] move: Rest
|-heal|p1a: the nuke|100/100 slp|[silent]
|
|-weather|none
|upkeep
|turn|10
|
|t:|1743939243
|move|p2a: Umbreon|Wish|p2a: Umbreon
|cant|p1a: the nuke|slp
|
|upkeep
|turn|11
|
|t:|1743939262
|switch|p2a: 野猪猪|Great Tusk|100/100
|cant|p1a: the nuke|slp
|
|upkeep
|turn|12
|
|t:|1743939281
|switch|p1a: Chad|Rhyperior, M, shiny|70/100
|-damage|p1a: Chad|64/100|[from] Stealth Rock
|move|p2a: 野猪猪|Ice Spinner|p1a: Chad
|-supereffective|p1a: Chad
|-damage|p1a: Chad|39/100
|
|upkeep
|turn|13
|
|t:|1743939290
|move|p2a: 野猪猪|Headlong Rush|p1a: Chad
|-supereffective|p1a: Chad
|-damage|p1a: Chad|0 fnt
|-unboost|p2a: 野猪猪|def|1
|-unboost|p2a: 野猪猪|spd|1
|faint|p1a: Chad
|
|upkeep
|
|t:|1743939308
|switch|p1a: Spike(legendsKnow)|Torterra, F|100/100
|-damage|p1a: Spike(legendsKnow)|94/100|[from] Stealth Rock
|turn|14
|
|t:|1743939326
|-terastallize|p1a: Spike(legendsKnow)|Electric
|move|p2a: 野猪猪|Ice Spinner|p1a: Spike(legendsKnow)
|-damage|p1a: Spike(legendsKnow)|68/100
|move|p1a: Spike(legendsKnow)|Shell Smash|p1a: Spike(legendsKnow)
|-unboost|p1a: Spike(legendsKnow)|def|1
|-unboost|p1a: Spike(legendsKnow)|spd|1
|-boost|p1a: Spike(legendsKnow)|atk|2
|-boost|p1a: Spike(legendsKnow)|spa|2
|-boost|p1a: Spike(legendsKnow)|spe|2
|
|upkeep
|turn|15
|
|t:|1743939338
|-end|p2a: 野猪猪|Protosynthesis|[silent]
|switch|p2a: 番斗花园第一美|Skeledirge, F, shiny|100/100
|move|p1a: Spike(legendsKnow)|Bullet Seed|p2a: 番斗花园第一美
|-resisted|p2a: 番斗花园第一美
|-damage|p2a: 番斗花园第一美|96/100
|-resisted|p2a: 番斗花园第一美
|-damage|p2a: 番斗花园第一美|91/100
|-resisted|p2a: 番斗花园第一美
|-damage|p2a: 番斗花园第一美|86/100
|-resisted|p2a: 番斗花园第一美
|-damage|p2a: 番斗花园第一美|81/100
|-resisted|p2a: 番斗花园第一美
|-damage|p2a: 番斗花园第一美|76/100
|-hitcount|p2a: 番斗花园第一美|5
|
|-heal|p2a: 番斗花园第一美|82/100|[from] item: Leftovers
|upkeep
|turn|16
|
|t:|1743939351
|-terastallize|p2a: 番斗花园第一美|Water
|move|p1a: Spike(legendsKnow)|Rock Blast|p2a: 番斗花园第一美|[miss]
|-miss|p1a: Spike(legendsKnow)|p2a: 番斗花园第一美
|move|p2a: 番斗花园第一美|Torch Song|p1a: Spike(legendsKnow)
|-damage|p1a: Spike(legendsKnow)|24/100
|-boost|p2a: 番斗花园第一美|spa|1
|
|-heal|p2a: 番斗花园第一美|88/100|[from] item: Leftovers
|upkeep
|turn|17
|
|t:|1743939361
|switch|p2a: 泰勒星巴克|Torkoal, F|100/100
|-weather|SunnyDay|[from] ability: Drought|[of] p2a: 泰勒星巴克
|move|p1a: Spike(legendsKnow)|Bullet Seed|p2a: 泰勒星巴克
|-resisted|p2a: 泰勒星巴克
|-damage|p2a: 泰勒星巴克|93/100
|-resisted|p2a: 泰勒星巴克
|-damage|p2a: 泰勒星巴克|87/100
|-resisted|p2a: 泰勒星巴克
|-damage|p2a: 泰勒星巴克|79/100
|-resisted|p2a: 泰勒星巴克
|-damage|p2a: 泰勒星巴克|72/100
|-resisted|p2a: 泰勒星巴克
|-damage|p2a: 泰勒星巴克|64/100
|-hitcount|p2a: 泰勒星巴克|5
|
|-weather|SunnyDay|[upkeep]
|upkeep
|turn|18
|
|t:|1743939375
|move|p1a: Spike(legendsKnow)|Rock Blast|p2a: 泰勒星巴克
|-supereffective|p2a: 泰勒星巴克
|-damage|p2a: 泰勒星巴克|45/100
|-supereffective|p2a: 泰勒星巴克
|-damage|p2a: 泰勒星巴克|24/100
|-supereffective|p2a: 泰勒星巴克
|-damage|p2a: 泰勒星巴克|5/100
|-supereffective|p2a: 泰勒星巴克
|-damage|p2a: 泰勒星巴克|0 fnt
|faint|p2a: 泰勒星巴克
|-hitcount|p2: 泰勒星巴克|4
|
|-weather|SunnyDay|[upkeep]
|upkeep
|
|t:|1743939388
|switch|p2a: 双尾哈基米|Walking Wake|100/100
|-activate|p2a: 双尾哈基米|ability: Protosynthesis
|-start|p2a: 双尾哈基米|protosynthesisspe
|turn|19
|
|t:|1743939397
|move|p2a: 双尾哈基米|Flamethrower|p1a: Spike(legendsKnow)
|-damage|p1a: Spike(legendsKnow)|0 fnt
|faint|p1a: Spike(legendsKnow)
|-damage|p2a: 双尾哈基米|91/100|[from] item: Life Orb
|
|-weather|SunnyDay|[upkeep]
|upkeep
|
|t:|1743939406
|switch|p1a: Vaporeon who?|Primarina, F|100/100
|-damage|p1a: Vaporeon who?|88/100|[from] Stealth Rock
|turn|20
|
|t:|1743939414
|-end|p2a: 双尾哈基米|Protosynthesis|[silent]
|switch|p2a: 番斗花园第一美|Skeledirge, F, shiny, tera:Water|88/100
|move|p1a: Vaporeon who?|Moonblast|p2a: 番斗花园第一美
|-damage|p2a: 番斗花园第一美|44/100
|
|-weather|SunnyDay|[upkeep]
|-heal|p2a: 番斗花园第一美|50/100|[from] item: Leftovers
|upkeep
|turn|21
|
|t:|1743939425
|move|p1a: Vaporeon who?|Energy Ball|p2a: 番斗花园第一美
|-supereffective|p2a: 番斗花园第一美
|-damage|p2a: 番斗花园第一美|0 fnt
|faint|p2a: 番斗花园第一美
|
|-weather|SunnyDay|[upkeep]
|upkeep
|-message|dimamama forfeited.
|
|win|EK_49
|raw|EK_49's rating: 1163 &rarr; <strong>1186</strong><br />(+23 for winning)
|raw|dimamama's rating: 1142 &rarr; <strong>1119</strong><br />(-23 for losing)
|l|☆dimamama
|player|p2|
|l|☆EK_49
|player|p1|
