|badge|p2|bronze|gen9ou|100-5
|uhtml|medal-msg|<div class="broadcast-blue">Curious what those medals under the avatar are? PS now has Ladder Seasons! For more information, check out the <a href="https://www.smogon.com/forums/threads/3740067/">thread on Smogon.</a></div>
|j|☆OSAKA 2026
|j|☆Sanesa8724
|t:|1743926280
|gametype|singles
|player|p1|OSAKA 2026|backpackerf|1799
|player|p2|Sanesa8724|buck|1896
|teamsize|p1|6
|teamsize|p2|6
|gen|9
|tier|[Gen 9] OU
|rated|
|rule|HP Percentage Mod: HP is shown in percentages
|rule|Endless Battle Clause: Forcing endless battles is banned
|rule|Species Clause: Limit one of each Pokémon
|rule|OHKO Clause: OHKO moves are banned
|rule|Evasion Items Clause: Evasion items are banned
|rule|Evasion Moves Clause: Evasion moves are banned
|rule|Sleep Moves Clause: Sleep-inducing moves are banned
|clearpoke
|poke|p1|Kyurem|
|poke|p1|Ogerpon-Wellspring, F|
|poke|p1|Scizor, F|
|poke|p1|Moltres|
|poke|p1|Great Tusk|
|poke|p1|Muk-Alola, M|
|poke|p2|Orthworm, F|
|poke|p2|Clodsire, F|
|poke|p2|Pecharunt|
|poke|p2|Great Tusk|
|poke|p2|Slowking, F|
|poke|p2|Weavile, F|
|teampreview
|c|☆Sanesa8724|glhf
|j| LudocyelZ
|c|☆OSAKA 2026|u2
|
|t:|1743926310
|start
|switch|p1a: Hebi|Scizor, F|100/100
|switch|p2a: Pecha rating|Pecharunt|100/100
|turn|1
|j| sdksod
|j| LoodewhX
|
|t:|1743926324
|move|p2a: Pecha rating|Hex|p1a: Hebi
|-damage|p1a: Hebi|78/100
|move|p1a: Hebi|Knock Off|p2a: Pecha rating
|-supereffective|p2a: Pecha rating
|-damage|p2a: Pecha rating|47/100
|-enditem|p2a: Pecha rating|Heavy-Duty Boots|[from] move: Knock Off|[of] p1a: Hebi
|
|upkeep
|turn|2
|j| iamfrhaan007
|
|t:|1743926329
|move|p2a: Pecha rating|Recover|p2a: Pecha rating
|-heal|p2a: Pecha rating|97/100
|move|p1a: Hebi|Knock Off|p2a: Pecha rating
|-supereffective|p2a: Pecha rating
|-damage|p2a: Pecha rating|63/100
|
|upkeep
|turn|3
|l| LoodewhX
|
|t:|1743926333
|move|p2a: Pecha rating|Parting Shot|p1a: Hebi
|-unboost|p1a: Hebi|atk|1
|-unboost|p1a: Hebi|spa|1
|
|t:|1743926346
|switch|p2a: Fantastic Tusk|Great Tusk, shiny|100/100|[from] Parting Shot
|move|p1a: Hebi|Knock Off|p2a: Fantastic Tusk
|-resisted|p2a: Fantastic Tusk
|-damage|p2a: Fantastic Tusk|86/100
|-enditem|p2a: Fantastic Tusk|Heavy-Duty Boots|[from] move: Knock Off|[of] p1a: Hebi
|
|upkeep
|turn|4
|
|t:|1743926349
|switch|p1a: Greatest Summon|Great Tusk|100/100
|move|p2a: Fantastic Tusk|Headlong Rush|p1a: Greatest Summon
|-damage|p1a: Greatest Summon|65/100
|-unboost|p2a: Fantastic Tusk|def|1
|-unboost|p2a: Fantastic Tusk|spd|1
|
|-heal|p1a: Greatest Summon|71/100|[from] item: Leftovers
|upkeep
|turn|5
|
|t:|1743926372
|-end|p2a: Fantastic Tusk|Protosynthesis|[silent]
|switch|p2a: G.O.A.T.|Orthworm, F, shiny|100/100
|move|p1a: Greatest Summon|Stealth Rock|p2a: G.O.A.T.
|-sidestart|p2: Sanesa8724|move: Stealth Rock
|
|-heal|p1a: Greatest Summon|77/100|[from] item: Leftovers
|upkeep
|turn|6
|
|t:|1743926381
|-end|p1a: Greatest Summon|Protosynthesis|[silent]
|switch|p1a: Taka|Moltres|100/100
|move|p2a: G.O.A.T.|Spikes|p1a: Taka
|-sidestart|p1: OSAKA 2026|Spikes
|
|upkeep
|turn|7
|j| frindlebabbin
|
|t:|1743926392
|switch|p2a: Headache = Genius?|Slowking, F, shiny|100/100
|move|p1a: Taka|U-turn|p2a: Headache = Genius?
|-supereffective|p2a: Headache = Genius?
|-damage|p2a: Headache = Genius?|69/100
|
|t:|1743926402
|switch|p1a: Akatsuki|Ogerpon-Wellspring, F|100/100|[from] U-turn
|-damage|p1a: Akatsuki|88/100|[from] Spikes
|
|upkeep
|turn|8
|
|t:|1743926448
|switch|p2a: Pecha rating|Pecharunt|63/100
|-damage|p2a: Pecha rating|50/100|[from] Stealth Rock
|move|p1a: Akatsuki|Horn Leech|p2a: Pecha rating
|-resisted|p2a: Pecha rating
|-damage|p2a: Pecha rating|42/100
|-heal|p1a: Akatsuki|94/100|[from] drain|[of] p2a: Pecha rating
|
|upkeep
|turn|9
|
|t:|1743926453
|move|p1a: Akatsuki|Ivy Cudgel|p2a: Pecha rating|[anim] Ivy Cudgel Water
|-damage|p2a: Pecha rating|18/100
|move|p2a: Pecha rating|Recover|p2a: Pecha rating
|-heal|p2a: Pecha rating|68/100
|
|upkeep
|turn|10
|
|t:|1743926459
|move|p1a: Akatsuki|Encore|p2a: Pecha rating
|-start|p2a: Pecha rating|Encore
|move|p2a: Pecha rating|Recover|p2a: Pecha rating
|-heal|p2a: Pecha rating|100/100
|
|upkeep
|turn|11
|
|t:|1743926463
|switch|p2a: G.O.A.T.|Orthworm, F, shiny|100/100
|-damage|p2a: G.O.A.T.|94/100|[from] Stealth Rock
|move|p1a: Akatsuki|Swords Dance|p1a: Akatsuki
|-boost|p1a: Akatsuki|atk|2
|
|upkeep
|turn|12
|
|t:|1743926466
|move|p1a: Akatsuki|Ivy Cudgel|p2a: G.O.A.T.|[anim] Ivy Cudgel Water
|-damage|p2a: G.O.A.T.|35/100
|move|p2a: G.O.A.T.|Body Press|p1a: Akatsuki
|-damage|p1a: Akatsuki|51/100
|
|upkeep
|turn|13
|
|t:|1743926474
|move|p1a: Akatsuki|Ivy Cudgel|p2a: G.O.A.T.|[anim] Ivy Cudgel Water
|-damage|p2a: G.O.A.T.|0 fnt
|faint|p2a: G.O.A.T.
|
|upkeep
|
|t:|1743926485
|switch|p2a: Pecha rating|Pecharunt|100/100
|-damage|p2a: Pecha rating|88/100|[from] Stealth Rock
|turn|14
|
|t:|1743926488
|switch|p1a: Three-Way Deadlock|Muk-Alola, M|100/100
|-damage|p1a: Three-Way Deadlock|88/100|[from] Spikes
|move|p2a: Pecha rating|Malignant Chain|p1a: Three-Way Deadlock
|-resisted|p1a: Three-Way Deadlock
|-damage|p1a: Three-Way Deadlock|79/100
|
|-heal|p1a: Three-Way Deadlock|85/100|[from] item: Leftovers
|upkeep
|turn|15
|
|t:|1743926495
|move|p2a: Pecha rating|Parting Shot|p1a: Three-Way Deadlock
|-unboost|p1a: Three-Way Deadlock|atk|1
|-unboost|p1a: Three-Way Deadlock|spa|1
|
|t:|1743926500
|switch|p2a: Metaking|Clodsire, F, shiny|100/100|[from] Parting Shot
|-damage|p2a: Metaking|94/100|[from] Stealth Rock
|move|p1a: Three-Way Deadlock|Knock Off|p2a: Metaking
|-damage|p2a: Metaking|57/100
|-enditem|p2a: Metaking|Leftovers|[from] move: Knock Off|[of] p1a: Three-Way Deadlock
|
|-heal|p1a: Three-Way Deadlock|91/100|[from] item: Leftovers
|upkeep
|turn|16
|
|t:|1743926512
|switch|p1a: Hebi|Scizor, F|78/100
|-damage|p1a: Hebi|66/100|[from] Spikes
|move|p2a: Metaking|Recover|p2a: Metaking
|-heal|p2a: Metaking|100/100
|
|upkeep
|turn|17
|
|t:|1743926522
|move|p1a: Hebi|U-turn|p2a: Metaking
|-resisted|p2a: Metaking
|-damage|p2a: Metaking|70/100
|
|t:|1743926531
|switch|p1a: Taka|Moltres|100/100|[from] U-turn
|move|p2a: Metaking|Stealth Rock|p1a: Taka
|-sidestart|p1: OSAKA 2026|move: Stealth Rock
|
|upkeep
|turn|18
|
|t:|1743926537
|move|p1a: Taka|Scorching Sands|p2a: Metaking
|-supereffective|p2a: Metaking
|-damage|p2a: Metaking|48/100
|move|p2a: Metaking|Toxic|p1a: Taka
|-status|p1a: Taka|tox
|
|-damage|p1a: Taka|94/100 tox|[from] psn
|upkeep
|turn|19
|
|t:|1743926540
|move|p1a: Taka|U-turn|p2a: Metaking
|-resisted|p2a: Metaking
|-damage|p2a: Metaking|40/100
|
|t:|1743926542
|switch|p1a: Greatest Summon|Great Tusk|77/100|[from] U-turn
|-damage|p1a: Greatest Summon|65/100|[from] Spikes
|-damage|p1a: Greatest Summon|62/100|[from] Stealth Rock
|move|p2a: Metaking|Recover|p2a: Metaking
|-heal|p2a: Metaking|90/100
|
|-heal|p1a: Greatest Summon|68/100|[from] item: Leftovers
|upkeep
|turn|20
|
|t:|1743926547
|switch|p2a: Pecha rating|Pecharunt|88/100
|-damage|p2a: Pecha rating|76/100|[from] Stealth Rock
|move|p1a: Greatest Summon|Headlong Rush|p2a: Pecha rating
|-supereffective|p2a: Pecha rating
|-damage|p2a: Pecha rating|26/100
|-unboost|p1a: Greatest Summon|def|1
|-unboost|p1a: Greatest Summon|spd|1
|
|-heal|p1a: Greatest Summon|74/100|[from] item: Leftovers
|upkeep
|turn|21
|
|t:|1743926557
|switch|p2a: Headache = Genius?|Slowking, F, shiny|100/100
|move|p1a: Greatest Summon|Headlong Rush|p2a: Headache = Genius?
|-damage|p2a: Headache = Genius?|49/100
|-unboost|p1a: Greatest Summon|def|1
|-unboost|p1a: Greatest Summon|spd|1
|
|-heal|p1a: Greatest Summon|80/100|[from] item: Leftovers
|upkeep
|turn|22
|
|t:|1743926567
|switch|p2a: Fantastic Tusk|Great Tusk, shiny|86/100
|-damage|p2a: Fantastic Tusk|83/100|[from] Stealth Rock
|move|p1a: Greatest Summon|Rapid Spin|p2a: Fantastic Tusk
|-damage|p2a: Fantastic Tusk|73/100
|-boost|p1a: Greatest Summon|spe|1
|-sideend|p1: OSAKA 2026|Spikes|[from] move: Rapid Spin|[of] p1a: Greatest Summon
|-sideend|p1: OSAKA 2026|Stealth Rock|[from] move: Rapid Spin|[of] p1a: Greatest Summon
|
|-heal|p1a: Greatest Summon|86/100|[from] item: Leftovers
|upkeep
|turn|23
|
|t:|1743926577
|-end|p1a: Greatest Summon|Protosynthesis|[silent]
|switch|p1a: Taka|Moltres|94/100 tox
|move|p2a: Fantastic Tusk|Ice Spinner|p1a: Taka
|-damage|p1a: Taka|74/100 tox
|
|-damage|p1a: Taka|68/100 tox|[from] psn
|upkeep
|turn|24
|
|t:|1743926582
|move|p2a: Fantastic Tusk|Knock Off|p1a: Taka
|-damage|p1a: Taka|44/100 tox
|-enditem|p1a: Taka|Heavy-Duty Boots|[from] move: Knock Off|[of] p2a: Fantastic Tusk
|move|p1a: Taka|U-turn|p2a: Fantastic Tusk
|-resisted|p2a: Fantastic Tusk
|-damage|p2a: Fantastic Tusk|68/100
|
|t:|1743926584
|switch|p1a: Bijuu|Kyurem, shiny|100/100|[from] U-turn
|-ability|p1a: Bijuu|Pressure
|
|upkeep
|turn|25
|
|t:|1743926593
|-end|p2a: Fantastic Tusk|Protosynthesis|[silent]
|switch|p2a: Pecha rating|Pecharunt|26/100
|-damage|p2a: Pecha rating|13/100|[from] Stealth Rock
|move|p1a: Bijuu|Freeze-Dry|p2a: Pecha rating
|-damage|p2a: Pecha rating|0 fnt
|faint|p2a: Pecha rating
|
|upkeep
|
|t:|1743926616
|switch|p2a: Headache = Genius?|Slowking, F, shiny|82/100
|turn|26
|
|t:|1743926628
|switch|p1a: Greatest Summon|Great Tusk|86/100
|move|p2a: Headache = Genius?|Thunder Wave|p1a: Greatest Summon
|-immune|p1a: Greatest Summon
|
|-heal|p1a: Greatest Summon|93/100|[from] item: Leftovers
|upkeep
|turn|27
|
|t:|1743926635
|-end|p1a: Greatest Summon|Protosynthesis|[silent]
|switch|p1a: Akatsuki|Ogerpon-Wellspring, F|51/100
|move|p2a: Headache = Genius?|Future Sight|p1a: Akatsuki
|-start|p2a: Headache = Genius?|move: Future Sight
|
|upkeep
|turn|28
|
|t:|1743926650
|-terastallize|p2a: Headache = Genius?|Fairy
|move|p1a: Akatsuki|Horn Leech|p2a: Headache = Genius?
|-damage|p2a: Headache = Genius?|38/100
|-heal|p1a: Akatsuki|79/100|[from] drain|[of] p2a: Headache = Genius?
|move|p2a: Headache = Genius?|Thunder Wave|p1a: Akatsuki
|-status|p1a: Akatsuki|par
|
|upkeep
|turn|29
|
|t:|1743926657
|switch|p1a: Three-Way Deadlock|Muk-Alola, M|91/100
|-prepare|p2a: Headache = Genius?|Chilly Reception|[premajor]
|move|p2a: Headache = Genius?|Chilly Reception|p2a: Headache = Genius?
|-weather|Snowscape
|
|t:|1743926662
|switch|p2a: Metaking|Clodsire, F, shiny|90/100|[from] Chilly Reception
|-damage|p2a: Metaking|84/100|[from] Stealth Rock
|
|-weather|Snowscape|[upkeep]
|-end|p1a: Three-Way Deadlock|move: Future Sight
|-immune|p1a: Three-Way Deadlock
|-heal|p1a: Three-Way Deadlock|97/100|[from] item: Leftovers
|upkeep
|turn|30
|
|t:|1743926665
|switch|p1a: Greatest Summon|Great Tusk|93/100
|move|p2a: Metaking|Toxic|p1a: Greatest Summon
|-status|p1a: Greatest Summon|tox
|
|-weather|Snowscape|[upkeep]
|-heal|p1a: Greatest Summon|99/100 tox|[from] item: Leftovers
|-damage|p1a: Greatest Summon|93/100 tox|[from] psn
|upkeep
|turn|31
|
|t:|1743926671
|switch|p2a: Fantastic Tusk|Great Tusk, shiny|68/100
|-damage|p2a: Fantastic Tusk|65/100|[from] Stealth Rock
|move|p1a: Greatest Summon|Headlong Rush|p2a: Fantastic Tusk
|-damage|p2a: Fantastic Tusk|23/100
|-unboost|p1a: Greatest Summon|def|1
|-unboost|p1a: Greatest Summon|spd|1
|
|-weather|Snowscape|[upkeep]
|-heal|p1a: Greatest Summon|99/100 tox|[from] item: Leftovers
|-damage|p1a: Greatest Summon|86/100 tox|[from] psn
|upkeep
|turn|32
|
|t:|1743926684
|move|p2a: Fantastic Tusk|Ice Spinner|p1a: Greatest Summon
|-supereffective|p1a: Greatest Summon
|-damage|p1a: Greatest Summon|37/100 tox
|move|p1a: Greatest Summon|Headlong Rush|p2a: Fantastic Tusk
|-damage|p2a: Fantastic Tusk|0 fnt
|-unboost|p1a: Greatest Summon|def|1
|-unboost|p1a: Greatest Summon|spd|1
|faint|p2a: Fantastic Tusk
|-end|p2a: Fantastic Tusk|Protosynthesis|[silent]
|
|-weather|Snowscape|[upkeep]
|-heal|p1a: Greatest Summon|43/100 tox|[from] item: Leftovers
|-damage|p1a: Greatest Summon|25/100 tox|[from] psn
|upkeep
|
|t:|1743926693
|switch|p2a: 72 9% my ass|Weavile, F, shiny|100/100
|-ability|p2a: 72 9% my ass|Pressure
|turn|33
|
|t:|1743926698
|move|p2a: 72 9% my ass|Swords Dance|p2a: 72 9% my ass
|-boost|p2a: 72 9% my ass|atk|2
|move|p1a: Greatest Summon|Headlong Rush|p2a: 72 9% my ass
|-damage|p2a: 72 9% my ass|36/100
|-unboost|p1a: Greatest Summon|def|1
|-unboost|p1a: Greatest Summon|spd|1
|
|-weather|none
|-heal|p1a: Greatest Summon|31/100 tox|[from] item: Leftovers
|-damage|p1a: Greatest Summon|6/100 tox|[from] psn
|upkeep
|turn|34
|
|t:|1743926702
|move|p2a: 72 9% my ass|Ice Shard|p1a: Greatest Summon
|-supereffective|p1a: Greatest Summon
|-damage|p1a: Greatest Summon|0 fnt
|faint|p1a: Greatest Summon
|-end|p1a: Greatest Summon|Protosynthesis|[silent]
|
|upkeep
|
|t:|1743926704
|switch|p1a: Hebi|Scizor, F|66/100
|turn|35
|-message|Sanesa8724 forfeited.
|
|win|OSAKA 2026
|raw|OSAKA 2026's rating: 1813 &rarr; <strong>1838</strong><br />(+25 for winning)
|raw|Sanesa8724's rating: 1896 &rarr; <strong>1871</strong><br />(-25 for losing)
|c|☆Sanesa8724|gg
|c|☆OSAKA 2026|gg
|l|☆OSAKA 2026
|player|p1|
|l|☆Sanesa8724
|player|p2|
|l| LudocyelZ
|l| sdksod
|l| frindlebabbin
