|j|☆Papimami988
|j|☆mirav3d
|t:|1743859856
|gametype|singles
|player|p1|Papimami988|102|1495
|player|p2|mirav3d|doctor|1416
|teamsize|p1|6
|teamsize|p2|6
|gen|9
|tier|[Gen 9] OU
|rated|
|rule|HP Percentage Mod: HP is shown in percentages
|rule|Endless Battle Clause: Forcing endless battles is banned
|rule|Species Clause: Limit one of each Pokémon
|rule|OHKO Clause: OHKO moves are banned
|rule|Evasion Items Clause: Evasion items are banned
|rule|Evasion Moves Clause: Evasion moves are banned
|rule|Sleep Moves Clause: Sleep-inducing moves are banned
|clearpoke
|poke|p1|Krookodile, F|
|poke|p1|Mimikyu, M|
|poke|p1|Corviknight, F|
|poke|p1|Gyarados, F|
|poke|p1|Volcanion|
|poke|p1|Dragonite, F|
|poke|p2|Rabsca, F|
|poke|p2|Slowking-Galar, F|
|poke|p2|Ursaluna, F|
|poke|p2|Azumarill, F|
|poke|p2|Mimikyu, F|
|poke|p2|Kingambit, F|
|teampreview
|
|t:|1743859865
|start
|switch|p1a: Krookodile|Krookodile, F|100/100
|switch|p2a: Azumarill|Azumarill, F|100/100
|turn|1
|
|t:|1743859873
|move|p1a: Krookodile|Gunk Shot|p2a: Azumarill
|-supereffective|p2a: Azumarill
|-damage|p2a: Azumarill|28/100
|move|p2a: Azumarill|Knock Off|p1a: Krookodile
|-resisted|p1a: Krookodile
|-damage|p1a: Krookodile|75/100
|-enditem|p1a: Krookodile|Choice Scarf|[from] move: Knock Off|[of] p2a: Azumarill
|
|upkeep
|turn|2
|
|t:|1743859885
|move|p2a: Azumarill|Aqua Jet|p1a: Krookodile
|-supereffective|p1a: Krookodile
|-damage|p1a: Krookodile|13/100
|move|p1a: Krookodile|Gunk Shot|p2a: Azumarill|[miss]
|-miss|p1a: Krookodile|p2a: Azumarill
|
|upkeep
|turn|3
|
|t:|1743859892
|switch|p1a: Volcanion|Volcanion|100/100
|move|p2a: Azumarill|Aqua Jet|p1a: Volcanion
|-immune|p1a: Volcanion|[from] ability: Water Absorb
|
|upkeep
|turn|4
|
|t:|1743859907
|move|p1a: Volcanion|Earth Power|p2a: Azumarill
|-damage|p2a: Azumarill|4/100
|move|p2a: Azumarill|Knock Off|p1a: Volcanion
|-damage|p1a: Volcanion|69/100
|-enditem|p1a: Volcanion|Assault Vest|[from] move: Knock Off|[of] p2a: Azumarill
|
|upkeep
|turn|5
|
|t:|1743859917
|move|p1a: Volcanion|Flamethrower|p2a: Azumarill
|-resisted|p2a: Azumarill
|-damage|p2a: Azumarill|0 fnt
|faint|p2a: Azumarill
|
|upkeep
|
|t:|1743859922
|switch|p2a: Slowking|Slowking-Galar, F|100/100
|turn|6
|
|t:|1743859931
|switch|p1a: Corviknight|Corviknight, F|100/100
|move|p2a: Slowking|Trick Room|p2a: Slowking
|-fieldstart|move: Trick Room|[of] p2a: Slowking
|
|upkeep
|turn|7
|
|t:|1743859942
|move|p2a: Slowking|Fire Blast|p1a: Corviknight|[miss]
|-miss|p2a: Slowking|p1a: Corviknight
|move|p1a: Corviknight|Bulk Up|p1a: Corviknight
|-boost|p1a: Corviknight|atk|1
|-boost|p1a: Corviknight|def|1
|
|upkeep
|turn|8
|
|t:|1743859954
|move|p2a: Slowking|Sludge Wave|p1a: Corviknight
|-immune|p1a: Corviknight
|move|p1a: Corviknight|Bulk Up|p1a: Corviknight
|-boost|p1a: Corviknight|atk|1
|-boost|p1a: Corviknight|def|1
|
|upkeep
|turn|9
|
|t:|1743859963
|move|p2a: Slowking|Fire Blast|p1a: Corviknight
|-supereffective|p1a: Corviknight
|-damage|p1a: Corviknight|34/100
|-damage|p2a: Slowking|91/100|[from] item: Life Orb
|move|p1a: Corviknight|Roost|p1a: Corviknight
|-heal|p1a: Corviknight|84/100
|-singleturn|p1a: Corviknight|move: Roost
|
|-heal|p1a: Corviknight|90/100|[from] item: Leftovers
|upkeep
|turn|10
|
|t:|1743859975
|move|p2a: Slowking|Fire Blast|p1a: Corviknight
|-supereffective|p1a: Corviknight
|-damage|p1a: Corviknight|20/100
|-damage|p2a: Slowking|81/100|[from] item: Life Orb
|move|p1a: Corviknight|Roost|p1a: Corviknight
|-heal|p1a: Corviknight|70/100
|-singleturn|p1a: Corviknight|move: Roost
|
|-heal|p1a: Corviknight|76/100|[from] item: Leftovers
|-fieldend|move: Trick Room
|upkeep
|turn|11
|
|t:|1743859987
|move|p1a: Corviknight|Brave Bird|p2a: Slowking
|-damage|p2a: Slowking|9/100
|-damage|p1a: Corviknight|53/100|[from] Recoil
|move|p2a: Slowking|Fire Blast|p1a: Corviknight|[miss]
|-miss|p2a: Slowking|p1a: Corviknight
|
|-heal|p1a: Corviknight|59/100|[from] item: Leftovers
|upkeep
|turn|12
|
|t:|1743860000
|move|p1a: Corviknight|Body Press|p2a: Slowking
|-resisted|p2a: Slowking
|-damage|p2a: Slowking|0 fnt
|faint|p2a: Slowking
|
|-heal|p1a: Corviknight|65/100|[from] item: Leftovers
|upkeep
|-message|mirav3d forfeited.
|
|win|Papimami988
|raw|Papimami988's rating: 1495 &rarr; <strong>1511</strong><br />(+16 for winning)
|raw|mirav3d's rating: 1416 &rarr; <strong>1400</strong><br />(-16 for losing)
|l|☆mirav3d
|player|p2|
|l|☆Papimami988
|player|p1|
