|j|☆goobler34
|j|☆Crimsonbacon38
|t:|1743874473
|gametype|singles
|player|p1|goobler34|petrel|1260
|player|p2|Crimsonbacon38|barry|1199
|teamsize|p1|6
|teamsize|p2|6
|gen|9
|tier|[Gen 9] OU
|rated|
|rule|HP Percentage Mod: HP is shown in percentages
|rule|Endless Battle Clause: Forcing endless battles is banned
|rule|Species Clause: Limit one of each Pokémon
|rule|OHKO Clause: OHKO moves are banned
|rule|Evasion Items Clause: Evasion items are banned
|rule|Evasion Moves Clause: Evasion moves are banned
|rule|Sleep Moves Clause: Sleep-inducing moves are banned
|clearpoke
|poke|p1|Cinderace, F|
|poke|p1|Araquanid, M|
|poke|p1|Malamar, F|
|poke|p1|Sinistcha|
|poke|p1|Bisharp, F|
|poke|p1|Klefki, M|
|poke|p2|Great Tusk|
|poke|p2|Tinkaton, F|
|poke|p2|Samurott-Hisui, M|
|poke|p2|Gliscor, F|
|poke|p2|Ogerpon-Wellspring, F|
|poke|p2|Gholdengo|
|teampreview
|inactive|Battle timer is ON: inactive players will automatically lose when time's up. (requested by goobler34)
|
|t:|1743874552
|start
|switch|p1a: Araquanid|Araquanid, M|100/100
|switch|p2a: Samurott|Samurott-Hisui, M|100/100
|turn|1
|
|t:|1743874569
|move|p2a: Samurott|Ceaseless Edge|p1a: Araquanid
|-damage|p1a: Araquanid|55/100
|-sidestart|p1: goobler34|Spikes
|move|p1a: Araquanid|Sticky Web|p2a: Samurott
|-sidestart|p2: Crimsonbacon38|move: Sticky Web
|
|upkeep
|turn|2
|
|t:|1743874579
|switch|p2a: Tinkaton|Tinkaton, F|100/100
|-activate|p2a: Tinkaton|move: Sticky Web
|-unboost|p2a: Tinkaton|spe|1
|-ability|p2a: Tinkaton|Mold Breaker
|move|p1a: Araquanid|Endeavor|p2a: Tinkaton
|-damage|p2a: Tinkaton|50/100
|
|-heal|p2a: Tinkaton|56/100|[from] item: Leftovers
|upkeep
|turn|3
|
|t:|1743874592
|switch|p1a: Cinderace|Cinderace, F|100/100
|move|p2a: Tinkaton|Stealth Rock|p1a: Cinderace
|-sidestart|p1: goobler34|move: Stealth Rock
|
|-heal|p2a: Tinkaton|62/100|[from] item: Leftovers
|upkeep
|turn|4
|inactive|Crimsonbacon38 has 120 seconds left.
|
|t:|1743874626
|switch|p2a: Gliscor|Gliscor, F|100/100
|move|p1a: Cinderace|Pyro Ball|p2a: Gliscor
|-damage|p2a: Gliscor|59/100
|
|-status|p2a: Gliscor|tox|[from] item: Toxic Orb
|upkeep
|turn|5
|
|t:|1743874633
|move|p2a: Gliscor|Protect|p2a: Gliscor
|-singleturn|p2a: Gliscor|Protect
|move|p1a: Cinderace|Court Change|p1a: Cinderace
|-start|p1a: Cinderace|typechange|Normal|[from] ability: Libero
|-swapsideconditions
|-activate|p1a: Cinderace|move: Court Change
|
|-heal|p2a: Gliscor|72/100 tox|[from] ability: Poison Heal
|upkeep
|turn|6
|
|t:|1743874644
|move|p1a: Cinderace|U-turn|p2a: Gliscor
|-resisted|p2a: Gliscor
|-damage|p2a: Gliscor|64/100 tox
|
|t:|1743874647
|switch|p1a: Sinistcha|Sinistcha|100/100|[from] U-turn
|-activate|p1a: Sinistcha|move: Sticky Web
|-unboost|p1a: Sinistcha|spe|1
|move|p2a: Gliscor|Knock Off|p1a: Sinistcha
|-supereffective|p1a: Sinistcha
|-damage|p1a: Sinistcha|71/100
|-enditem|p1a: Sinistcha|Weakness Policy
|-boost|p1a: Sinistcha|atk|2|[from] item: Weakness Policy
|-boost|p1a: Sinistcha|spa|2|[from] item: Weakness Policy
|
|-heal|p2a: Gliscor|76/100 tox|[from] ability: Poison Heal
|upkeep
|turn|7
|
|t:|1743874656
|move|p2a: Gliscor|Protect|p2a: Gliscor
|-singleturn|p2a: Gliscor|Protect
|move|p1a: Sinistcha|Calm Mind|p1a: Sinistcha
|-boost|p1a: Sinistcha|spa|1
|-boost|p1a: Sinistcha|spd|1
|
|-heal|p2a: Gliscor|89/100 tox|[from] ability: Poison Heal
|upkeep
|turn|8
|
|t:|1743874666
|switch|p2a: Tinkaton|Tinkaton, F|62/100
|-damage|p2a: Tinkaton|50/100|[from] Spikes
|-damage|p2a: Tinkaton|44/100|[from] Stealth Rock
|-ability|p2a: Tinkaton|Mold Breaker
|move|p1a: Sinistcha|Matcha Gotcha|p2a: Tinkaton
|-resisted|p2a: Tinkaton
|-damage|p2a: Tinkaton|16/100
|-heal|p1a: Sinistcha|86/100|[from] drain|[of] p2a: Tinkaton
|
|-heal|p2a: Tinkaton|22/100|[from] item: Leftovers
|upkeep
|turn|9
|
|t:|1743874677
|move|p2a: Tinkaton|Thunder Wave|p1a: Sinistcha
|-status|p1a: Sinistcha|par
|cant|p1a: Sinistcha|par
|
|-heal|p2a: Tinkaton|29/100|[from] item: Leftovers
|upkeep
|turn|10
|
|t:|1743874688
|move|p2a: Tinkaton|Stealth Rock|p1a: Sinistcha
|-sidestart|p1: goobler34|move: Stealth Rock
|move|p1a: Sinistcha|Shadow Ball|p2a: Tinkaton
|-damage|p2a: Tinkaton|0 fnt
|faint|p2a: Tinkaton
|
|upkeep
|
|t:|1743874706
|switch|p2a: Samurott|Samurott-Hisui, M|100/100
|-damage|p2a: Samurott|88/100|[from] Spikes
|-damage|p2a: Samurott|76/100|[from] Stealth Rock
|turn|11
|
|t:|1743874720
|move|p2a: Samurott|Ceaseless Edge|p1a: Sinistcha
|-supereffective|p1a: Sinistcha
|-damage|p1a: Sinistcha|25/100 par
|-sidestart|p1: goobler34|Spikes
|cant|p1a: Sinistcha|par
|
|upkeep
|turn|12
|c|☆goobler34|para is so fking lame
|
|t:|1743874728
|move|p2a: Samurott|Ceaseless Edge|p1a: Sinistcha
|-supereffective|p1a: Sinistcha
|-damage|p1a: Sinistcha|0 fnt
|-sidestart|p1: goobler34|Spikes
|faint|p1a: Sinistcha
|
|upkeep
|c|☆goobler34|they gotta rework it like they did snow
|c|☆goobler34|sleep is easier to work around than this t wave spam garbage
|inactive|goobler34 has 120 seconds left.
|
|t:|1743874761
|switch|p1a: Malamar|Malamar, F|100/100
|-activate|p1a: Malamar|move: Sticky Web
|-boost|p1a: Malamar|spe|1
|-damage|p1a: Malamar|88/100|[from] Stealth Rock
|-damage|p1a: Malamar|71/100|[from] Spikes
|turn|13
|
|t:|1743874774
|switch|p2a: Gholdengo|Gholdengo|100/100
|-damage|p2a: Gholdengo|94/100|[from] Stealth Rock
|-item|p2a: Gholdengo|Air Balloon
|-terastallize|p1a: Malamar|Fighting
|move|p1a: Malamar|Superpower|p2a: Gholdengo
|-immune|p2a: Gholdengo
|
|upkeep
|turn|14
|
|t:|1743874794
|move|p1a: Malamar|Knock Off|p2a: Gholdengo
|-supereffective|p2a: Gholdengo
|-damage|p2a: Gholdengo|34/100
|-enditem|p2a: Gholdengo|Air Balloon
|move|p2a: Gholdengo|Make It Rain|p1a: Malamar
|-damage|p1a: Malamar|0 fnt
|-unboost|p2a: Gholdengo|spa|1
|faint|p1a: Malamar
|
|upkeep
|
|t:|1743874798
|switch|p1a: Cinderace|Cinderace, F|100/100
|turn|15
|
|t:|1743874811
|move|p1a: Cinderace|Pyro Ball|p2a: Gholdengo
|-supereffective|p2a: Gholdengo
|-crit|p2a: Gholdengo
|-damage|p2a: Gholdengo|0 fnt
|faint|p2a: Gholdengo
|
|upkeep
|
|t:|1743874821
|switch|p2a: Samurott|Samurott-Hisui, M|76/100
|-damage|p2a: Samurott|63/100|[from] Spikes
|-damage|p2a: Samurott|51/100|[from] Stealth Rock
|turn|16
|
|t:|1743874829
|move|p2a: Samurott|Razor Shell|p1a: Cinderace
|-supereffective|p1a: Cinderace
|-damage|p1a: Cinderace|0 fnt
|faint|p1a: Cinderace
|
|upkeep
|
|t:|1743874832
|switch|p1a: Bisharp|Bisharp, F|100/100
|-activate|p1a: Bisharp|move: Sticky Web
|-unboost|p1a: Bisharp|spe|1
|-ability|p1a: Bisharp|Defiant|boost
|-boost|p1a: Bisharp|atk|2
|-damage|p1a: Bisharp|94/100|[from] Stealth Rock
|-damage|p1a: Bisharp|78/100|[from] Spikes
|turn|17
|
|t:|1743874840
|switch|p2a: Great Tusk|Great Tusk|100/100
|move|p1a: Bisharp|Swords Dance|p1a: Bisharp
|-boost|p1a: Bisharp|atk|2
|
|upkeep
|turn|18
|
|t:|1743874847
|move|p2a: Great Tusk|Rapid Spin|p1a: Bisharp
|-resisted|p1a: Bisharp
|-damage|p1a: Bisharp|73/100
|-boost|p2a: Great Tusk|spe|1
|-sideend|p2: Crimsonbacon38|Spikes|[from] move: Rapid Spin|[of] p2a: Great Tusk
|-sideend|p2: Crimsonbacon38|Stealth Rock|[from] move: Rapid Spin|[of] p2a: Great Tusk
|move|p1a: Bisharp|Iron Head|p2a: Great Tusk
|-damage|p2a: Great Tusk|11/100
|
|upkeep
|turn|19
|
|t:|1743874854
|move|p1a: Bisharp|Sucker Punch|p2a: Great Tusk
|-resisted|p2a: Great Tusk
|-damage|p2a: Great Tusk|0 fnt
|faint|p2a: Great Tusk
|-end|p2a: Great Tusk|Protosynthesis|[silent]
|
|upkeep
|
|t:|1743874864
|switch|p2a: Gliscor|Gliscor, F|89/100 tox
|turn|20
|
|t:|1743874872
|move|p2a: Gliscor|Earthquake|p1a: Bisharp
|-supereffective|p1a: Bisharp
|-damage|p1a: Bisharp|26/100
|move|p1a: Bisharp|Throat Chop|p2a: Gliscor
|-damage|p2a: Gliscor|0 fnt
|faint|p2a: Gliscor
|
|upkeep
|
|t:|1743874880
|switch|p2a: Samurott|Samurott-Hisui, M|51/100
|turn|21
|
|t:|1743874892
|move|p1a: Bisharp|Sucker Punch|p2a: Samurott
|-resisted|p2a: Samurott
|-damage|p2a: Samurott|0 fnt
|faint|p2a: Samurott
|
|upkeep
|
|t:|1743874895
|switch|p2a: Ogerpon|Ogerpon-Wellspring, F|100/100
|turn|22
|
|t:|1743874898
|-terastallize|p2a: Ogerpon|Water
|detailschange|p2a: Ogerpon|Ogerpon-Wellspring-Tera, F, tera:Water
|-ability|p2a: Ogerpon|Embody Aspect (Wellspring)|boost
|-boost|p2a: Ogerpon|spd|1
|move|p1a: Bisharp|Sucker Punch|p2a: Ogerpon
|-damage|p2a: Ogerpon|0 fnt
|faint|p2a: Ogerpon
|
|win|goobler34
|raw|goobler34's rating: 1260 &rarr; <strong>1281</strong><br />(+21 for winning)
|raw|Crimsonbacon38's rating: 1199 &rarr; <strong>1178</strong><br />(-21 for losing)
|c|☆goobler34|trash spammer
|l|☆goobler34
|player|p1|
|l|☆Crimsonbacon38
|player|p2|
