|j|☆ThatOneAutist_SSB
|j|☆huigg
|t:|1743926382
|gametype|singles
|player|p1|ThatOneAutist_SSB|gardenia|1229
|player|p2|huigg|169|1184
|teamsize|p1|6
|teamsize|p2|6
|gen|9
|tier|[Gen 9] OU
|rated|
|rule|HP Percentage Mod: HP is shown in percentages
|rule|Endless Battle Clause: Forcing endless battles is banned
|rule|Species Clause: Limit one of each Pokémon
|rule|OHKO Clause: OHKO moves are banned
|rule|Evasion Items Clause: Evasion items are banned
|rule|Evasion Moves Clause: Evasion moves are banned
|rule|Sleep Moves Clause: Sleep-inducing moves are banned
|clearpoke
|poke|p1|Electrode|
|poke|p1|Iron Valiant|
|poke|p1|Gholdengo|
|poke|p1|Iron Moth|
|poke|p1|Ting-Lu|
|poke|p1|Ursaluna, M|
|poke|p2|Tropius, F|
|poke|p2|Cramorant, F|
|poke|p2|Garchomp, F|
|poke|p2|Gliscor, M|
|poke|p2|Toxapex, F|
|poke|p2|Blaziken, M|
|teampreview
|c|☆ThatOneAutist_SSB|I thought MY low tier was weird
|c|☆ThatOneAutist_SSB|What the hell
|c|☆ThatOneAutist_SSB|Based
|
|t:|1743926439
|start
|switch|p1a: ROLLING THUNDER|Electrode, shiny|100/100
|switch|p2a: Toxapex|Toxapex, F|100/100
|turn|1
|
|t:|1743926448
|move|p2a: Toxapex|Baneful Bunker|p2a: Toxapex
|-singleturn|p2a: Toxapex|move: Protect
|move|p1a: ROLLING THUNDER|Volt Switch|p2a: Toxapex
|-activate|p2a: Toxapex|move: Protect
|
|upkeep
|turn|2
|
|t:|1743926456
|move|p1a: ROLLING THUNDER|Thunderbolt|p2a: Toxapex
|-supereffective|p2a: Toxapex
|-damage|p2a: Toxapex|7/100
|-damage|p1a: ROLLING THUNDER|91/100|[from] item: Life Orb
|move|p2a: Toxapex|Toxic Spikes|p1a: ROLLING THUNDER
|-sidestart|p1: ThatOneAutist_SSB|move: Toxic Spikes
|
|-heal|p2a: Toxapex|13/100|[from] item: Leftovers
|upkeep
|turn|3
|
|t:|1743926463
|move|p1a: ROLLING THUNDER|Substitute|p1a: ROLLING THUNDER
|-start|p1a: ROLLING THUNDER|Substitute
|-damage|p1a: ROLLING THUNDER|66/100
|move|p2a: Toxapex|Toxic Spikes|p1a: ROLLING THUNDER
|-sidestart|p1: ThatOneAutist_SSB|move: Toxic Spikes
|
|-heal|p2a: Toxapex|19/100|[from] item: Leftovers
|upkeep
|turn|4
|
|t:|1743926469
|move|p1a: ROLLING THUNDER|Thunderbolt|p2a: Toxapex
|-supereffective|p2a: Toxapex
|-damage|p2a: Toxapex|0 fnt
|faint|p2a: Toxapex
|-damage|p1a: ROLLING THUNDER|56/100|[from] item: Life Orb
|
|upkeep
|
|t:|1743926486
|switch|p2a: Garchomp|Garchomp, F|100/100
|turn|5
|inactive|Battle timer is ON: inactive players will automatically lose when time's up. (requested by ThatOneAutist_SSB)
|
|t:|1743926493
|-terastallize|p1a: ROLLING THUNDER|Ice
|move|p1a: ROLLING THUNDER|Tera Blast|p2a: Garchomp|[anim] Tera Blast Ice
|-supereffective|p2a: Garchomp
|-damage|p2a: Garchomp|0 fnt
|faint|p2a: Garchomp
|-damage|p1a: ROLLING THUNDER|46/100|[from] item: Life Orb
|
|upkeep
|
|t:|1743926499
|switch|p2a: Cramorant|Cramorant, F|100/100
|turn|6
|
|t:|1743926503
|move|p1a: ROLLING THUNDER|Thunderbolt|p2a: Cramorant
|-supereffective|p2a: Cramorant
|-damage|p2a: Cramorant|0 fnt
|faint|p2a: Cramorant
|-damage|p1a: ROLLING THUNDER|36/100|[from] item: Life Orb
|
|upkeep
|
|t:|1743926508
|switch|p2a: Tropius|Tropius, F|100/100
|turn|7
|
|t:|1743926513
|-terastallize|p2a: Tropius|Steel
|move|p1a: ROLLING THUNDER|Tera Blast|p2a: Tropius|[anim] Tera Blast Ice
|-resisted|p2a: Tropius
|-crit|p2a: Tropius
|-damage|p2a: Tropius|80/100
|-damage|p1a: ROLLING THUNDER|26/100|[from] item: Life Orb
|move|p2a: Tropius|Substitute|p2a: Tropius
|-start|p2a: Tropius|Substitute
|-damage|p2a: Tropius|55/100
|
|upkeep
|turn|8
|
|t:|1743926531
|move|p1a: ROLLING THUNDER|Volt Switch|p2a: Tropius
|-end|p2a: Tropius|Substitute
|-damage|p1a: ROLLING THUNDER|16/100|[from] item: Life Orb
|
|t:|1743926542
|switch|p1a: Skin Cancer|Iron Moth|100/100|[from] Volt Switch
|-sideend|p1: ThatOneAutist_SSB|move: Toxic Spikes|[of] p1a: Skin Cancer
|move|p2a: Tropius|Air Slash|p1a: Skin Cancer
|-damage|p1a: Skin Cancer|79/100
|
|upkeep
|turn|9
|
|t:|1743926554
|move|p2a: Tropius|Protect|p2a: Tropius
|-singleturn|p2a: Tropius|Protect
|move|p1a: Skin Cancer|Flamethrower|p2a: Tropius
|-activate|p2a: Tropius|move: Protect
|
|upkeep
|turn|10
|
|t:|1743926563
|move|p1a: Skin Cancer|Flamethrower|p2a: Tropius
|-supereffective|p2a: Tropius
|-damage|p2a: Tropius|0 fnt
|faint|p2a: Tropius
|
|upkeep
|
|t:|1743926567
|switch|p2a: Blaziken|Blaziken, M|100/100
|turn|11
|
|t:|1743926576
|move|p1a: Skin Cancer|Meteor Beam||[still]
|-prepare|p1a: Skin Cancer|Meteor Beam
|-boost|p1a: Skin Cancer|spa|1
|-enditem|p1a: Skin Cancer|Power Herb
|-anim|p1a: Skin Cancer|Meteor Beam|p2a: Blaziken
|-crit|p2a: Blaziken
|-damage|p2a: Blaziken|0 fnt
|faint|p2a: Blaziken
|
|upkeep
|c|☆huigg|a crit really!?
|
|t:|1743926594
|switch|p2a: Gliscor|Gliscor, M|100/100
|turn|12
|c|☆ThatOneAutist_SSB|I do not believe the crit mattered
|c|☆ThatOneAutist_SSB|At least I hope bro
|
|t:|1743926616
|move|p2a: Gliscor|Protect|p2a: Gliscor
|-singleturn|p2a: Gliscor|Protect
|move|p1a: Skin Cancer|Flamethrower|p2a: Gliscor
|-activate|p2a: Gliscor|move: Protect
|
|-status|p2a: Gliscor|tox|[from] item: Toxic Orb
|upkeep
|turn|13
|
|t:|1743926622
|move|p1a: Skin Cancer|Flamethrower|p2a: Gliscor
|-damage|p2a: Gliscor|0 fnt
|faint|p2a: Gliscor
|
|win|ThatOneAutist_SSB
|raw|ThatOneAutist_SSB's rating: 1229 &rarr; <strong>1251</strong><br />(+22 for winning)
|raw|huigg's rating: 1184 &rarr; <strong>1162</strong><br />(-22 for losing)
|l|☆huigg
|player|p2|
|c|☆ThatOneAutist_SSB|Unlucky asl
