|j|☆IC Lion
|j|☆has pronouns
|t:|1743779780
|gametype|singles
|player|p1|IC Lion|silver|1317
|player|p2|has pronouns|roxie|1343
|teamsize|p1|6
|teamsize|p2|6
|gen|9
|tier|[Gen 9] OU
|rated|
|rule|HP Percentage Mod: HP is shown in percentages
|rule|Endless Battle Clause: Forcing endless battles is banned
|rule|Species Clause: Limit one of each Pokémon
|rule|OHKO Clause: OHKO moves are banned
|rule|Evasion Items Clause: Evasion items are banned
|rule|Evasion Moves Clause: Evasion moves are banned
|rule|Sleep Moves Clause: Sleep-inducing moves are banned
|clearpoke
|poke|p1|Gliscor, M|
|poke|p1|Dragonite, F|
|poke|p1|Cresselia, F|
|poke|p1|Kingambit, F|
|poke|p1|Ogerpon-Wellspring, F|
|poke|p1|Diancie|
|poke|p2|Goodra-Hisui, F|
|poke|p2|Samurott-Hisui, M|
|poke|p2|Gholdengo|
|poke|p2|Great Tusk|
|poke|p2|Glimmora, M|
|poke|p2|Raging Bolt|
|teampreview
|inactive|Battle timer is ON: inactive players will automatically lose when time's up. (requested by has pronouns)
|
|t:|1743779789
|start
|switch|p1a: Cresselia|Cresselia, F|100/100
|switch|p2a: Glimmora|Glimmora, M, shiny|100/100
|turn|1
|
|t:|1743779794
|-terastallize|p1a: Cresselia|Electric
|move|p2a: Glimmora|Stealth Rock|p1a: Cresselia
|-sidestart|p1: IC Lion|move: Stealth Rock
|move|p1a: Cresselia|Calm Mind|p1a: Cresselia
|-boost|p1a: Cresselia|spa|1
|-boost|p1a: Cresselia|spd|1
|
|upkeep
|turn|2
|
|t:|1743779799
|move|p2a: Glimmora|Mortal Spin|p1a: Cresselia
|-damage|p1a: Cresselia|96/100
|-status|p1a: Cresselia|psn
|move|p1a: Cresselia|Calm Mind|p1a: Cresselia
|-boost|p1a: Cresselia|spa|1
|-boost|p1a: Cresselia|spd|1
|
|-heal|p1a: Cresselia|100/100 psn|[from] item: Leftovers
|-damage|p1a: Cresselia|88/100 psn|[from] psn
|upkeep
|turn|3
|
|t:|1743779808
|switch|p2a: Goodra|Goodra-Hisui, F, shiny|100/100
|move|p1a: Cresselia|Calm Mind|p1a: Cresselia
|-boost|p1a: Cresselia|spa|1
|-boost|p1a: Cresselia|spd|1
|
|-heal|p1a: Cresselia|94/100 psn|[from] item: Leftovers
|-damage|p1a: Cresselia|82/100 psn|[from] psn
|upkeep
|turn|4
|
|t:|1743779812
|move|p1a: Cresselia|Ice Beam|p2a: Goodra
|-damage|p2a: Goodra|80/100
|move|p2a: Goodra|Dragon Tail|p1a: Cresselia
|-damage|p1a: Cresselia|70/100 psn
|drag|p1a: Gliscor|Gliscor, M|100/100
|-damage|p1a: Gliscor|88/100|[from] Stealth Rock
|
|-status|p1a: Gliscor|tox|[from] item: Toxic Orb
|upkeep
|turn|5
|
|t:|1743779820
|move|p1a: Gliscor|Earthquake|p2a: Goodra
|-supereffective|p2a: Goodra
|-damage|p2a: Goodra|8/100
|move|p2a: Goodra|Ice Beam|p1a: Gliscor
|-supereffective|p1a: Gliscor
|-damage|p1a: Gliscor|0 fnt
|faint|p1a: Gliscor
|
|upkeep
|
|t:|1743779825
|switch|p1a: Cresselia|Cresselia, F, tera:Electric|70/100 psn
|-damage|p1a: Cresselia|58/100 psn|[from] Stealth Rock
|turn|6
|
|t:|1743779850
|switch|p2a: Glimmora|Glimmora, M, shiny|100/100
|move|p1a: Cresselia|Moonlight|p1a: Cresselia
|-heal|p1a: Cresselia|100/100 psn
|
|-damage|p1a: Cresselia|88/100 psn|[from] psn
|upkeep
|turn|7
|
|t:|1743779863
|move|p2a: Glimmora|Power Gem|p1a: Cresselia
|-damage|p1a: Cresselia|59/100 psn
|move|p1a: Cresselia|Calm Mind|p1a: Cresselia
|-boost|p1a: Cresselia|spa|1
|-boost|p1a: Cresselia|spd|1
|
|-heal|p1a: Cresselia|65/100 psn|[from] item: Leftovers
|-damage|p1a: Cresselia|53/100 psn|[from] psn
|upkeep
|turn|8
|
|t:|1743779872
|switch|p2a: Goodra|Goodra-Hisui, F, shiny|8/100
|move|p1a: Cresselia|Moonlight|p1a: Cresselia
|-heal|p1a: Cresselia|100/100 psn
|
|-damage|p1a: Cresselia|88/100 psn|[from] psn
|upkeep
|turn|9
|
|t:|1743779880
|move|p1a: Cresselia|Ice Beam|p2a: Goodra
|-crit|p2a: Goodra
|-damage|p2a: Goodra|0 fnt
|faint|p2a: Goodra
|
|-heal|p1a: Cresselia|94/100 psn|[from] item: Leftovers
|-damage|p1a: Cresselia|82/100 psn|[from] psn
|upkeep
|
|t:|1743779886
|switch|p2a: Gholdengo|Gholdengo, shiny|100/100
|-item|p2a: Gholdengo|Air Balloon
|turn|10
|
|t:|1743779889
|move|p2a: Gholdengo|Hex|p1a: Cresselia
|-damage|p1a: Cresselia|59/100 psn
|move|p1a: Cresselia|Calm Mind|p1a: Cresselia
|-boost|p1a: Cresselia|spa|1
|-boost|p1a: Cresselia|spd|1
|
|-heal|p1a: Cresselia|65/100 psn|[from] item: Leftovers
|-damage|p1a: Cresselia|52/100 psn|[from] psn
|upkeep
|turn|11
|
|t:|1743779904
|switch|p2a: Samurott|Samurott-Hisui, M, shiny|100/100
|move|p1a: Cresselia|Moonlight|p1a: Cresselia
|-heal|p1a: Cresselia|100/100 psn
|
|-damage|p1a: Cresselia|88/100 psn|[from] psn
|upkeep
|turn|12
|
|t:|1743779914
|move|p2a: Samurott|Knock Off|p1a: Cresselia
|-damage|p1a: Cresselia|62/100 psn
|-enditem|p1a: Cresselia|Leftovers|[from] move: Knock Off|[of] p2a: Samurott
|move|p1a: Cresselia|Thunderbolt|p2a: Samurott
|-supereffective|p2a: Samurott
|-damage|p2a: Samurott|0 fnt
|faint|p2a: Samurott
|
|-damage|p1a: Cresselia|49/100 psn|[from] psn
|upkeep
|
|t:|1743779935
|switch|p2a: Great Tusk|Great Tusk, shiny|100/100
|turn|13
|
|t:|1743779948
|-end|p2a: Great Tusk|Protosynthesis|[silent]
|switch|p2a: Glimmora|Glimmora, M, shiny|100/100
|move|p1a: Cresselia|Moonlight|p1a: Cresselia
|-heal|p1a: Cresselia|99/100 psn
|
|-damage|p1a: Cresselia|87/100 psn|[from] psn
|upkeep
|turn|14
|
|t:|1743779961
|move|p2a: Glimmora|Power Gem|p1a: Cresselia
|-damage|p1a: Cresselia|74/100 psn
|move|p1a: Cresselia|Calm Mind|p1a: Cresselia
|-boost|p1a: Cresselia|spa|1
|-boost|p1a: Cresselia|spd|1
|
|-damage|p1a: Cresselia|61/100 psn|[from] psn
|upkeep
|turn|15
|
|t:|1743779967
|move|p2a: Glimmora|Power Gem|p1a: Cresselia
|-damage|p1a: Cresselia|50/100 psn
|move|p1a: Cresselia|Calm Mind|p1a: Cresselia
|-boost|p1a: Cresselia|spa|1
|-boost|p1a: Cresselia|spd|1
|
|-damage|p1a: Cresselia|37/100 psn|[from] psn
|upkeep
|turn|16
|
|t:|1743779972
|move|p2a: Glimmora|Power Gem|p1a: Cresselia
|-damage|p1a: Cresselia|28/100 psn
|move|p1a: Cresselia|Moonlight|p1a: Cresselia
|-heal|p1a: Cresselia|78/100 psn
|
|-damage|p1a: Cresselia|65/100 psn|[from] psn
|upkeep
|turn|17
|
|t:|1743779979
|move|p2a: Glimmora|Power Gem|p1a: Cresselia
|-damage|p1a: Cresselia|57/100 psn
|move|p1a: Cresselia|Moonlight|p1a: Cresselia
|-heal|p1a: Cresselia|100/100 psn
|
|-damage|p1a: Cresselia|88/100 psn|[from] psn
|upkeep
|turn|18
|
|t:|1743779994
|move|p2a: Glimmora|Power Gem|p1a: Cresselia
|-damage|p1a: Cresselia|79/100 psn
|move|p1a: Cresselia|Calm Mind|p1a: Cresselia
|-boost|p1a: Cresselia|spa|1
|-boost|p1a: Cresselia|spd|1
|
|-damage|p1a: Cresselia|66/100 psn|[from] psn
|upkeep
|turn|19
|
|t:|1743780000
|move|p2a: Glimmora|Power Gem|p1a: Cresselia
|-damage|p1a: Cresselia|59/100 psn
|move|p1a: Cresselia|Calm Mind|p1a: Cresselia
|-boost|p1a: Cresselia|spa|1
|-boost|p1a: Cresselia|spd|1
|
|-damage|p1a: Cresselia|46/100 psn|[from] psn
|upkeep
|turn|20
|
|t:|1743780006
|move|p2a: Glimmora|Power Gem|p1a: Cresselia
|-damage|p1a: Cresselia|39/100 psn
|move|p1a: Cresselia|Moonlight|p1a: Cresselia
|-heal|p1a: Cresselia|89/100 psn
|
|-damage|p1a: Cresselia|77/100 psn|[from] psn
|upkeep
|turn|21
|
|t:|1743780018
|move|p2a: Glimmora|Mortal Spin|p1a: Cresselia
|-damage|p1a: Cresselia|73/100 psn
|move|p1a: Cresselia|Moonlight|p1a: Cresselia
|-heal|p1a: Cresselia|100/100 psn
|
|-damage|p1a: Cresselia|88/100 psn|[from] psn
|upkeep
|turn|22
|
|t:|1743780039
|move|p2a: Glimmora|Power Gem|p1a: Cresselia
|-damage|p1a: Cresselia|80/100 psn
|move|p1a: Cresselia|Thunderbolt|p2a: Glimmora
|-enditem|p2a: Glimmora|Focus Sash
|-damage|p2a: Glimmora|1/100
|
|-damage|p1a: Cresselia|68/100 psn|[from] psn
|upkeep
|turn|23
|
|t:|1743780050
|switch|p2a: Great Tusk|Great Tusk, shiny|100/100
|move|p1a: Cresselia|Thunderbolt|p2a: Great Tusk
|-immune|p2a: Great Tusk
|
|-damage|p1a: Cresselia|56/100 psn|[from] psn
|upkeep
|turn|24
|
|t:|1743780075
|-end|p2a: Great Tusk|Protosynthesis|[silent]
|switch|p2a: Glimmora|Glimmora, M, shiny|1/100
|move|p1a: Cresselia|Ice Beam|p2a: Glimmora
|-damage|p2a: Glimmora|0 fnt
|faint|p2a: Glimmora
|
|-damage|p1a: Cresselia|43/100 psn|[from] psn
|upkeep
|
|t:|1743780087
|switch|p2a: Gholdengo|Gholdengo, shiny|100/100
|-item|p2a: Gholdengo|Air Balloon
|turn|25
|
|t:|1743780101
|move|p2a: Gholdengo|Hex|p1a: Cresselia
|-damage|p1a: Cresselia|35/100 psn
|move|p1a: Cresselia|Thunderbolt|p2a: Gholdengo
|-damage|p2a: Gholdengo|0 fnt
|-enditem|p2a: Gholdengo|Air Balloon
|faint|p2a: Gholdengo
|
|-damage|p1a: Cresselia|22/100 psn|[from] psn
|upkeep
|
|t:|1743780107
|switch|p2a: Great Tusk|Great Tusk, shiny|100/100
|turn|26
|
|t:|1743780110
|move|p2a: Great Tusk|Ice Spinner|p1a: Cresselia
|-damage|p1a: Cresselia|10/100 psn
|move|p1a: Cresselia|Ice Beam|p2a: Great Tusk
|-supereffective|p2a: Great Tusk
|-damage|p2a: Great Tusk|0 fnt
|faint|p2a: Great Tusk
|-end|p2a: Great Tusk|Protosynthesis|[silent]
|
|-damage|p1a: Cresselia|0 fnt|[from] psn
|faint|p1a: Cresselia
|upkeep
|
|t:|1743780119
|switch|p2a: Raging Bolt|Raging Bolt|100/100
|switch|p1a: Diancie|Diancie|100/100
|-damage|p1a: Diancie|88/100|[from] Stealth Rock
|-enditem|p2a: Raging Bolt|Booster Energy
|-activate|p2a: Raging Bolt|ability: Protosynthesis|[fromitem]
|-start|p2a: Raging Bolt|protosynthesisspa
|turn|27
|
|t:|1743780124
|move|p2a: Raging Bolt|Calm Mind|p2a: Raging Bolt
|-boost|p2a: Raging Bolt|spa|1
|-boost|p2a: Raging Bolt|spd|1
|move|p1a: Diancie|Dazzling Gleam|p2a: Raging Bolt
|-supereffective|p2a: Raging Bolt
|-damage|p2a: Raging Bolt|49/100
|
|-heal|p1a: Diancie|94/100|[from] item: Leftovers
|upkeep
|turn|28
|
|t:|1743780144
|-terastallize|p2a: Raging Bolt|Fairy
|move|p2a: Raging Bolt|Thunderbolt|p1a: Diancie
|-damage|p1a: Diancie|6/100
|move|p1a: Diancie|Dazzling Gleam|p2a: Raging Bolt
|-damage|p2a: Raging Bolt|27/100
|
|-heal|p1a: Diancie|12/100|[from] item: Leftovers
|upkeep
|turn|29
|
|t:|1743780152
|move|p2a: Raging Bolt|Thunderbolt|p1a: Diancie
|-damage|p1a: Diancie|0 fnt
|faint|p1a: Diancie
|
|upkeep
|
|t:|1743780157
|switch|p1a: Kingambit|Kingambit, F, shiny|100/100
|-damage|p1a: Kingambit|94/100|[from] Stealth Rock
|-activate|p1a: Kingambit|ability: Supreme Overlord
|-start|p1a: Kingambit|fallen3|[silent]
|turn|30
|
|t:|1743780162
|move|p2a: Raging Bolt|Thunderbolt|p1a: Kingambit
|-damage|p1a: Kingambit|21/100
|move|p1a: Kingambit|Iron Head|p2a: Raging Bolt
|-supereffective|p2a: Raging Bolt
|-damage|p2a: Raging Bolt|0 fnt
|faint|p2a: Raging Bolt
|-end|p2a: Raging Bolt|Protosynthesis|[silent]
|
|win|IC Lion
|raw|IC Lion's rating: 1317 &rarr; <strong>1338</strong><br />(+21 for winning)
|raw|has pronouns's rating: 1343 &rarr; <strong>1322</strong><br />(-21 for losing)
|l|☆has pronouns
|player|p2|
|l|☆IC Lion
|player|p1|
