|j|☆zzhzzhzzh
|j|☆owenowen7786
|t:|1743921138
|gametype|singles
|player|p1|zzhzzhzzh|2|1060
|player|p2|owenowen7786|265|1118
|teamsize|p1|6
|teamsize|p2|6
|gen|9
|tier|[Gen 9] OU
|rated|
|rule|HP Percentage Mod: HP is shown in percentages
|rule|Endless Battle Clause: Forcing endless battles is banned
|rule|Species Clause: Limit one of each Pokémon
|rule|OHKO Clause: OHKO moves are banned
|rule|Evasion Items Clause: Evasion items are banned
|rule|Evasion Moves Clause: Evasion moves are banned
|rule|Sleep Moves Clause: Sleep-inducing moves are banned
|clearpoke
|poke|p1|Pelipper, M|
|poke|p1|Jolteon, M|
|poke|p1|Alomomola, F|
|poke|p1|Basculegion, M|
|poke|p1|Jirachi|
|poke|p1|Cramorant, M|
|poke|p2|Pecharunt|
|poke|p2|Tinkaton, F|
|poke|p2|Masquerain, M|
|poke|p2|Ceruledge, F|
|poke|p2|Ogerpon-Wellspring, F|
|poke|p2|Blissey, F|
|teampreview
|inactive|Battle timer is ON: inactive players will automatically lose when time's up. (requested by zzhzzhzzh)
|
|t:|1743921150
|start
|switch|p1a: Pelipper|Pelipper, M|100/100
|switch|p2a: 威嚇蟲|Masquerain, M, shiny|100/100
|-ability|p2a: 威嚇蟲|Intimidate|boost
|-unboost|p1a: Pelipper|atk|1
|-weather|RainDance|[from] ability: Drizzle|[of] p1a: Pelipper
|turn|1
|
|t:|1743921158
|switch|p1a: Cramorant|Cramorant, M|100/100
|move|p2a: 威嚇蟲|Sticky Web|p1a: Cramorant
|-sidestart|p1: zzhzzhzzh|move: Sticky Web
|
|-weather|RainDance|[upkeep]
|upkeep
|turn|2
|
|t:|1743921166
|move|p1a: Cramorant|Surf|p2a: 威嚇蟲
|-formechange|p1a: Cramorant|Cramorant-Gulping|
|-damage|p2a: 威嚇蟲|21/100
|move|p2a: 威嚇蟲|Chilling Water|p1a: Cramorant
|-resisted|p1a: Cramorant
|-damage|p1a: Cramorant|89/100
|-unboost|p1a: Cramorant|atk|1
|-damage|p2a: 威嚇蟲|0 fnt|[from] ability: Gulp Missile|[of] p1a: Cramorant
|-formechange|p1a: Cramorant|Cramorant|
|faint|p2a: 威嚇蟲
|
|-weather|RainDance|[upkeep]
|upkeep
|inactive|owenowen7786 has 120 seconds left.
|
|t:|1743921196
|switch|p2a: 麻吉麻吉|Pecharunt|100/100
|turn|3
|
|t:|1743921201
|-terastallize|p2a: 麻吉麻吉|Poison
|move|p1a: Cramorant|Defog|p2a: 麻吉麻吉
|-unboost|p2a: 麻吉麻吉|evasion|1
|-sideend|p1: zzhzzhzzh|Sticky Web|[from] move: Defog|[of] p1a: Cramorant
|move|p2a: 麻吉麻吉|Malignant Chain|p1a: Cramorant
|-damage|p1a: Cramorant|38/100
|
|-weather|RainDance|[upkeep]
|upkeep
|turn|4
|
|t:|1743921210
|move|p1a: Cramorant|Surf|p2a: 麻吉麻吉
|-formechange|p1a: Cramorant|Cramorant-Gorging|
|-damage|p2a: 麻吉麻吉|63/100
|move|p2a: 麻吉麻吉|Malignant Chain|p1a: Cramorant
|-damage|p1a: Cramorant|0 fnt
|-damage|p2a: 麻吉麻吉|38/100|[from] ability: Gulp Missile|[of] p1a: Cramorant
|-status|p2a: 麻吉麻吉|par
|-formechange|p1a: Cramorant|Cramorant|
|faint|p1a: Cramorant
|
|-weather|RainDance|[upkeep]
|-heal|p2a: 麻吉麻吉|44/100 par|[from] item: Black Sludge
|upkeep
|
|t:|1743921225
|switch|p1a: Jirachi|Jirachi|100/100
|turn|5
|
|t:|1743921235
|move|p2a: 麻吉麻吉|Protect|p2a: 麻吉麻吉
|-singleturn|p2a: 麻吉麻吉|Protect
|move|p1a: Jirachi|Trick|p2a: 麻吉麻吉
|-activate|p2a: 麻吉麻吉|move: Protect
|
|-weather|none
|-heal|p2a: 麻吉麻吉|50/100 par|[from] item: Black Sludge
|upkeep
|turn|6
|
|t:|1743921244
|move|p1a: Jirachi|Trick|p2a: 麻吉麻吉
|-activate|p1a: Jirachi|move: Trick|[of] p2a: 麻吉麻吉
|-item|p2a: 麻吉麻吉|Choice Scarf|[from] move: Trick
|-item|p1a: Jirachi|Black Sludge|[from] move: Trick
|move|p2a: 麻吉麻吉|Recover|p2a: 麻吉麻吉
|-heal|p2a: 麻吉麻吉|100/100 par
|
|-damage|p1a: Jirachi|88/100|[from] item: Black Sludge
|upkeep
|turn|7
|
|t:|1743921260
|switch|p2a: 火之刃|Ceruledge, F, shiny|100/100
|move|p1a: Jirachi|Iron Head|p2a: 火之刃
|-resisted|p2a: 火之刃
|-damage|p2a: 火之刃|81/100
|
|-damage|p1a: Jirachi|76/100|[from] item: Black Sludge
|upkeep
|turn|8
|
|t:|1743921274
|switch|p1a: Pelipper|Pelipper, M|100/100
|-weather|RainDance|[from] ability: Drizzle|[of] p1a: Pelipper
|move|p2a: 火之刃|Bitter Blade|p1a: Pelipper
|-resisted|p1a: Pelipper
|-damage|p1a: Pelipper|88/100
|-heal|p2a: 火之刃|87/100|[from] drain|[of] p1a: Pelipper
|
|-weather|RainDance|[upkeep]
|upkeep
|turn|9
|
|t:|1743921289
|move|p2a: 火之刃|Shadow Claw|p1a: Pelipper
|-damage|p1a: Pelipper|48/100
|move|p1a: Pelipper|Hurricane|p2a: 火之刃
|-damage|p2a: 火之刃|25/100
|-start|p2a: 火之刃|confusion
|
|-weather|RainDance|[upkeep]
|upkeep
|turn|10
|
|t:|1743921297
|-activate|p2a: 火之刃|confusion
|-damage|p2a: 火之刃|5/100|[from] confusion
|move|p1a: Pelipper|Roost|p1a: Pelipper
|-heal|p1a: Pelipper|98/100
|-singleturn|p1a: Pelipper|move: Roost
|
|-weather|RainDance|[upkeep]
|upkeep
|turn|11
|
|t:|1743921305
|-activate|p2a: 火之刃|confusion
|move|p2a: 火之刃|Shadow Claw|p1a: Pelipper
|-damage|p1a: Pelipper|59/100
|move|p1a: Pelipper|Roost|p1a: Pelipper
|-heal|p1a: Pelipper|100/100
|-singleturn|p1a: Pelipper|move: Roost
|
|-weather|RainDance|[upkeep]
|upkeep
|turn|12
|
|t:|1743921317
|switch|p1a: Alomomola|Alomomola, F|100/100
|-activate|p2a: 火之刃|confusion
|move|p2a: 火之刃|Close Combat|p1a: Alomomola
|-damage|p1a: Alomomola|78/100
|-unboost|p2a: 火之刃|def|1
|-unboost|p2a: 火之刃|spd|1
|-damage|p2a: 火之刃|0 fnt|[from] item: Rocky Helmet|[of] p1a: Alomomola
|faint|p2a: 火之刃
|
|-weather|none
|upkeep
|
|t:|1743921333
|switch|p2a: 水泵|Ogerpon-Wellspring, F|100/100
|turn|13
|
|t:|1743921348
|switch|p1a: Jirachi|Jirachi|76/100
|move|p2a: 水泵|Horn Leech|p1a: Jirachi
|-resisted|p1a: Jirachi
|-damage|p1a: Jirachi|59/100
|
|-damage|p1a: Jirachi|47/100|[from] item: Black Sludge
|upkeep
|turn|14
|
|t:|1743921360
|move|p2a: 水泵|Ivy Cudgel|p1a: Jirachi|[anim] Ivy Cudgel Water
|-damage|p1a: Jirachi|2/100
|move|p1a: Jirachi|Stealth Rock|p2a: 水泵
|-sidestart|p2: owenowen7786|move: Stealth Rock
|
|-damage|p1a: Jirachi|0 fnt|[from] item: Black Sludge
|faint|p1a: Jirachi
|upkeep
|
|t:|1743921367
|switch|p1a: Pelipper|Pelipper, M|100/100
|-weather|RainDance|[from] ability: Drizzle|[of] p1a: Pelipper
|turn|15
|
|t:|1743921379
|move|p2a: 水泵|U-turn|p1a: Pelipper
|-resisted|p1a: Pelipper
|-damage|p1a: Pelipper|86/100
|
|t:|1743921395
|switch|p2a: 麻吉麻吉|Pecharunt, tera:Poison|100/100 par|[from] U-turn
|-damage|p2a: 麻吉麻吉|88/100 par|[from] Stealth Rock
|move|p1a: Pelipper|Hurricane|p2a: 麻吉麻吉
|-damage|p2a: 麻吉麻吉|54/100 par
|
|-weather|RainDance|[upkeep]
|upkeep
|turn|16
|
|t:|1743921411
|switch|p1a: Alomomola|Alomomola, F|100/100
|move|p2a: 麻吉麻吉|Malignant Chain|p1a: Alomomola
|-damage|p1a: Alomomola|49/100
|
|-weather|RainDance|[upkeep]
|upkeep
|turn|17
|
|t:|1743921419
|move|p1a: Alomomola|Protect|p1a: Alomomola
|-singleturn|p1a: Alomomola|Protect
|move|p2a: 麻吉麻吉|Malignant Chain|p1a: Alomomola
|-activate|p1a: Alomomola|move: Protect
|
|-weather|RainDance|[upkeep]
|upkeep
|turn|18
|
|t:|1743921426
|move|p1a: Alomomola|Scald|p2a: 麻吉麻吉
|-damage|p2a: 麻吉麻吉|40/100 par
|move|p2a: 麻吉麻吉|Malignant Chain|p1a: Alomomola
|-damage|p1a: Alomomola|2/100
|
|-weather|RainDance|[upkeep]
|upkeep
|turn|19
|
|t:|1743921433
|move|p1a: Alomomola|Scald|p2a: 麻吉麻吉
|-damage|p2a: 麻吉麻吉|27/100 par
|cant|p2a: 麻吉麻吉|par
|
|-weather|none
|upkeep
|turn|20
|
|t:|1743921441
|move|p1a: Alomomola|Wish|p1a: Alomomola
|move|p2a: 麻吉麻吉|Malignant Chain|p1a: Alomomola
|-damage|p1a: Alomomola|0 fnt
|faint|p1a: Alomomola
|
|upkeep
|
|t:|1743921446
|switch|p1a: Pelipper|Pelipper, M|86/100
|-weather|RainDance|[from] ability: Drizzle|[of] p1a: Pelipper
|turn|21
|
|t:|1743921450
|move|p1a: Pelipper|Hurricane|p2a: 麻吉麻吉
|-damage|p2a: 麻吉麻吉|0 fnt
|faint|p2a: 麻吉麻吉
|
|-weather|RainDance|[upkeep]
|-heal|p1a: Pelipper|100/100|[from] move: Wish|[wisher] Alomomola
|upkeep
|
|t:|1743921460
|switch|p2a: 粉紅惡魔|Blissey, F, shiny|100/100
|-damage|p2a: 粉紅惡魔|88/100|[from] Stealth Rock
|turn|22
|
|t:|1743921470
|switch|p1a: Basculegion|Basculegion, M|100/100
|move|p2a: 粉紅惡魔|Stealth Rock|p1a: Basculegion
|-sidestart|p1: zzhzzhzzh|move: Stealth Rock
|
|-weather|RainDance|[upkeep]
|-heal|p2a: 粉紅惡魔|94/100|[from] item: Leftovers
|upkeep
|turn|23
|
|t:|1743921486
|move|p1a: Basculegion|Scale Shot|p2a: 粉紅惡魔
|-damage|p2a: 粉紅惡魔|84/100
|-damage|p2a: 粉紅惡魔|73/100
|-hitcount|p2a: 粉紅惡魔|2
|-unboost|p1a: Basculegion|def|1
|-boost|p1a: Basculegion|spe|1
|move|p2a: 粉紅惡魔|Charm|p1a: Basculegion
|-unboost|p1a: Basculegion|atk|2
|
|-weather|RainDance|[upkeep]
|-heal|p2a: 粉紅惡魔|79/100|[from] item: Leftovers
|upkeep
|turn|24
|
|t:|1743921499
|switch|p1a: Pelipper|Pelipper, M|100/100
|-damage|p1a: Pelipper|75/100|[from] Stealth Rock
|move|p2a: 粉紅惡魔|Soft-Boiled|p2a: 粉紅惡魔
|-heal|p2a: 粉紅惡魔|100/100
|
|-weather|RainDance|[upkeep]
|upkeep
|turn|25
|
|t:|1743921510
|move|p1a: Pelipper|Roost|p1a: Pelipper
|-heal|p1a: Pelipper|100/100
|-singleturn|p1a: Pelipper|move: Roost
|move|p2a: 粉紅惡魔|Seismic Toss|p1a: Pelipper
|-damage|p1a: Pelipper|70/100
|
|-weather|none
|upkeep
|turn|26
|
|t:|1743921518
|move|p1a: Pelipper|Hurricane|p2a: 粉紅惡魔|[miss]
|-miss|p1a: Pelipper|p2a: 粉紅惡魔
|move|p2a: 粉紅惡魔|Seismic Toss|p1a: Pelipper
|-damage|p1a: Pelipper|39/100
|
|upkeep
|turn|27
|
|t:|1743921525
|move|p1a: Pelipper|Tailwind|p1a: Pelipper
|-sidestart|p1: zzhzzhzzh|move: Tailwind
|move|p2a: 粉紅惡魔|Seismic Toss|p1a: Pelipper
|-damage|p1a: Pelipper|8/100
|
|upkeep
|turn|28
|
|t:|1743921533
|move|p1a: Pelipper|Roost|p1a: Pelipper
|-heal|p1a: Pelipper|58/100
|-singleturn|p1a: Pelipper|move: Roost
|move|p2a: 粉紅惡魔|Seismic Toss|p1a: Pelipper
|-damage|p1a: Pelipper|27/100
|
|upkeep
|turn|29
|
|t:|1743921540
|move|p1a: Pelipper|Roost|p1a: Pelipper
|-heal|p1a: Pelipper|77/100
|-singleturn|p1a: Pelipper|move: Roost
|move|p2a: 粉紅惡魔|Seismic Toss|p1a: Pelipper
|-damage|p1a: Pelipper|46/100
|
|upkeep
|turn|30
|
|t:|1743921553
|move|p1a: Pelipper|Roost|p1a: Pelipper
|-heal|p1a: Pelipper|96/100
|-singleturn|p1a: Pelipper|move: Roost
|move|p2a: 粉紅惡魔|Seismic Toss|p1a: Pelipper
|-damage|p1a: Pelipper|65/100
|
|-sideend|p1: zzhzzhzzh|move: Tailwind
|upkeep
|turn|31
|
|t:|1743921561
|switch|p1a: Basculegion|Basculegion, M|100/100
|-damage|p1a: Basculegion|88/100|[from] Stealth Rock
|move|p2a: 粉紅惡魔|Seismic Toss|p1a: Basculegion
|-immune|p1a: Basculegion
|
|upkeep
|turn|32
|
|t:|1743921569
|move|p1a: Basculegion|Flip Turn|p2a: 粉紅惡魔
|-damage|p2a: 粉紅惡魔|64/100
|
|t:|1743921573
|switch|p1a: Pelipper|Pelipper, M|65/100|[from] Flip Turn
|-damage|p1a: Pelipper|40/100|[from] Stealth Rock
|-weather|RainDance|[from] ability: Drizzle|[of] p1a: Pelipper
|move|p2a: 粉紅惡魔|Charm|p1a: Pelipper
|-unboost|p1a: Pelipper|atk|2
|
|-weather|RainDance|[upkeep]
|-heal|p2a: 粉紅惡魔|70/100|[from] item: Leftovers
|upkeep
|turn|33
|
|t:|1743921583
|move|p1a: Pelipper|Hurricane|p2a: 粉紅惡魔
|-damage|p2a: 粉紅惡魔|52/100
|move|p2a: 粉紅惡魔|Seismic Toss|p1a: Pelipper
|-damage|p1a: Pelipper|9/100
|
|-weather|RainDance|[upkeep]
|-heal|p2a: 粉紅惡魔|59/100|[from] item: Leftovers
|upkeep
|turn|34
|
|t:|1743921596
|move|p1a: Pelipper|Hurricane|p2a: 粉紅惡魔
|-damage|p2a: 粉紅惡魔|40/100
|-start|p2a: 粉紅惡魔|confusion
|-activate|p2a: 粉紅惡魔|confusion
|move|p2a: 粉紅惡魔|Seismic Toss|p1a: Pelipper
|-damage|p1a: Pelipper|0 fnt
|faint|p1a: Pelipper
|
|-weather|RainDance|[upkeep]
|-heal|p2a: 粉紅惡魔|46/100|[from] item: Leftovers
|upkeep
|
|t:|1743921606
|switch|p1a: Basculegion|Basculegion, M|88/100
|-damage|p1a: Basculegion|76/100|[from] Stealth Rock
|turn|35
|
|t:|1743921611
|move|p1a: Basculegion|Scale Shot|p2a: 粉紅惡魔
|-damage|p2a: 粉紅惡魔|34/100
|-damage|p2a: 粉紅惡魔|24/100
|-hitcount|p2a: 粉紅惡魔|2
|-unboost|p1a: Basculegion|def|1
|-boost|p1a: Basculegion|spe|1
|-activate|p2a: 粉紅惡魔|confusion
|-damage|p2a: 粉紅惡魔|23/100|[from] confusion
|
|-weather|RainDance|[upkeep]
|-heal|p2a: 粉紅惡魔|29/100|[from] item: Leftovers
|upkeep
|turn|36
|
|t:|1743921624
|move|p1a: Basculegion|Scale Shot|p2a: 粉紅惡魔
|-damage|p2a: 粉紅惡魔|18/100
|-damage|p2a: 粉紅惡魔|6/100
|-damage|p2a: 粉紅惡魔|0 fnt
|faint|p2a: 粉紅惡魔
|-hitcount|p2: 粉紅惡魔|3
|-unboost|p1a: Basculegion|def|1
|-boost|p1a: Basculegion|spe|1
|
|-weather|none
|upkeep
|
|t:|1743921638
|switch|p2a: 水泵|Ogerpon-Wellspring, F|100/100
|-damage|p2a: 水泵|88/100|[from] Stealth Rock
|turn|37
|
|t:|1743921645
|move|p1a: Basculegion|Scale Shot|p2a: 水泵
|-damage|p2a: 水泵|73/100
|-damage|p2a: 水泵|54/100
|-hitcount|p2a: 水泵|2
|-unboost|p1a: Basculegion|def|1
|-boost|p1a: Basculegion|spe|1
|move|p2a: 水泵|Horn Leech|p1a: Basculegion
|-supereffective|p1a: Basculegion
|-damage|p1a: Basculegion|0 fnt
|-heal|p2a: 水泵|100/100|[from] drain|[of] p1a: Basculegion
|faint|p1a: Basculegion
|
|upkeep
|
|t:|1743921664
|switch|p1a: Jolteon|Jolteon, M|100/100
|-damage|p1a: Jolteon|88/100|[from] Stealth Rock
|turn|38
|
|t:|1743921681
|move|p1a: Jolteon|Volt Switch|p2a: 水泵
|-damage|p2a: 水泵|40/100
|move|p2a: 水泵|Ivy Cudgel|p1a: Jolteon|[anim] Ivy Cudgel Water
|-damage|p1a: Jolteon|0 fnt
|faint|p1a: Jolteon
|
|win|owenowen7786
|raw|zzhzzhzzh's rating: 1060 &rarr; <strong>1044</strong><br />(-16 for losing)
|raw|owenowen7786's rating: 1118 &rarr; <strong>1139</strong><br />(+21 for winning)
|l|☆zzhzzhzzh
|player|p1|
|l|☆owenowen7786
|player|p2|
