|j|☆Khari
|j|☆lolcano46
|t:|1743880510
|gametype|singles
|player|p1|Khari|miku-ground|1554
|player|p2|lolcano46|fisherman-gen4|1543
|teamsize|p1|6
|teamsize|p2|6
|gen|9
|tier|[Gen 9] OU
|rated|
|rule|HP Percentage Mod: HP is shown in percentages
|rule|Endless Battle Clause: Forcing endless battles is banned
|rule|Species Clause: Limit one of each Pokémon
|rule|OHKO Clause: OHKO moves are banned
|rule|Evasion Items Clause: Evasion items are banned
|rule|Evasion Moves Clause: Evasion moves are banned
|rule|Sleep Moves Clause: Sleep-inducing moves are banned
|clearpoke
|poke|p1|Blaziken, F|
|poke|p1|Corviknight, F|
|poke|p1|Kyurem|
|poke|p1|Great Tusk|
|poke|p1|Iron Valiant|
|poke|p1|Araquanid, F|
|poke|p2|Azelf|
|poke|p2|Ogerpon-Wellspring, F|
|poke|p2|Scizor, M|
|poke|p2|Gengar, M|
|poke|p2|Raging Bolt|
|poke|p2|Cinderace, F|
|teampreview
|inactive|Battle timer is ON: inactive players will automatically lose when time's up. (requested by lolcano46)
|inactive|Khari also wants the timer to be on.
|inactive|Khari has 120 seconds left.
|
|t:|1743880560
|start
|switch|p1a: Kyurem|Kyurem|100/100
|switch|p2a: Azelf|Azelf|100/100
|-ability|p1a: Kyurem|Pressure
|turn|1
|
|t:|1743880574
|switch|p1a: Corviknight|Corviknight, F|100/100
|-ability|p1a: Corviknight|Pressure
|-terastallize|p2a: Azelf|Fairy
|move|p2a: Azelf|Dazzling Gleam|p1a: Corviknight
|-resisted|p1a: Corviknight
|-damage|p1a: Corviknight|82/100
|
|upkeep
|turn|2
|
|t:|1743880581
|move|p2a: Azelf|Thunderbolt|p1a: Corviknight
|-supereffective|p1a: Corviknight
|-damage|p1a: Corviknight|9/100
|move|p1a: Corviknight|Brave Bird|p2a: Azelf
|-damage|p2a: Azelf|40/100
|-damage|p1a: Corviknight|0 fnt|[from] Recoil
|faint|p1a: Corviknight
|
|upkeep
|
|t:|1743880585
|switch|p1a: Iron Valiant|Iron Valiant|100/100
|turn|3
|
|t:|1743880591
|move|p1a: Iron Valiant|Moonblast|p2a: Azelf
|-damage|p2a: Azelf|0 fnt
|faint|p2a: Azelf
|
|upkeep
|
|t:|1743880608
|switch|p2a: Cinderace|Cinderace, F|100/100
|turn|4
|
|t:|1743880614
|move|p2a: Cinderace|U-turn|p1a: Iron Valiant
|-start|p2a: Cinderace|typechange|Bug|[from] ability: Libero
|-resisted|p1a: Iron Valiant
|-damage|p1a: Iron Valiant|90/100
|
|t:|1743880618
|switch|p2a: Gengar|Gengar, M|100/100|[from] U-turn
|move|p1a: Iron Valiant|Close Combat|p2a: Gengar
|-immune|p2a: Gengar
|
|upkeep
|turn|5
|
|t:|1743880626
|move|p2a: Gengar|Sludge Bomb|p1a: Iron Valiant
|-supereffective|p1a: Iron Valiant
|-damage|p1a: Iron Valiant|0 fnt
|faint|p1a: Iron Valiant
|-end|p1a: Iron Valiant|Quark Drive|[silent]
|
|upkeep
|
|t:|1743880631
|switch|p1a: Araquanid|Araquanid, F|100/100
|turn|6
|
|t:|1743880635
|switch|p2a: Raging Bolt|Raging Bolt|100/100
|-enditem|p2a: Raging Bolt|Booster Energy
|-activate|p2a: Raging Bolt|ability: Protosynthesis|[fromitem]
|-start|p2a: Raging Bolt|protosynthesisspa
|move|p1a: Araquanid|Liquidation|p2a: Raging Bolt
|-resisted|p2a: Raging Bolt
|-damage|p2a: Raging Bolt|69/100
|-unboost|p2a: Raging Bolt|def|1
|
|upkeep
|turn|7
|
|t:|1743880646
|switch|p1a: joltee|Blaziken, F|100/100
|-item|p1a: joltee|Air Balloon
|move|p2a: Raging Bolt|Dragon Pulse|p1a: joltee
|-damage|p1a: joltee|6/100
|-enditem|p1a: joltee|Air Balloon
|
|upkeep
|turn|8
|
|t:|1743880656
|move|p1a: joltee|Close Combat|p2a: Raging Bolt
|-damage|p2a: Raging Bolt|0 fnt
|-unboost|p1a: joltee|def|1
|-unboost|p1a: joltee|spd|1
|faint|p2a: Raging Bolt
|-end|p2a: Raging Bolt|Protosynthesis|[silent]
|
|-ability|p1a: joltee|Speed Boost|boost
|-boost|p1a: joltee|spe|1
|upkeep
|
|t:|1743880665
|switch|p2a: Scizor|Scizor, M|100/100
|turn|9
|
|t:|1743880668
|move|p2a: Scizor|Bullet Punch|p1a: joltee
|-resisted|p1a: joltee
|-damage|p1a: joltee|0 fnt
|faint|p1a: joltee
|
|upkeep
|
|t:|1743880672
|switch|p1a: Araquanid|Araquanid, F|100/100
|turn|10
|
|t:|1743880681
|move|p2a: Scizor|Knock Off|p1a: Araquanid
|-damage|p1a: Araquanid|62/100
|-enditem|p1a: Araquanid|Custap Berry|[from] move: Knock Off|[of] p2a: Scizor
|move|p1a: Araquanid|Sticky Web|p2a: Scizor
|-sidestart|p2: lolcano46|move: Sticky Web
|
|upkeep
|turn|11
|
|t:|1743880687
|move|p2a: Scizor|Swords Dance|p2a: Scizor
|-boost|p2a: Scizor|atk|2
|move|p1a: Araquanid|Liquidation|p2a: Scizor
|-damage|p2a: Scizor|28/100
|
|upkeep
|turn|12
|
|t:|1743880697
|move|p2a: Scizor|Knock Off|p1a: Araquanid
|-damage|p1a: Araquanid|10/100
|move|p1a: Araquanid|Liquidation|p2a: Scizor
|-damage|p2a: Scizor|0 fnt
|faint|p2a: Scizor
|
|upkeep
|
|t:|1743880702
|switch|p2a: Cinderace|Cinderace, F|100/100
|turn|13
|
|t:|1743880711
|move|p2a: Cinderace|Pyro Ball|p1a: Araquanid
|-damage|p1a: Araquanid|0 fnt
|faint|p1a: Araquanid
|
|upkeep
|
|t:|1743880713
|switch|p1a: Great Tusk|Great Tusk|100/100
|turn|14
|
|t:|1743880720
|move|p2a: Cinderace|Pyro Ball|p1a: Great Tusk
|-damage|p1a: Great Tusk|60/100
|move|p1a: Great Tusk|Rapid Spin|p2a: Cinderace
|-damage|p2a: Cinderace|74/100
|-boost|p1a: Great Tusk|spe|1
|
|upkeep
|turn|15
|
|t:|1743880727
|move|p1a: Great Tusk|Headlong Rush|p2a: Cinderace
|-supereffective|p2a: Cinderace
|-damage|p2a: Cinderace|0 fnt
|-unboost|p1a: Great Tusk|def|1
|-unboost|p1a: Great Tusk|spd|1
|faint|p2a: Cinderace
|
|upkeep
|
|t:|1743880730
|switch|p2a: Ogerpon|Ogerpon-Wellspring, F|100/100
|-activate|p2a: Ogerpon|move: Sticky Web
|-unboost|p2a: Ogerpon|spe|1
|turn|16
|
|t:|1743880734
|move|p1a: Great Tusk|Close Combat|p2a: Ogerpon
|-damage|p2a: Ogerpon|21/100
|-unboost|p1a: Great Tusk|def|1
|-unboost|p1a: Great Tusk|spd|1
|move|p2a: Ogerpon|Play Rough|p1a: Great Tusk
|-supereffective|p1a: Great Tusk
|-damage|p1a: Great Tusk|0 fnt
|faint|p1a: Great Tusk
|-end|p1a: Great Tusk|Protosynthesis|[silent]
|
|upkeep
|
|t:|1743880737
|switch|p1a: Kyurem|Kyurem|100/100
|-ability|p1a: Kyurem|Pressure
|turn|17
|
|t:|1743880745
|move|p1a: Kyurem|Ice Beam|p2a: Ogerpon
|-damage|p2a: Ogerpon|0 fnt
|faint|p2a: Ogerpon
|
|upkeep
|
|t:|1743880748
|switch|p2a: Gengar|Gengar, M|100/100
|-activate|p2a: Gengar|move: Sticky Web
|-unboost|p2a: Gengar|spe|1
|turn|18
|
|t:|1743880752
|move|p2a: Gengar|Sludge Bomb|p1a: Kyurem
|-damage|p1a: Kyurem|53/100
|move|p1a: Kyurem|Ice Beam|p2a: Gengar
|-damage|p2a: Gengar|0 fnt
|-start|p1a: Kyurem|Disable|Ice Beam|[from] ability: Cursed Body|[of] p2a: Gengar
|faint|p2a: Gengar
|
|win|Khari
|raw|Khari's rating: 1554 &rarr; <strong>1573</strong><br />(+19 for winning)
|raw|lolcano46's rating: 1543 &rarr; <strong>1524</strong><br />(-19 for losing)
|l|☆Khari
|player|p1|
|l|☆lolcano46
|player|p2|
