|j|☆CyanIdle
|j|☆auroramilk
|t:|1743784622
|gametype|singles
|player|p1|CyanIdle|janine|1425
|player|p2|auroramilk|bugsy|1383
|teamsize|p1|6
|teamsize|p2|6
|gen|9
|tier|[Gen 9] OU
|rated|
|rule|HP Percentage Mod: HP is shown in percentages
|rule|Endless Battle Clause: Forcing endless battles is banned
|rule|Species Clause: Limit one of each Pokémon
|rule|OHKO Clause: OHKO moves are banned
|rule|Evasion Items Clause: Evasion items are banned
|rule|Evasion Moves Clause: Evasion moves are banned
|rule|Sleep Moves Clause: Sleep-inducing moves are banned
|clearpoke
|poke|p1|Zamazenta-*|
|poke|p1|Kingambit, F|
|poke|p1|Samurott-Hisui, M|
|poke|p1|Landorus-Therian, M|
|poke|p1|Iron Valiant|
|poke|p1|Iron Moth|
|poke|p2|Dragalge, F|
|poke|p2|Garganacl, F|
|poke|p2|Weavile, F|
|poke|p2|Darkrai|
|poke|p2|Samurott-Hisui, F|
|poke|p2|Gholdengo|
|teampreview
|inactive|Battle timer is ON: inactive players will automatically lose when time's up. (requested by auroramilk)
|
|t:|1743784639
|start
|switch|p1a: Landorus|Landorus-Therian, M|100/100
|switch|p2a: Garganacl|Garganacl, F|100/100
|-ability|p1a: Landorus|Intimidate|boost
|-unboost|p2a: Garganacl|atk|1
|turn|1
|
|t:|1743784648
|move|p1a: Landorus|Taunt|p2a: Garganacl
|-start|p2a: Garganacl|move: Taunt
|cant|p2a: Garganacl|move: Taunt|Stealth Rock
|
|upkeep
|turn|2
|
|t:|1743784653
|move|p1a: Landorus|Stealth Rock|p2a: Garganacl
|-sidestart|p2: auroramilk|move: Stealth Rock
|move|p2a: Garganacl|Salt Cure|p1a: Landorus
|-damage|p1a: Landorus|91/100
|-start|p1a: Landorus|Salt Cure
|
|-damage|p1a: Landorus|79/100|[from] Salt Cure
|upkeep
|turn|3
|
|t:|1743784659
|switch|p2a: Gholdengo|Gholdengo|100/100
|-damage|p2a: Gholdengo|94/100|[from] Stealth Rock
|-item|p2a: Gholdengo|Air Balloon
|move|p1a: Landorus|Earthquake|p2a: Gholdengo
|-immune|p2a: Gholdengo
|
|-damage|p1a: Landorus|66/100|[from] Salt Cure
|upkeep
|turn|4
|
|t:|1743784664
|move|p1a: Landorus|U-turn|p2a: Gholdengo
|-resisted|p2a: Gholdengo
|-damage|p2a: Gholdengo|91/100
|-enditem|p2a: Gholdengo|Air Balloon
|
|t:|1743784668
|switch|p1a: Samurott|Samurott-Hisui, M|100/100|[from] U-turn
|move|p2a: Gholdengo|Shadow Ball|p1a: Samurott
|-resisted|p1a: Samurott
|-damage|p1a: Samurott|73/100
|
|upkeep
|turn|5
|
|t:|1743784689
|switch|p2a: Garganacl|Garganacl, F|100/100
|-damage|p2a: Garganacl|88/100|[from] Stealth Rock
|move|p1a: Samurott|Ceaseless Edge|p2a: Garganacl
|-damage|p2a: Garganacl|57/100
|-sidestart|p2: auroramilk|Spikes
|
|-heal|p2a: Garganacl|63/100|[from] item: Leftovers
|upkeep
|turn|6
|
|t:|1743784700
|-terastallize|p2a: Garganacl|Fairy
|move|p1a: Samurott|Razor Shell|p2a: Garganacl
|-damage|p2a: Garganacl|26/100
|move|p2a: Garganacl|Stealth Rock|p1a: Samurott
|-sidestart|p1: CyanIdle|move: Stealth Rock
|
|-heal|p2a: Garganacl|32/100|[from] item: Leftovers
|upkeep
|turn|7
|
|t:|1743784708
|move|p2a: Garganacl|Protect|p2a: Garganacl
|-singleturn|p2a: Garganacl|Protect
|move|p1a: Samurott|Razor Shell|p2a: Garganacl
|-activate|p2a: Garganacl|move: Protect
|
|-heal|p2a: Garganacl|39/100|[from] item: Leftovers
|upkeep
|turn|8
|
|t:|1743784711
|move|p1a: Samurott|Razor Shell|p2a: Garganacl|[miss]
|-miss|p1a: Samurott|p2a: Garganacl
|move|p2a: Garganacl|Recover|p2a: Garganacl
|-heal|p2a: Garganacl|89/100
|
|-heal|p2a: Garganacl|95/100|[from] item: Leftovers
|upkeep
|turn|9
|
|t:|1743784714
|move|p1a: Samurott|Knock Off|p2a: Garganacl
|-resisted|p2a: Garganacl
|-damage|p2a: Garganacl|80/100
|-enditem|p2a: Garganacl|Leftovers|[from] move: Knock Off|[of] p1a: Samurott
|move|p2a: Garganacl|Salt Cure|p1a: Samurott
|-damage|p1a: Samurott|55/100
|-start|p1a: Samurott|Salt Cure
|
|-damage|p1a: Samurott|30/100|[from] Salt Cure
|upkeep
|turn|10
|
|t:|1743784718
|move|p1a: Samurott|Ceaseless Edge|p2a: Garganacl
|-resisted|p2a: Garganacl
|-damage|p2a: Garganacl|65/100
|-sidestart|p2: auroramilk|Spikes
|move|p2a: Garganacl|Recover|p2a: Garganacl
|-heal|p2a: Garganacl|100/100
|
|-damage|p1a: Samurott|5/100|[from] Salt Cure
|upkeep
|turn|11
|
|t:|1743784723
|move|p2a: Garganacl|Protect|p2a: Garganacl
|-singleturn|p2a: Garganacl|Protect
|move|p1a: Samurott|Ceaseless Edge|p2a: Garganacl
|-activate|p2a: Garganacl|move: Protect
|
|-damage|p1a: Samurott|0 fnt|[from] Salt Cure
|faint|p1a: Samurott
|upkeep
|
|t:|1743784729
|switch|p1a: Iron Moth|Iron Moth|100/100
|-damage|p1a: Iron Moth|76/100|[from] Stealth Rock
|-enditem|p1a: Iron Moth|Booster Energy
|-activate|p1a: Iron Moth|ability: Quark Drive|[fromitem]
|-start|p1a: Iron Moth|quarkdrivespe
|turn|12
|
|t:|1743784733
|move|p1a: Iron Moth|Fiery Dance|p2a: Garganacl
|-damage|p2a: Garganacl|75/100
|move|p2a: Garganacl|Salt Cure|p1a: Iron Moth
|-supereffective|p1a: Iron Moth
|-damage|p1a: Iron Moth|33/100
|-start|p1a: Iron Moth|Salt Cure
|
|-damage|p1a: Iron Moth|21/100|[from] Salt Cure
|upkeep
|turn|13
|
|t:|1743784739
|move|p2a: Garganacl|Protect|p2a: Garganacl
|-singleturn|p2a: Garganacl|Protect
|move|p1a: Iron Moth|Fiery Dance|p2a: Garganacl
|-activate|p2a: Garganacl|move: Protect
|
|-damage|p1a: Iron Moth|8/100|[from] Salt Cure
|upkeep
|turn|14
|
|t:|1743784742
|move|p1a: Iron Moth|Sludge Wave|p2a: Garganacl
|-supereffective|p2a: Garganacl
|-damage|p2a: Garganacl|7/100
|move|p2a: Garganacl|Recover|p2a: Garganacl
|-heal|p2a: Garganacl|57/100
|
|-damage|p1a: Iron Moth|0 fnt|[from] Salt Cure
|faint|p1a: Iron Moth
|-end|p1a: Iron Moth|Quark Drive|[silent]
|upkeep
|
|t:|1743784749
|switch|p1a: Kingambit|Kingambit, F|100/100
|-damage|p1a: Kingambit|94/100|[from] Stealth Rock
|-activate|p1a: Kingambit|ability: Supreme Overlord
|-start|p1a: Kingambit|fallen2|[silent]
|turn|15
|
|t:|1743784751
|move|p1a: Kingambit|Iron Head|p2a: Garganacl
|-supereffective|p2a: Garganacl
|-damage|p2a: Garganacl|0 fnt
|faint|p2a: Garganacl
|
|-heal|p1a: Kingambit|100/100|[from] item: Leftovers
|upkeep
|
|t:|1743784754
|switch|p2a: Darkrai|Darkrai|100/100
|-damage|p2a: Darkrai|88/100|[from] Stealth Rock
|-damage|p2a: Darkrai|72/100|[from] Spikes
|turn|16
|
|t:|1743784759
|move|p2a: Darkrai|Trick|p1a: Kingambit
|-activate|p2a: Darkrai|move: Trick|[of] p1a: Kingambit
|-item|p1a: Kingambit|Choice Scarf|[from] move: Trick
|-item|p2a: Darkrai|Leftovers|[from] move: Trick
|move|p1a: Kingambit|Iron Head|p2a: Darkrai
|-damage|p2a: Darkrai|0 fnt
|faint|p2a: Darkrai
|
|upkeep
|
|t:|1743784767
|switch|p2a: Samurott|Samurott-Hisui, F|100/100
|turn|17
|
|t:|1743784772
|move|p2a: Samurott|Razor Shell|p1a: Kingambit
|-damage|p1a: Kingambit|65/100
|-unboost|p1a: Kingambit|def|1
|move|p1a: Kingambit|Iron Head|p2a: Samurott
|-resisted|p2a: Samurott
|-crit|p2a: Samurott
|-damage|p2a: Samurott|43/100
|
|upkeep
|turn|18
|
|t:|1743784780
|-end|p1a: Kingambit|fallen2|[silent]
|switch|p1a: Landorus|Landorus-Therian, M|66/100
|-damage|p1a: Landorus|54/100|[from] Stealth Rock
|-ability|p1a: Landorus|Intimidate|boost
|-unboost|p2a: Samurott|atk|1
|move|p2a: Samurott|Razor Shell|p1a: Landorus
|-supereffective|p1a: Landorus
|-damage|p1a: Landorus|0 fnt
|-damage|p2a: Samurott|26/100|[from] item: Rocky Helmet|[of] p1a: Landorus
|faint|p1a: Landorus
|
|upkeep
|
|t:|1743784790
|switch|p1a: Zamazenta|Zamazenta|100/100
|-damage|p1a: Zamazenta|94/100|[from] Stealth Rock
|-ability|p1a: Zamazenta|Dauntless Shield|boost
|-boost|p1a: Zamazenta|def|1
|turn|19
|inactive|auroramilk has 120 seconds left.
|
|t:|1743784831
|move|p1a: Zamazenta|Iron Defense|p1a: Zamazenta
|-boost|p1a: Zamazenta|def|2
|move|p2a: Samurott|Encore|p1a: Zamazenta
|-start|p1a: Zamazenta|Encore
|
|-heal|p1a: Zamazenta|100/100|[from] item: Leftovers
|upkeep
|turn|20
|
|t:|1743784837
|switch|p2a: Dragalge|Dragalge, F|100/100
|-damage|p2a: Dragalge|88/100|[from] Stealth Rock
|-damage|p2a: Dragalge|72/100|[from] Spikes
|move|p1a: Zamazenta|Iron Defense|p1a: Zamazenta
|-boost|p1a: Zamazenta|def|2
|
|upkeep
|turn|21
|
|t:|1743784843
|move|p1a: Zamazenta|Iron Defense|p1a: Zamazenta
|-boost|p1a: Zamazenta|def|1
|move|p2a: Dragalge|Sludge Bomb|p1a: Zamazenta
|-damage|p1a: Zamazenta|58/100
|
|-heal|p1a: Zamazenta|65/100|[from] item: Leftovers
|upkeep
|turn|22
|
|t:|1743784846
|move|p1a: Zamazenta|Iron Defense|p1a: Zamazenta
|-boost|p1a: Zamazenta|def|0
|move|p2a: Dragalge|Draco Meteor|p1a: Zamazenta
|-damage|p1a: Zamazenta|4/100
|-unboost|p2a: Dragalge|spa|2
|
|-heal|p1a: Zamazenta|10/100|[from] item: Leftovers
|-end|p1a: Zamazenta|Encore
|upkeep
|turn|23
|
|t:|1743784855
|move|p1a: Zamazenta|Body Press|p2a: Dragalge
|-resisted|p2a: Dragalge
|-damage|p2a: Dragalge|0 fnt
|faint|p2a: Dragalge
|
|-heal|p1a: Zamazenta|16/100|[from] item: Leftovers
|upkeep
|
|t:|1743784859
|switch|p2a: Gholdengo|Gholdengo|91/100
|-damage|p2a: Gholdengo|85/100|[from] Stealth Rock
|-damage|p2a: Gholdengo|68/100|[from] Spikes
|turn|24
|
|t:|1743784862
|move|p1a: Zamazenta|Crunch|p2a: Gholdengo
|-supereffective|p2a: Gholdengo
|-damage|p2a: Gholdengo|35/100
|move|p2a: Gholdengo|Shadow Ball|p1a: Zamazenta
|-damage|p1a: Zamazenta|0 fnt
|faint|p1a: Zamazenta
|
|upkeep
|
|t:|1743784868
|switch|p1a: Kingambit|Kingambit, F|65/100
|-damage|p1a: Kingambit|59/100|[from] Stealth Rock
|-activate|p1a: Kingambit|ability: Supreme Overlord
|-start|p1a: Kingambit|fallen4|[silent]
|turn|25
|
|t:|1743784870
|move|p1a: Kingambit|Swords Dance|p1a: Kingambit
|-boost|p1a: Kingambit|atk|2
|move|p2a: Gholdengo|Dazzling Gleam|p1a: Kingambit
|-damage|p1a: Kingambit|34/100
|
|upkeep
|turn|26
|
|t:|1743784877
|-end|p1a: Kingambit|fallen4|[silent]
|switch|p1a: Iron Valiant|Iron Valiant|100/100
|-damage|p1a: Iron Valiant|94/100|[from] Stealth Rock
|-enditem|p1a: Iron Valiant|Booster Energy
|-activate|p1a: Iron Valiant|ability: Quark Drive|[fromitem]
|-start|p1a: Iron Valiant|quarkdrivespe
|move|p2a: Gholdengo|Recover|p2a: Gholdengo
|-heal|p2a: Gholdengo|85/100
|
|upkeep
|turn|27
|
|t:|1743784884
|-terastallize|p1a: Iron Valiant|Electric
|move|p1a: Iron Valiant|Thunderbolt|p2a: Gholdengo
|-damage|p2a: Gholdengo|40/100
|move|p2a: Gholdengo|Dazzling Gleam|p1a: Iron Valiant
|-damage|p1a: Iron Valiant|56/100
|
|upkeep
|turn|28
|
|t:|1743784892
|move|p1a: Iron Valiant|Thunderbolt|p2a: Gholdengo
|-damage|p2a: Gholdengo|0 fnt
|faint|p2a: Gholdengo
|
|upkeep
|
|t:|1743784894
|switch|p2a: Weavile|Weavile, F|100/100
|-ability|p2a: Weavile|Pressure
|turn|29
|
|t:|1743784898
|move|p1a: Iron Valiant|Thunderbolt|p2a: Weavile
|-damage|p2a: Weavile|41/100
|move|p2a: Weavile|Swords Dance|p2a: Weavile
|-boost|p2a: Weavile|atk|2
|
|upkeep
|turn|30
|
|t:|1743784902
|move|p2a: Weavile|Ice Shard|p1a: Iron Valiant
|-damage|p1a: Iron Valiant|6/100
|move|p1a: Iron Valiant|Thunderbolt|p2a: Weavile
|-damage|p2a: Weavile|0 fnt
|faint|p2a: Weavile
|
|upkeep
|-message|auroramilk forfeited.
|
|win|CyanIdle
|raw|CyanIdle's rating: 1425 &rarr; <strong>1443</strong><br />(+18 for winning)
|raw|auroramilk's rating: 1383 &rarr; <strong>1365</strong><br />(-18 for losing)
|l|☆auroramilk
|player|p2|
