|j|☆chen114514
|j|☆trogloglo
|t:|1743933909
|gametype|singles
|player|p1|chen114514|swimmerf-gen4dp|1425
|player|p2|trogloglo|ghetsis|1483
|teamsize|p1|6
|teamsize|p2|6
|gen|9
|tier|[Gen 9] OU
|rated|
|rule|HP Percentage Mod: HP is shown in percentages
|rule|Endless Battle Clause: Forcing endless battles is banned
|rule|Species Clause: Limit one of each Pokémon
|rule|OHKO Clause: OHKO moves are banned
|rule|Evasion Items Clause: Evasion items are banned
|rule|Evasion Moves Clause: Evasion moves are banned
|rule|Sleep Moves Clause: Sleep-inducing moves are banned
|clearpoke
|poke|p1|Darkrai|
|poke|p1|Zamazenta-*|
|poke|p1|Ting-Lu|
|poke|p1|Goodra-Hisui, F|
|poke|p1|Skeledirge, F|
|poke|p1|Corviknight, F|
|poke|p2|Iron Moth|
|poke|p2|Kingambit, M|
|poke|p2|Dragonite, F|
|poke|p2|Ogerpon-Cornerstone, F|
|poke|p2|Iron Valiant|
|poke|p2|Raging Bolt|
|teampreview
|inactive|Battle timer is ON: inactive players will automatically lose when time's up. (requested by chen114514)
|
|t:|1743933938
|start
|switch|p1a: 冥夜|Ting-Lu|100/100
|switch|p2a: Raging Bolt|Raging Bolt|100/100
|-ability|p1a: 冥夜|Vessel of Ruin
|-enditem|p2a: Raging Bolt|Booster Energy
|-activate|p2a: Raging Bolt|ability: Protosynthesis|[fromitem]
|-start|p2a: Raging Bolt|protosynthesisspa
|turn|1
|
|t:|1743933947
|-end|p2a: Raging Bolt|Protosynthesis|[silent]
|switch|p2a: Ogerpon|Ogerpon-Cornerstone, F|100/100
|move|p1a: 冥夜|Ruination|p2a: Ogerpon
|-damage|p2a: Ogerpon|51/100
|
|upkeep
|turn|2
|
|t:|1743933953
|switch|p1a: 轩乐|Corviknight, F|100/100
|-ability|p1a: 轩乐|Pressure
|move|p2a: Ogerpon|Power Whip|p1a: 轩乐
|-resisted|p1a: 轩乐
|-damage|p1a: 轩乐|90/100
|-damage|p2a: Ogerpon|34/100|[from] item: Rocky Helmet|[of] p1a: 轩乐
|
|upkeep
|turn|3
|
|t:|1743933972
|switch|p2a: Raging Bolt|Raging Bolt|100/100
|move|p1a: 轩乐|Body Press|p2a: Raging Bolt
|-damage|p2a: Raging Bolt|77/100
|
|upkeep
|turn|4
|
|t:|1743933982
|switch|p1a: 冥夜|Ting-Lu|100/100
|-ability|p1a: 冥夜|Vessel of Ruin
|move|p2a: Raging Bolt|Thunderclap||[still]
|-fail|p2a: Raging Bolt
|
|upkeep
|turn|5
|
|t:|1743933989
|move|p2a: Raging Bolt|Dragon Pulse|p1a: 冥夜
|-damage|p1a: 冥夜|82/100
|move|p1a: 冥夜|Earthquake|p2a: Raging Bolt
|-supereffective|p2a: Raging Bolt
|-damage|p2a: Raging Bolt|0 fnt
|faint|p2a: Raging Bolt
|-end|p2a: Raging Bolt|Protosynthesis|[silent]
|
|upkeep
|
|t:|1743934003
|switch|p2a: Iron Valiant|Iron Valiant|100/100
|-enditem|p2a: Iron Valiant|Booster Energy
|-activate|p2a: Iron Valiant|ability: Quark Drive|[fromitem]
|-start|p2a: Iron Valiant|quarkdrivespe
|turn|6
|
|t:|1743934012
|switch|p1a: 轩乐|Corviknight, F|90/100
|-ability|p1a: 轩乐|Pressure
|move|p2a: Iron Valiant|Knock Off|p1a: 轩乐
|-damage|p1a: 轩乐|68/100
|-damage|p2a: Iron Valiant|84/100|[from] item: Rocky Helmet|[of] p1a: 轩乐
|-enditem|p1a: 轩乐|Rocky Helmet|[from] move: Knock Off|[of] p2a: Iron Valiant
|
|upkeep
|turn|7
|
|t:|1743934028
|switch|p1a: 冥夜|Ting-Lu|82/100
|-ability|p1a: 冥夜|Vessel of Ruin
|move|p2a: Iron Valiant|Swords Dance|p2a: Iron Valiant
|-boost|p2a: Iron Valiant|atk|2
|
|upkeep
|turn|8
|
|t:|1743934036
|move|p2a: Iron Valiant|Knock Off|p1a: 冥夜
|-resisted|p1a: 冥夜
|-damage|p1a: 冥夜|65/100
|-enditem|p1a: 冥夜|Assault Vest|[from] move: Knock Off|[of] p2a: Iron Valiant
|move|p1a: 冥夜|Earthquake|p2a: Iron Valiant
|-damage|p2a: Iron Valiant|27/100
|
|upkeep
|turn|9
|
|t:|1743934042
|move|p2a: Iron Valiant|Close Combat|p1a: 冥夜
|-supereffective|p1a: 冥夜
|-damage|p1a: 冥夜|0 fnt
|-unboost|p2a: Iron Valiant|def|1
|-unboost|p2a: Iron Valiant|spd|1
|faint|p1a: 冥夜
|
|upkeep
|
|t:|1743934046
|switch|p1a: 轩乐|Corviknight, F|68/100
|-ability|p1a: 轩乐|Pressure
|turn|10
|inactive|trogloglo has 120 seconds left.
|
|t:|1743934087
|move|p2a: Iron Valiant|Close Combat|p1a: 轩乐
|-damage|p1a: 轩乐|0 fnt
|-unboost|p2a: Iron Valiant|def|1
|-unboost|p2a: Iron Valiant|spd|1
|faint|p1a: 轩乐
|
|upkeep
|
|t:|1743934097
|switch|p1a: 剑鱼|Skeledirge, F|100/100
|turn|11
|
|t:|1743934101
|move|p2a: Iron Valiant|Knock Off|p1a: 剑鱼
|-supereffective|p1a: 剑鱼
|-damage|p1a: 剑鱼|63/100
|-enditem|p1a: 剑鱼|Heavy-Duty Boots|[from] move: Knock Off|[of] p2a: Iron Valiant
|move|p1a: 剑鱼|Will-O-Wisp|p2a: Iron Valiant
|-status|p2a: Iron Valiant|brn
|
|-damage|p2a: Iron Valiant|21/100 brn|[from] brn
|upkeep
|turn|12
|
|t:|1743934109
|move|p2a: Iron Valiant|Destiny Bond|p2a: Iron Valiant
|-singlemove|p2a: Iron Valiant|Destiny Bond
|move|p1a: 剑鱼|Slack Off|p1a: 剑鱼
|-heal|p1a: 剑鱼|100/100
|
|-damage|p2a: Iron Valiant|15/100 brn|[from] brn
|upkeep
|turn|13
|
|t:|1743934112
|move|p2a: Iron Valiant|Knock Off|p1a: 剑鱼
|-supereffective|p1a: 剑鱼
|-damage|p1a: 剑鱼|86/100
|move|p1a: 剑鱼|Torch Song|p2a: Iron Valiant
|-damage|p2a: Iron Valiant|0 fnt
|-boost|p1a: 剑鱼|spa|1
|faint|p2a: Iron Valiant
|-end|p2a: Iron Valiant|Quark Drive|[silent]
|
|upkeep
|inactive|trogloglo has 120 seconds left.
|
|t:|1743934165
|switch|p2a: Kingambit|Kingambit, M|100/100
|-activate|p2a: Kingambit|ability: Supreme Overlord
|-start|p2a: Kingambit|fallen2|[silent]
|turn|14
|l|☆chen114514
|inactive|chen114514 disconnected and has a minute to reconnect!
|player|p1|
|inactive|trogloglo has 90 seconds left.
|j|☆chen114514
|inactive|chen114514 reconnected and has 115 seconds left.
|player|p1|chen114514|swimmerf-gen4dp|
|
|t:|1743934206
|move|p2a: Kingambit|Kowtow Cleave|p1a: 剑鱼
|-supereffective|p1a: 剑鱼
|-damage|p1a: 剑鱼|17/100
|move|p1a: 剑鱼|Will-O-Wisp|p2a: Kingambit
|-status|p2a: Kingambit|brn
|-enditem|p2a: Kingambit|Lum Berry|[eat]
|-curestatus|p2a: Kingambit|brn|[msg]
|
|upkeep
|turn|15
|
|t:|1743934215
|switch|p1a: 浮生|Goodra-Hisui, F|100/100
|move|p2a: Kingambit|Kowtow Cleave|p1a: 浮生
|-damage|p1a: 浮生|43/100
|-ability|p1a: 浮生|Gooey
|-unboost|p2a: Kingambit|spe|1
|
|upkeep
|turn|16
|inactive|chen114514 has 120 seconds left.
|
|t:|1743934224
|move|p1a: 浮生|Flamethrower|p2a: Kingambit
|-supereffective|p2a: Kingambit
|-damage|p2a: Kingambit|0 fnt
|faint|p2a: Kingambit
|-end|p2a: Kingambit|fallen2|[silent]
|
|upkeep
|inactive|trogloglo has 90 seconds left.
|
|t:|1743934267
|switch|p2a: Dragonite|Dragonite, F|100/100
|turn|17
|
|t:|1743934272
|switch|p1a: 剑鱼|Skeledirge, F|17/100
|move|p2a: Dragonite|Earthquake|p1a: 剑鱼
|-supereffective|p1a: 剑鱼
|-damage|p1a: 剑鱼|0 fnt
|faint|p1a: 剑鱼
|
|upkeep
|
|t:|1743934279
|switch|p1a: 羊驼|Zamazenta|100/100
|-ability|p1a: 羊驼|Dauntless Shield|boost
|-boost|p1a: 羊驼|def|1
|turn|18
|inactive|trogloglo has 90 seconds left.
|
|t:|1743934307
|move|p1a: 羊驼|Ice Fang|p2a: Dragonite
|-supereffective|p2a: Dragonite
|-damage|p2a: Dragonite|26/100
|-status|p2a: Dragonite|frz
|cant|p2a: Dragonite|frz
|
|upkeep
|turn|19
|c|☆trogloglo|lol
|
|t:|1743934327
|-curestatus|p2a: Dragonite|frz|[msg]
|move|p2a: Dragonite|Extreme Speed|p1a: 羊驼
|-damage|p1a: 羊驼|81/100
|move|p1a: 羊驼|Ice Fang|p2a: Dragonite
|-supereffective|p2a: Dragonite
|-damage|p2a: Dragonite|0 fnt
|faint|p2a: Dragonite
|
|upkeep
|
|t:|1743934331
|switch|p2a: Iron Moth|Iron Moth|100/100
|-enditem|p2a: Iron Moth|Booster Energy
|-activate|p2a: Iron Moth|ability: Quark Drive|[fromitem]
|-start|p2a: Iron Moth|quarkdrivespe
|turn|20
|
|t:|1743934338
|switch|p1a: 浮生|Goodra-Hisui, F|43/100
|move|p2a: Iron Moth|Fiery Dance|p1a: 浮生
|-damage|p1a: 浮生|17/100
|
|upkeep
|turn|21
|
|t:|1743934345
|move|p2a: Iron Moth|Fiery Dance|p1a: 浮生
|-damage|p1a: 浮生|0 fnt
|-boost|p2a: Iron Moth|spa|1
|faint|p1a: 浮生
|
|upkeep
|
|t:|1743934349
|switch|p1a: 老黑|Darkrai|100/100
|turn|22
|inactive|trogloglo has 90 seconds left.
|
|t:|1743934378
|move|p1a: 老黑|Sucker Punch|p2a: Iron Moth
|-damage|p2a: Iron Moth|48/100
|move|p2a: Iron Moth|Dazzling Gleam|p1a: 老黑
|-supereffective|p1a: 老黑
|-damage|p1a: 老黑|0 fnt
|faint|p1a: 老黑
|
|upkeep
|
|t:|1743934381
|switch|p1a: 羊驼|Zamazenta|81/100
|turn|23
|
|t:|1743934399
|-terastallize|p1a: 羊驼|Steel
|move|p2a: Iron Moth|Dazzling Gleam|p1a: 羊驼
|-resisted|p1a: 羊驼
|-damage|p1a: 羊驼|61/100
|move|p1a: 羊驼|Close Combat|p2a: Iron Moth
|-resisted|p2a: Iron Moth
|-damage|p2a: Iron Moth|0 fnt
|-unboost|p1a: 羊驼|def|1
|-unboost|p1a: 羊驼|spd|1
|faint|p2a: Iron Moth
|-end|p2a: Iron Moth|Quark Drive|[silent]
|
|upkeep
|
|t:|1743934403
|switch|p2a: Ogerpon|Ogerpon-Cornerstone, F|34/100
|turn|24
|
|t:|1743934413
|-terastallize|p2a: Ogerpon|Rock
|detailschange|p2a: Ogerpon|Ogerpon-Cornerstone-Tera, F, tera:Rock
|-ability|p2a: Ogerpon|Embody Aspect (Cornerstone)|boost
|-boost|p2a: Ogerpon|def|1
|move|p1a: 羊驼|Close Combat|p2a: Ogerpon
|-supereffective|p2a: Ogerpon
|-damage|p2a: Ogerpon|0 fnt
|-unboost|p1a: 羊驼|def|1
|-unboost|p1a: 羊驼|spd|1
|faint|p2a: Ogerpon
|
|win|chen114514
|raw|chen114514's rating: 1425 &rarr; <strong>1448</strong><br />(+23 for winning)
|raw|trogloglo's rating: 1483 &rarr; <strong>1460</strong><br />(-23 for losing)
|l|☆chen114514
|player|p1|
|c|☆trogloglo|gg
|l|☆trogloglo
|player|p2|
