|j|☆kate10956
|j|☆why clap
|t:|1743858060
|gametype|singles
|player|p1|kate10956|birdkeeper-gen4dp|1329
|player|p2|why clap|1|1380
|teamsize|p1|6
|teamsize|p2|6
|gen|9
|tier|[Gen 9] OU
|rated|
|rule|HP Percentage Mod: HP is shown in percentages
|rule|Endless Battle Clause: Forcing endless battles is banned
|rule|Species Clause: Limit one of each Pokémon
|rule|OHKO Clause: OHKO moves are banned
|rule|Evasion Items Clause: Evasion items are banned
|rule|Evasion Moves Clause: Evasion moves are banned
|rule|Sleep Moves Clause: Sleep-inducing moves are banned
|clearpoke
|poke|p1|Arcanine-Hisui, F|
|poke|p1|Mamoswine, M|
|poke|p1|Zarude|
|poke|p1|Infernape, F|
|poke|p1|Toedscruel, M|
|poke|p1|Inteleon, F|
|poke|p2|Comfey, F|
|poke|p2|Whimsicott, M|
|poke|p2|Iron Moth|
|poke|p2|Walking Wake|
|poke|p2|Great Tusk|
|poke|p2|Ninetales, M|
|teampreview
|inactive|Battle timer is ON: inactive players will automatically lose when time's up. (requested by why clap)
|
|t:|1743858072
|start
|switch|p1a: Mamoswine|Mamoswine, M|100/100
|switch|p2a: Ninetales|Ninetales, M|100/100
|-weather|SunnyDay|[from] ability: Drought|[of] p2a: Ninetales
|turn|1
|
|t:|1743858095
|switch|p2a: Great Tusk|Great Tusk|100/100
|-activate|p2a: Great Tusk|ability: Protosynthesis
|-start|p2a: Great Tusk|protosynthesisspe
|move|p1a: Mamoswine|Earthquake|p2a: Great Tusk
|-damage|p2a: Great Tusk|63/100
|
|-weather|SunnyDay|[upkeep]
|upkeep
|turn|2
|
|t:|1743858113
|move|p2a: Great Tusk|Headlong Rush|p1a: Mamoswine
|-damage|p1a: Mamoswine|38/100
|-unboost|p2a: Great Tusk|def|1
|-unboost|p2a: Great Tusk|spd|1
|move|p1a: Mamoswine|Icicle Crash|p2a: Great Tusk
|-supereffective|p2a: Great Tusk
|-damage|p2a: Great Tusk|0 fnt
|faint|p2a: Great Tusk
|-end|p2a: Great Tusk|Protosynthesis|[silent]
|
|-weather|SunnyDay|[upkeep]
|upkeep
|
|t:|1743858132
|switch|p2a: Walking Wake|Walking Wake|100/100
|-activate|p2a: Walking Wake|ability: Protosynthesis
|-start|p2a: Walking Wake|protosynthesisspe
|turn|3
|
|t:|1743858140
|move|p1a: Mamoswine|Ice Shard|p2a: Walking Wake
|-damage|p2a: Walking Wake|79/100
|move|p2a: Walking Wake|Hydro Steam|p1a: Mamoswine
|-supereffective|p1a: Mamoswine
|-damage|p1a: Mamoswine|0 fnt
|faint|p1a: Mamoswine
|
|-weather|SunnyDay|[upkeep]
|upkeep
|
|t:|1743858151
|switch|p1a: Arcanine|Arcanine-Hisui, F|100/100
|turn|4
|
|t:|1743858159
|move|p2a: Walking Wake|Flip Turn|p1a: Arcanine
|-supereffective|p1a: Arcanine
|-damage|p1a: Arcanine|61/100
|
|t:|1743858184
|-end|p2a: Walking Wake|Protosynthesis|[silent]
|switch|p2a: Comfey|Comfey, F|100/100|[from] Flip Turn
|move|p1a: Arcanine|Head Smash|p2a: Comfey|[miss]
|-miss|p1a: Arcanine|p2a: Comfey
|
|-weather|SunnyDay|[upkeep]
|upkeep
|turn|5
|
|t:|1743858190
|move|p1a: Arcanine|Flare Blitz|p2a: Comfey
|-damage|p2a: Comfey|4/100
|move|p2a: Comfey|Growth|p2a: Comfey
|-boost|p2a: Comfey|atk|2
|-boost|p2a: Comfey|spa|2
|
|-weather|SunnyDay|[upkeep]
|upkeep
|turn|6
|
|t:|1743858194
|move|p2a: Comfey|Draining Kiss|p1a: Arcanine
|-resisted|p1a: Arcanine
|-damage|p1a: Arcanine|30/100
|-heal|p2a: Comfey|29/100|[from] drain|[of] p1a: Arcanine
|-damage|p2a: Comfey|19/100|[from] item: Life Orb
|move|p1a: Arcanine|Extreme Speed|p2a: Comfey
|-damage|p2a: Comfey|0 fnt
|faint|p2a: Comfey
|
|-weather|SunnyDay|[upkeep]
|upkeep
|
|t:|1743858197
|switch|p2a: Walking Wake|Walking Wake|79/100
|-activate|p2a: Walking Wake|ability: Protosynthesis
|-start|p2a: Walking Wake|protosynthesisspe
|turn|7
|
|t:|1743858202
|move|p1a: Arcanine|Extreme Speed|p2a: Walking Wake
|-damage|p2a: Walking Wake|57/100
|move|p2a: Walking Wake|Flip Turn|p1a: Arcanine
|-supereffective|p1a: Arcanine
|-damage|p1a: Arcanine|0 fnt
|faint|p1a: Arcanine
|
|t:|1743858211
|-end|p2a: Walking Wake|Protosynthesis|[silent]
|switch|p2a: Iron Moth|Iron Moth|100/100|[from] Flip Turn
|-enditem|p2a: Iron Moth|Booster Energy
|-activate|p2a: Iron Moth|ability: Quark Drive|[fromitem]
|-start|p2a: Iron Moth|quarkdrivespa
|
|-weather|SunnyDay|[upkeep]
|upkeep
|
|t:|1743858223
|switch|p1a: Inteleon|Inteleon, F|100/100
|turn|8
|
|t:|1743858241
|move|p1a: Inteleon|Hydro Pump|p2a: Iron Moth
|-supereffective|p2a: Iron Moth
|-damage|p2a: Iron Moth|39/100
|move|p2a: Iron Moth|Solar Beam||[still]
|-prepare|p2a: Iron Moth|Solar Beam
|-anim|p2a: Iron Moth|Solar Beam|p1a: Inteleon
|-supereffective|p1a: Inteleon
|-damage|p1a: Inteleon|0 fnt
|faint|p1a: Inteleon
|
|-weather|none
|upkeep
|
|t:|1743858257
|switch|p1a: Infernape|Infernape, F|100/100
|turn|9
|
|t:|1743858263
|move|p2a: Iron Moth|Sludge Wave|p1a: Infernape
|-damage|p1a: Infernape|4/100
|move|p1a: Infernape|Flamethrower|p2a: Iron Moth
|-resisted|p2a: Iron Moth
|-damage|p2a: Iron Moth|9/100
|
|upkeep
|turn|10
|
|t:|1743858269
|move|p1a: Infernape|Vacuum Wave|p2a: Iron Moth
|-resisted|p2a: Iron Moth
|-damage|p2a: Iron Moth|0 fnt
|faint|p2a: Iron Moth
|-end|p2a: Iron Moth|Quark Drive|[silent]
|
|upkeep
|
|t:|1743858272
|switch|p2a: Ninetales|Ninetales, M|100/100
|-weather|SunnyDay|[from] ability: Drought|[of] p2a: Ninetales
|turn|11
|
|t:|1743858277
|move|p1a: Infernape|Endeavor|p2a: Ninetales
|-damage|p2a: Ninetales|3/100
|move|p2a: Ninetales|Weather Ball|p1a: Infernape
|-resisted|p1a: Infernape
|-damage|p1a: Infernape|0 fnt
|faint|p1a: Infernape
|
|-weather|SunnyDay|[upkeep]
|upkeep
|
|t:|1743858281
|switch|p1a: Toedscruel|Toedscruel, M|100/100
|turn|12
|
|t:|1743858305
|move|p1a: Toedscruel|Rapid Spin|p2a: Ninetales
|-damage|p2a: Ninetales|0 fnt
|-boost|p1a: Toedscruel|spe|1
|faint|p2a: Ninetales
|
|-weather|SunnyDay|[upkeep]
|upkeep
|
|t:|1743858312
|switch|p2a: Whimsicott|Whimsicott, M|100/100
|turn|13
|
|t:|1743858318
|switch|p1a: Zarude|Zarude|100/100
|move|p2a: Whimsicott|Growth|p2a: Whimsicott
|-boost|p2a: Whimsicott|atk|2
|-boost|p2a: Whimsicott|spa|2
|
|-weather|SunnyDay|[upkeep]
|upkeep
|turn|14
|
|t:|1743858324
|switch|p1a: Toedscruel|Toedscruel, M|100/100
|move|p2a: Whimsicott|Moonblast|p1a: Toedscruel
|-damage|p1a: Toedscruel|17/100
|-damage|p2a: Whimsicott|91/100|[from] item: Life Orb
|
|-weather|SunnyDay|[upkeep]
|upkeep
|turn|15
|
|t:|1743858332
|move|p2a: Whimsicott|Moonblast|p1a: Toedscruel
|-damage|p1a: Toedscruel|0 fnt
|faint|p1a: Toedscruel
|-damage|p2a: Whimsicott|81/100|[from] item: Life Orb
|
|-weather|SunnyDay|[upkeep]
|upkeep
|
|t:|1743858338
|switch|p1a: Zarude|Zarude|100/100
|turn|16
|-message|kate10956 forfeited.
|
|win|why clap
|raw|kate10956's rating: 1329 &rarr; <strong>1312</strong><br />(-17 for losing)
|raw|why clap's rating: 1380 &rarr; <strong>1397</strong><br />(+17 for winning)
|l|☆kate10956
|player|p1|
|l|☆why clap
|player|p2|
