|j|☆masterbetachi
|j|☆poloniumew
|t:|1743893347
|gametype|singles
|player|p1|masterbetachi|266|1574
|player|p2|poloniumew|266|1587
|teamsize|p1|6
|teamsize|p2|6
|gen|9
|tier|[Gen 9] OU
|rated|
|rule|HP Percentage Mod: HP is shown in percentages
|rule|Endless Battle Clause: Forcing endless battles is banned
|rule|Species Clause: Limit one of each Pokémon
|rule|OHKO Clause: OHKO moves are banned
|rule|Evasion Items Clause: Evasion items are banned
|rule|Evasion Moves Clause: Evasion moves are banned
|rule|Sleep Moves Clause: Sleep-inducing moves are banned
|clearpoke
|poke|p1|Volcanion|
|poke|p1|Ogerpon-Wellspring, F|
|poke|p1|Dragapult, M|
|poke|p1|Rillaboom, F|
|poke|p1|Hatterene, F|
|poke|p1|Deoxys-Speed|
|poke|p2|Araquanid, M|
|poke|p2|Gholdengo|
|poke|p2|Great Tusk|
|poke|p2|Serperior, F|
|poke|p2|Samurott-Hisui, F|
|poke|p2|Arcanine-Hisui, F|
|teampreview
|inactive|Battle timer is ON: inactive players will automatically lose when time's up. (requested by poloniumew)
|inactive|masterbetachi also wants the timer to be on.
|
|t:|1743893371
|start
|switch|p1a: Deoxys|Deoxys-Speed|100/100
|switch|p2a: Arcanine|Arcanine-Hisui, F|100/100
|-ability|p1a: Deoxys|Pressure
|turn|1
|
|t:|1743893380
|move|p2a: Arcanine|Extreme Speed|p1a: Deoxys
|-damage|p1a: Deoxys|35/100
|move|p1a: Deoxys|Superpower|p2a: Arcanine
|-supereffective|p2a: Arcanine
|-damage|p2a: Arcanine|3/100
|-unboost|p1a: Deoxys|atk|1
|-unboost|p1a: Deoxys|def|1
|-damage|p1a: Deoxys|25/100|[from] item: Life Orb
|
|upkeep
|turn|2
|
|t:|1743893389
|move|p2a: Arcanine|Extreme Speed|p1a: Deoxys
|-crit|p1a: Deoxys
|-damage|p1a: Deoxys|0 fnt
|faint|p1a: Deoxys
|
|upkeep
|
|t:|1743893398
|switch|p1a: Dragapult|Dragapult, M|100/100
|turn|3
|
|t:|1743893407
|switch|p2a: Araquanid|Araquanid, M|100/100
|move|p1a: Dragapult|U-turn|p2a: Araquanid
|-damage|p2a: Araquanid|63/100
|
|t:|1743893414
|switch|p1a: Rillaboom|Rillaboom, F|100/100|[from] U-turn
|-fieldstart|move: Grassy Terrain|[from] ability: Grassy Surge|[of] p1a: Rillaboom
|
|-heal|p2a: Araquanid|69/100|[from] Grassy Terrain
|upkeep
|turn|4
|
|t:|1743893418
|move|p2a: Araquanid|Endure|p2a: Araquanid
|-singleturn|p2a: Araquanid|move: Endure
|move|p1a: Rillaboom|U-turn|p2a: Araquanid
|-damage|p2a: Araquanid|45/100
|
|t:|1743893424
|switch|p1a: Hatterene|Hatterene, F|100/100|[from] U-turn
|
|-heal|p2a: Araquanid|51/100|[from] Grassy Terrain
|upkeep
|turn|5
|
|t:|1743893431
|switch|p2a: Gholdengo|Gholdengo|100/100
|-item|p2a: Gholdengo|Air Balloon
|move|p1a: Hatterene|Calm Mind|p1a: Hatterene
|-boost|p1a: Hatterene|spa|1
|-boost|p1a: Hatterene|spd|1
|
|upkeep
|turn|6
|
|t:|1743893439
|switch|p1a: Volcanion|Volcanion|100/100
|move|p2a: Gholdengo|Nasty Plot|p2a: Gholdengo
|-boost|p2a: Gholdengo|spa|2
|
|upkeep
|turn|7
|
|t:|1743893443
|move|p2a: Gholdengo|Shadow Ball|p1a: Volcanion
|-damage|p1a: Volcanion|16/100
|move|p1a: Volcanion|Steam Eruption|p2a: Gholdengo
|-damage|p2a: Gholdengo|0 fnt
|-enditem|p2a: Gholdengo|Air Balloon
|faint|p2a: Gholdengo
|
|-heal|p1a: Volcanion|22/100|[from] Grassy Terrain
|upkeep
|
|t:|1743893450
|switch|p2a: Arcanine|Arcanine-Hisui, F|3/100
|turn|8
|
|t:|1743893457
|move|p2a: Arcanine|Wild Charge|p1a: Volcanion
|-supereffective|p1a: Volcanion
|-damage|p1a: Volcanion|0 fnt
|faint|p1a: Volcanion
|
|-heal|p2a: Arcanine|9/100|[from] Grassy Terrain
|upkeep
|
|t:|1743893468
|switch|p1a: Hatterene|Hatterene, F|100/100
|turn|9
|
|t:|1743893472
|switch|p2a: Araquanid|Araquanid, M|51/100
|move|p1a: Hatterene|Calm Mind|p1a: Hatterene
|-boost|p1a: Hatterene|spa|1
|-boost|p1a: Hatterene|spd|1
|
|-heal|p2a: Araquanid|58/100|[from] Grassy Terrain
|upkeep
|turn|10
|
|t:|1743893477
|move|p2a: Araquanid|Surf|p1a: Hatterene
|-damage|p1a: Hatterene|60/100
|move|p1a: Hatterene|Calm Mind|p1a: Hatterene
|-boost|p1a: Hatterene|spa|1
|-boost|p1a: Hatterene|spd|1
|
|-heal|p2a: Araquanid|64/100|[from] Grassy Terrain
|-heal|p1a: Hatterene|66/100|[from] Grassy Terrain
|-heal|p1a: Hatterene|73/100|[from] item: Leftovers
|-fieldend|move: Grassy Terrain
|upkeep
|turn|11
|
|t:|1743893482
|move|p2a: Araquanid|Surf|p1a: Hatterene
|-damage|p1a: Hatterene|41/100
|move|p1a: Hatterene|Draining Kiss|p2a: Araquanid
|-damage|p2a: Araquanid|24/100
|-heal|p1a: Hatterene|74/100|[from] drain|[of] p2a: Araquanid
|
|-heal|p1a: Hatterene|80/100|[from] item: Leftovers
|upkeep
|turn|12
|-enditem|p2a: Araquanid|Custap Berry|[eat]
|-activate|p2a: Araquanid|item: Custap Berry|[consumed]
|
|t:|1743893492
|move|p1a: Hatterene|Protect|p1a: Hatterene
|-singleturn|p1a: Hatterene|Protect
|move|p2a: Araquanid|Surf|p1a: Hatterene
|-activate|p1a: Hatterene|move: Protect
|
|-heal|p1a: Hatterene|87/100|[from] item: Leftovers
|upkeep
|turn|13
|
|t:|1743893495
|move|p2a: Araquanid|Surf|p1a: Hatterene
|-damage|p1a: Hatterene|55/100
|move|p1a: Hatterene|Draining Kiss|p2a: Araquanid
|-damage|p2a: Araquanid|0 fnt
|-heal|p1a: Hatterene|75/100|[from] drain|[of] p2a: Araquanid
|faint|p2a: Araquanid
|
|-heal|p1a: Hatterene|81/100|[from] item: Leftovers
|upkeep
|
|t:|1743893498
|switch|p2a: Arcanine|Arcanine-Hisui, F|9/100
|turn|14
|
|t:|1743893502
|move|p1a: Hatterene|Protect|p1a: Hatterene
|-singleturn|p1a: Hatterene|Protect
|move|p2a: Arcanine|Head Smash|p1a: Hatterene
|-activate|p1a: Hatterene|move: Protect
|
|-heal|p1a: Hatterene|87/100|[from] item: Leftovers
|upkeep
|turn|15
|
|t:|1743893518
|switch|p1a: Rillaboom|Rillaboom, F|100/100
|-fieldstart|move: Grassy Terrain|[from] ability: Grassy Surge|[of] p1a: Rillaboom
|move|p2a: Arcanine|Head Smash|p1a: Rillaboom|[miss]
|-miss|p2a: Arcanine|p1a: Rillaboom
|
|-heal|p2a: Arcanine|15/100|[from] Grassy Terrain
|upkeep
|turn|16
|l|☆poloniumew
|inactive|poloniumew disconnected and has a minute to reconnect!
|player|p2|
|inactive|poloniumew has 30 seconds to reconnect!
|inactive|poloniumew has 20 seconds to reconnect!
|inactive|poloniumew has 15 seconds to reconnect!
|inactive|poloniumew has 10 seconds to reconnect!
|inactive|poloniumew has 5 seconds to reconnect!
|-message|poloniumew lost due to inactivity.
|
|win|masterbetachi
|raw|masterbetachi's rating: 1574 &rarr; <strong>1595</strong><br />(+21 for winning)
|raw|poloniumew's rating: 1587 &rarr; <strong>1566</strong><br />(-21 for losing)
|l|☆masterbetachi
|player|p1|
