|j|☆lupiit
|j|☆Grunkle G.
|t:|1743826973
|gametype|singles
|player|p1|lupiit|dragontamer|1265
|player|p2|Grunkle G.|sonia-professor|1368
|teamsize|p1|6
|teamsize|p2|6
|gen|9
|tier|[Gen 9] OU
|rated|
|rule|HP Percentage Mod: HP is shown in percentages
|rule|Endless Battle Clause: Forcing endless battles is banned
|rule|Species Clause: Limit one of each Pokémon
|rule|OHKO Clause: OHKO moves are banned
|rule|Evasion Items Clause: Evasion items are banned
|rule|Evasion Moves Clause: Evasion moves are banned
|rule|Sleep Moves Clause: Sleep-inducing moves are banned
|clearpoke
|poke|p1|Blissey, F|
|poke|p1|Hoopa-Unbound|
|poke|p1|Smeargle, F|
|poke|p1|Breloom, F|
|poke|p1|Dondozo, F|
|poke|p1|Comfey, F|
|poke|p2|Cinderace, M|
|poke|p2|Raging Bolt|
|poke|p2|Meowscarada, F|
|poke|p2|Slowking-Galar, F|
|poke|p2|Great Tusk|
|poke|p2|Corviknight, F|
|teampreview
|inactive|Battle timer is ON: inactive players will automatically lose when time's up. (requested by Grunkle G.)
|
|t:|1743826991
|start
|switch|p1a: Smeargle|Smeargle, F|100/100
|switch|p2a: Beelzebub|Cinderace, M|100/100
|turn|1
|
|t:|1743826995
|move|p2a: Beelzebub|Pyro Ball|p1a: Smeargle
|-enditem|p1a: Smeargle|Focus Sash
|-damage|p1a: Smeargle|1/100
|move|p1a: Smeargle|Counter|p2a: Beelzebub
|-damage|p2a: Beelzebub|0 fnt
|faint|p2a: Beelzebub
|
|upkeep
|
|t:|1743827011
|switch|p2a: Eligor|Great Tusk|100/100
|turn|2
|
|t:|1743827014
|move|p1a: Smeargle|Burning Bulwark|p1a: Smeargle
|-singleturn|p1a: Smeargle|move: Protect
|move|p2a: Eligor|Rapid Spin|p1a: Smeargle
|-activate|p1a: Smeargle|move: Protect
|-status|p2a: Eligor|brn
|
|-damage|p2a: Eligor|94/100 brn|[from] brn
|upkeep
|turn|3
|
|t:|1743827020
|switch|p1a: Breloom|Breloom, F|100/100
|move|p2a: Eligor|Rapid Spin|p1a: Breloom
|-damage|p1a: Breloom|86/100
|-boost|p2a: Eligor|spe|1
|
|-damage|p2a: Eligor|88/100 brn|[from] brn
|upkeep
|turn|4
|
|t:|1743827024
|move|p2a: Eligor|Stealth Rock|p1a: Breloom
|-sidestart|p1: lupiit|move: Stealth Rock
|move|p1a: Breloom|Swords Dance|p1a: Breloom
|-boost|p1a: Breloom|atk|2
|
|-damage|p2a: Eligor|82/100 brn|[from] brn
|upkeep
|turn|5
|
|t:|1743827026
|move|p2a: Eligor|Ice Spinner|p1a: Breloom
|-supereffective|p1a: Breloom
|-damage|p1a: Breloom|38/100
|move|p1a: Breloom|Bullet Seed|p2a: Eligor
|-supereffective|p2a: Eligor
|-damage|p2a: Eligor|20/100 brn
|-supereffective|p2a: Eligor
|-damage|p2a: Eligor|0 fnt
|faint|p2a: Eligor
|-end|p2a: Eligor|Protosynthesis|[silent]
|-hitcount|p2: Eligor|2
|
|upkeep
|
|t:|1743827031
|switch|p2a: Paranoia|Meowscarada, F|100/100
|turn|6
|
|t:|1743827034
|move|p1a: Breloom|Mach Punch|p2a: Paranoia
|-supereffective|p2a: Paranoia
|-damage|p2a: Paranoia|0 fnt
|faint|p2a: Paranoia
|
|upkeep
|
|t:|1743827041
|switch|p2a: Gaibon|Corviknight, F|100/100
|-ability|p2a: Gaibon|Pressure
|turn|7
|
|t:|1743827046
|move|p1a: Breloom|Rock Tomb|p2a: Gaibon
|-damage|p2a: Gaibon|61/100
|-unboost|p2a: Gaibon|spe|1
|move|p2a: Gaibon|U-turn|p1a: Breloom
|-damage|p1a: Breloom|14/100
|
|t:|1743827050
|switch|p2a: Galamoth|Raging Bolt|100/100|[from] U-turn
|
|upkeep
|turn|8
|
|t:|1743827056
|move|p2a: Galamoth|Thunderclap|p1a: Breloom
|-resisted|p1a: Breloom
|-damage|p1a: Breloom|0 fnt
|faint|p1a: Breloom
|
|upkeep
|
|t:|1743827061
|switch|p1a: Comfey|Comfey, F|100/100
|-damage|p1a: Comfey|88/100|[from] Stealth Rock
|turn|9
|
|t:|1743827063
|-end|p2a: Galamoth|Protosynthesis|[silent]
|switch|p2a: Dullahan|Slowking-Galar, F|100/100
|move|p1a: Comfey|Calm Mind|p1a: Comfey
|-boost|p1a: Comfey|spa|1
|-boost|p1a: Comfey|spd|1
|
|upkeep
|turn|10
|
|t:|1743827067
|move|p1a: Comfey|Substitute|p1a: Comfey
|-start|p1a: Comfey|Substitute
|-damage|p1a: Comfey|63/100
|move|p2a: Dullahan|Sludge Bomb|p1a: Comfey
|-supereffective|p1a: Comfey
|-end|p1a: Comfey|Substitute
|
|upkeep
|turn|11
|
|t:|1743827070
|-terastallize|p1a: Comfey|Fire
|move|p1a: Comfey|Substitute|p1a: Comfey
|-start|p1a: Comfey|Substitute
|-damage|p1a: Comfey|38/100
|move|p2a: Dullahan|Sludge Bomb|p1a: Comfey
|-end|p1a: Comfey|Substitute
|
|upkeep
|turn|12
|
|t:|1743827073
|move|p1a: Comfey|Calm Mind|p1a: Comfey
|-boost|p1a: Comfey|spa|1
|-boost|p1a: Comfey|spd|1
|move|p2a: Dullahan|Psyshock|p1a: Comfey
|-damage|p1a: Comfey|0 fnt
|faint|p1a: Comfey
|
|upkeep
|
|t:|1743827076
|switch|p1a: Hoopa|Hoopa-Unbound|100/100
|-damage|p1a: Hoopa|88/100|[from] Stealth Rock
|turn|13
|
|t:|1743827078
|switch|p2a: Gaibon|Corviknight, F|61/100
|-ability|p2a: Gaibon|Pressure
|move|p1a: Hoopa|Calm Mind|p1a: Hoopa
|-boost|p1a: Hoopa|spa|1
|-boost|p1a: Hoopa|spd|1
|
|-heal|p1a: Hoopa|94/100|[from] item: Leftovers
|upkeep
|turn|14
|
|t:|1743827082
|move|p1a: Hoopa|Dark Pulse|p2a: Gaibon
|-damage|p2a: Gaibon|0 fnt
|faint|p2a: Gaibon
|
|-heal|p1a: Hoopa|99/100|[from] item: Leftovers
|upkeep
|c|☆lupiit|gg
|-message|Grunkle G. forfeited.
|
|win|lupiit
|raw|lupiit's rating: 1265 &rarr; <strong>1297</strong><br />(+32 for winning)
|raw|Grunkle G.'s rating: 1368 &rarr; <strong>1342</strong><br />(-26 for losing)
|l|☆Grunkle G.
|player|p2|
|l|☆lupiit
|player|p1|
