|j|☆Jadejae
|j|☆AZZBoi
|t:|1743938279
|gametype|singles
|player|p1|Jadejae|102|1100
|player|p2|AZZBoi|2|1125
|teamsize|p1|6
|teamsize|p2|6
|gen|9
|tier|[Gen 9] OU
|rated|
|rule|HP Percentage Mod: HP is shown in percentages
|rule|Endless Battle Clause: Forcing endless battles is banned
|rule|Species Clause: Limit one of each Pokémon
|rule|OHKO Clause: OHKO moves are banned
|rule|Evasion Items Clause: Evasion items are banned
|rule|Evasion Moves Clause: Evasion moves are banned
|rule|Sleep Moves Clause: Sleep-inducing moves are banned
|clearpoke
|poke|p1|Regidrago|
|poke|p1|Torkoal, M|
|poke|p1|Maushold|
|poke|p1|Cinderace, F|
|poke|p1|Trevenant, F|
|poke|p1|Glimmora, F|
|poke|p2|Gyarados, F|
|poke|p2|Dragonite, F|
|poke|p2|Incineroar, F|
|poke|p2|Landorus-Therian, M|
|poke|p2|Deoxys-Speed|
|poke|p2|Zapdos|
|teampreview
|
|t:|1743938351
|start
|switch|p1a: Glimmora|Glimmora, F, shiny|100/100
|switch|p2a: Gyarados|Gyarados, F|100/100
|turn|1
|
|t:|1743938363
|move|p2a: Gyarados|Dragon Dance|p2a: Gyarados
|-boost|p2a: Gyarados|atk|1
|-boost|p2a: Gyarados|spe|1
|move|p1a: Glimmora|Toxic Spikes|p2a: Gyarados
|-sidestart|p2: AZZBoi|move: Toxic Spikes
|
|upkeep
|turn|2
|
|t:|1743938375
|move|p2a: Gyarados|Waterfall|p1a: Glimmora
|-supereffective|p1a: Glimmora
|-damage|p1a: Glimmora|11/100
|-activate|p1a: Glimmora|ability: Toxic Debris
|-sidestart|p2: AZZBoi|move: Toxic Spikes
|cant|p1a: Glimmora|flinch
|
|-heal|p1a: Glimmora|18/100|[from] item: Leftovers
|upkeep
|turn|3
|
|t:|1743938384
|move|p2a: Gyarados|Waterfall|p1a: Glimmora
|-supereffective|p1a: Glimmora
|-damage|p1a: Glimmora|0 fnt
|faint|p1a: Glimmora
|-ability|p2a: Gyarados|Moxie|boost
|-boost|p2a: Gyarados|atk|1
|
|upkeep
|
|t:|1743938390
|switch|p1a: Trevenant|Trevenant, F, shiny|100/100
|turn|4
|
|t:|1743938402
|move|p2a: Gyarados|Ice Fang|p1a: Trevenant|[miss]
|-miss|p2a: Gyarados|p1a: Trevenant
|move|p1a: Trevenant|Giga Drain|p2a: Gyarados
|-damage|p2a: Gyarados|81/100
|
|-heal|p2a: Gyarados|87/100|[from] item: Leftovers
|upkeep
|turn|5
|
|t:|1743938410
|move|p2a: Gyarados|Ice Fang|p1a: Trevenant
|-supereffective|p1a: Trevenant
|-damage|p1a: Trevenant|0 fnt
|faint|p1a: Trevenant
|-ability|p2a: Gyarados|Moxie|boost
|-boost|p2a: Gyarados|atk|1
|
|-heal|p2a: Gyarados|93/100|[from] item: Leftovers
|upkeep
|
|t:|1743938418
|switch|p1a: Maushold|Maushold|100/100
|turn|6
|
|t:|1743938432
|-terastallize|p1a: Maushold|Normal
|move|p2a: Gyarados|Waterfall|p1a: Maushold
|-crit|p1a: Maushold
|-damage|p1a: Maushold|0 fnt
|faint|p1a: Maushold
|-ability|p2a: Gyarados|Moxie|boost
|-boost|p2a: Gyarados|atk|1
|
|-heal|p2a: Gyarados|99/100|[from] item: Leftovers
|upkeep
|-message|Jadejae forfeited.
|
|win|AZZBoi
|raw|Jadejae's rating: 1100 &rarr; <strong>1077</strong><br />(-23 for losing)
|raw|AZZBoi's rating: 1125 &rarr; <strong>1148</strong><br />(+23 for winning)
|l|☆Jadejae
|player|p1|
|l|☆AZZBoi
|player|p2|
