|j|☆ZeroTheHero77
|j|☆phevans1
|t:|1743833369
|gametype|singles
|player|p1|ZeroTheHero77|n|1242
|player|p2|phevans1|169|1288
|teamsize|p1|6
|teamsize|p2|6
|gen|9
|tier|[Gen 9] OU
|rated|
|rule|HP Percentage Mod: HP is shown in percentages
|rule|Endless Battle Clause: Forcing endless battles is banned
|rule|Species Clause: Limit one of each Pokémon
|rule|OHKO Clause: OHKO moves are banned
|rule|Evasion Items Clause: Evasion items are banned
|rule|Evasion Moves Clause: Evasion moves are banned
|rule|Sleep Moves Clause: Sleep-inducing moves are banned
|clearpoke
|poke|p1|Skeledirge, M|
|poke|p1|Samurott-Hisui, M|
|poke|p1|Excadrill, M|
|poke|p1|Serperior, M|
|poke|p1|Noivern, M|
|poke|p1|Iron Hands|
|poke|p2|Zapdos|
|poke|p2|Garganacl, F|
|poke|p2|Zamazenta-*|
|poke|p2|Gholdengo|
|poke|p2|Hydrapple, F|
|poke|p2|Forretress, M|
|teampreview
|
|t:|1743833399
|start
|switch|p1a: Glue eater|Skeledirge, M|100/100
|switch|p2a: Zapdos|Zapdos|100/100
|turn|1
|inactive|Battle timer is ON: inactive players will automatically lose when time's up. (requested by phevans1)
|
|t:|1743833403
|move|p2a: Zapdos|Volt Switch|p1a: Glue eater
|-damage|p1a: Glue eater|80/100
|
|t:|1743833422
|switch|p2a: Garganacl|Garganacl, F|100/100|[from] Volt Switch
|move|p1a: Glue eater|Torch Song|p2a: Garganacl
|-resisted|p2a: Garganacl
|-damage|p2a: Garganacl|91/100
|-boost|p1a: Glue eater|spa|1
|
|-heal|p1a: Glue eater|86/100|[from] item: Leftovers
|-heal|p2a: Garganacl|97/100|[from] item: Leftovers
|upkeep
|turn|2
|
|t:|1743833434
|switch|p1a: Mr. Driller|Excadrill, M|100/100
|-ability|p1a: Mr. Driller|Mold Breaker
|move|p2a: Garganacl|Salt Cure|p1a: Mr. Driller
|-resisted|p1a: Mr. Driller
|-damage|p1a: Mr. Driller|96/100
|-start|p1a: Mr. Driller|Salt Cure
|
|-heal|p2a: Garganacl|100/100|[from] item: Leftovers
|-damage|p1a: Mr. Driller|71/100|[from] Salt Cure
|upkeep
|turn|3
|
|t:|1743833452
|switch|p2a: Zapdos|Zapdos|100/100
|move|p1a: Mr. Driller|Stealth Rock|p2a: Zapdos
|-sidestart|p2: phevans1|move: Stealth Rock
|
|-damage|p1a: Mr. Driller|46/100|[from] Salt Cure
|upkeep
|turn|4
|
|t:|1743833465
|move|p1a: Mr. Driller|Iron Head|p2a: Zapdos
|-resisted|p2a: Zapdos
|-damage|p2a: Zapdos|84/100
|move|p2a: Zapdos|Hurricane|p1a: Mr. Driller
|-resisted|p1a: Mr. Driller
|-damage|p1a: Mr. Driller|15/100
|
|-damage|p1a: Mr. Driller|0 fnt|[from] Salt Cure
|faint|p1a: Mr. Driller
|upkeep
|
|t:|1743833487
|switch|p1a: hariyama!!!|Iron Hands|100/100
|turn|5
|
|t:|1743833509
|-terastallize|p2a: Zapdos|Fairy
|move|p1a: hariyama!!!|Fake Out|p2a: Zapdos
|-damage|p2a: Zapdos|72/100
|cant|p2a: Zapdos|flinch
|
|upkeep
|turn|6
|
|t:|1743833517
|-end|p1a: hariyama!!!|Quark Drive|[silent]
|switch|p1a: Glue eater|Skeledirge, M|86/100
|move|p2a: Zapdos|Tera Blast|p1a: Glue eater|[anim] Tera Blast Fairy
|-resisted|p1a: Glue eater
|-damage|p1a: Glue eater|75/100
|
|-heal|p1a: Glue eater|81/100|[from] item: Leftovers
|upkeep
|turn|7
|
|t:|1743833523
|move|p2a: Zapdos|Volt Switch|p1a: Glue eater
|-damage|p1a: Glue eater|61/100
|
|t:|1743833530
|switch|p2a: Garganacl|Garganacl, F|100/100|[from] Volt Switch
|-damage|p2a: Garganacl|88/100|[from] Stealth Rock
|move|p1a: Glue eater|Torch Song|p2a: Garganacl
|-resisted|p2a: Garganacl
|-damage|p2a: Garganacl|78/100
|-boost|p1a: Glue eater|spa|1
|
|-heal|p1a: Glue eater|67/100|[from] item: Leftovers
|-heal|p2a: Garganacl|84/100|[from] item: Leftovers
|upkeep
|turn|8
|
|t:|1743833539
|switch|p1a: hariyama!!!|Iron Hands|100/100
|move|p2a: Garganacl|Salt Cure|p1a: hariyama!!!
|-resisted|p1a: hariyama!!!
|-damage|p1a: hariyama!!!|96/100
|-start|p1a: hariyama!!!|Salt Cure
|
|-heal|p1a: hariyama!!!|100/100|[from] item: Leftovers
|-heal|p2a: Garganacl|91/100|[from] item: Leftovers
|-damage|p1a: hariyama!!!|88/100|[from] Salt Cure
|upkeep
|turn|9
|
|t:|1743833555
|switch|p2a: Gholdengo|Gholdengo|100/100
|-damage|p2a: Gholdengo|94/100|[from] Stealth Rock
|-item|p2a: Gholdengo|Air Balloon
|move|p1a: hariyama!!!|Drain Punch|p2a: Gholdengo
|-immune|p2a: Gholdengo
|
|-heal|p1a: hariyama!!!|94/100|[from] item: Leftovers
|-damage|p1a: hariyama!!!|82/100|[from] Salt Cure
|upkeep
|turn|10
|
|t:|1743833567
|switch|p2a: Zapdos|Zapdos, tera:Fairy|72/100
|move|p1a: hariyama!!!|Thunder Punch|p2a: Zapdos
|-damage|p2a: Zapdos|41/100
|
|-heal|p1a: hariyama!!!|88/100|[from] item: Leftovers
|-damage|p1a: hariyama!!!|75/100|[from] Salt Cure
|upkeep
|turn|11
|l|☆ZeroTheHero77
|inactive|ZeroTheHero77 disconnected and has a minute to reconnect!
|player|p1|
|j|☆ZeroTheHero77
|inactive|ZeroTheHero77 reconnected and has 140 seconds left.
|player|p1|ZeroTheHero77|n|
|
|t:|1743833582
|move|p2a: Zapdos|Roost|p2a: Zapdos
|-heal|p2a: Zapdos|91/100
|move|p1a: hariyama!!!|Thunder Punch|p2a: Zapdos
|-damage|p2a: Zapdos|60/100
|
|-heal|p1a: hariyama!!!|82/100|[from] item: Leftovers
|-damage|p1a: hariyama!!!|69/100|[from] Salt Cure
|upkeep
|turn|12
|
|t:|1743833588
|move|p2a: Zapdos|Tera Blast|p1a: hariyama!!!|[anim] Tera Blast Fairy
|-supereffective|p1a: hariyama!!!
|-damage|p1a: hariyama!!!|7/100
|move|p1a: hariyama!!!|Thunder Punch|p2a: Zapdos
|-damage|p2a: Zapdos|28/100
|
|-heal|p1a: hariyama!!!|13/100|[from] item: Leftovers
|-damage|p1a: hariyama!!!|1/100|[from] Salt Cure
|upkeep
|turn|13
|
|t:|1743833593
|move|p2a: Zapdos|Roost|p2a: Zapdos
|-heal|p2a: Zapdos|78/100
|move|p1a: hariyama!!!|Thunder Punch|p2a: Zapdos
|-damage|p2a: Zapdos|43/100
|
|-heal|p1a: hariyama!!!|7/100|[from] item: Leftovers
|-damage|p1a: hariyama!!!|0 fnt|[from] Salt Cure
|faint|p1a: hariyama!!!
|-end|p1a: hariyama!!!|Quark Drive|[silent]
|upkeep
|
|t:|1743833597
|switch|p1a: awesome snake|Serperior, M, shiny|100/100
|turn|14
|
|t:|1743833600
|move|p1a: awesome snake|Leaf Storm|p2a: Zapdos
|-damage|p2a: Zapdos|0 fnt
|-boost|p1a: awesome snake|spa|2
|faint|p2a: Zapdos
|
|upkeep
|
|t:|1743833612
|switch|p2a: Forretress|Forretress, M|100/100
|-damage|p2a: Forretress|88/100|[from] Stealth Rock
|turn|15
|
|t:|1743833622
|-terastallize|p1a: awesome snake|Fire
|move|p1a: awesome snake|Tera Blast|p2a: Forretress|[anim] Tera Blast Fire
|-supereffective|p2a: Forretress
|-damage|p2a: Forretress|0 fnt
|faint|p2a: Forretress
|
|upkeep
|l|☆ZeroTheHero77
|inactive|ZeroTheHero77 disconnected and has a minute to reconnect!
|player|p1|
|
|t:|1743833633
|switch|p2a: Hydrapple|Hydrapple, F|100/100
|turn|16
|j|☆ZeroTheHero77
|inactive|ZeroTheHero77 reconnected and has 140 seconds left.
|player|p1|ZeroTheHero77|n|
|
|t:|1743833647
|move|p1a: awesome snake|Dragon Pulse|p2a: Hydrapple
|-supereffective|p2a: Hydrapple
|-damage|p2a: Hydrapple|16/100
|move|p2a: Hydrapple|Earth Power|p1a: awesome snake
|-supereffective|p1a: awesome snake
|-damage|p1a: awesome snake|48/100
|
|upkeep
|turn|17
|
|t:|1743833658
|switch|p2a: Gholdengo|Gholdengo|94/100
|-damage|p2a: Gholdengo|88/100|[from] Stealth Rock
|-item|p2a: Gholdengo|Air Balloon
|move|p1a: awesome snake|Dragon Pulse|p2a: Gholdengo
|-resisted|p2a: Gholdengo
|-damage|p2a: Gholdengo|69/100
|-enditem|p2a: Gholdengo|Air Balloon
|
|upkeep
|turn|18
|
|t:|1743833668
|move|p1a: awesome snake|Tera Blast|p2a: Gholdengo|[anim] Tera Blast Fire
|-supereffective|p2a: Gholdengo
|-damage|p2a: Gholdengo|0 fnt
|faint|p2a: Gholdengo
|
|upkeep
|-message|phevans1 forfeited.
|
|win|ZeroTheHero77
|raw|ZeroTheHero77's rating: 1242 &rarr; <strong>1270</strong><br />(+28 for winning)
|raw|phevans1's rating: 1288 &rarr; <strong>1260</strong><br />(-28 for losing)
|l|☆phevans1
|player|p2|
|l|☆ZeroTheHero77
|player|p1|
