|j|☆JGabrielCO
|j|☆hugobui0105
|t:|1743798972
|gametype|singles
|player|p1|JGabrielCO|101|1344
|player|p2|hugobui0105|scientist-gen4dp|1380
|teamsize|p1|6
|teamsize|p2|6
|gen|9
|tier|[Gen 9] OU
|rated|
|rule|HP Percentage Mod: HP is shown in percentages
|rule|Endless Battle Clause: Forcing endless battles is banned
|rule|Species Clause: Limit one of each Pokémon
|rule|OHKO Clause: OHKO moves are banned
|rule|Evasion Items Clause: Evasion items are banned
|rule|Evasion Moves Clause: Evasion moves are banned
|rule|Sleep Moves Clause: Sleep-inducing moves are banned
|clearpoke
|poke|p1|Slowking-Galar, M|
|poke|p1|Bruxish, F|
|poke|p1|Iron Valiant|
|poke|p1|Meowscarada, M|
|poke|p1|Cinderace, M|
|poke|p1|Landorus-Therian, M|
|poke|p2|Goodra-Hisui, F|
|poke|p2|Alomomola, F|
|poke|p2|Ting-Lu|
|poke|p2|Sinistcha|
|poke|p2|Zamazenta-*|
|poke|p2|Scizor, F|
|teampreview
|inactive|Battle timer is ON: inactive players will automatically lose when time's up. (requested by hugobui0105)
|
|t:|1743798995
|start
|switch|p1a: Iron Valiant|Iron Valiant|100/100
|switch|p2a: Sinistcha|Sinistcha|100/100
|turn|1
|
|t:|1743799000
|move|p1a: Iron Valiant|Moonblast|p2a: Sinistcha
|-damage|p2a: Sinistcha|12/100
|move|p2a: Sinistcha|Calm Mind|p2a: Sinistcha
|-boost|p2a: Sinistcha|spa|1
|-boost|p2a: Sinistcha|spd|1
|
|upkeep
|turn|2
|
|t:|1743799007
|switch|p2a: Goodra|Goodra-Hisui, F|100/100
|move|p1a: Iron Valiant|Moonblast|p2a: Goodra
|-damage|p2a: Goodra|63/100
|-unboost|p2a: Goodra|spa|1
|
|upkeep
|turn|3
|
|t:|1743799014
|-end|p1a: Iron Valiant|Quark Drive|[silent]
|switch|p1a: Slowking|Slowking-Galar, M|100/100
|move|p2a: Goodra|Heavy Slam|p1a: Slowking
|-damage|p1a: Slowking|75/100
|
|-heal|p1a: Slowking|81/100|[from] item: Black Sludge
|upkeep
|turn|4
|
|t:|1743799018
|move|p2a: Goodra|Knock Off|p1a: Slowking
|-supereffective|p1a: Slowking
|-damage|p1a: Slowking|41/100
|-enditem|p1a: Slowking|Black Sludge|[from] move: Knock Off|[of] p2a: Goodra
|-prepare|p1a: Slowking|Chilly Reception|[premajor]
|move|p1a: Slowking|Chilly Reception|p1a: Slowking
|-weather|Snowscape
|
|t:|1743799024
|switch|p1a: Bruxish|Bruxish, F|100/100|[from] Chilly Reception
|
|-weather|Snowscape|[upkeep]
|upkeep
|turn|5
|
|t:|1743799029
|switch|p2a: Alomomola|Alomomola, F|100/100
|move|p1a: Bruxish|Flip Turn|p2a: Alomomola
|-resisted|p2a: Alomomola
|-damage|p2a: Alomomola|88/100
|
|t:|1743799039
|switch|p1a: Landorus|Landorus-Therian, M|100/100|[from] Flip Turn
|-ability|p1a: Landorus|Intimidate|boost
|-unboost|p2a: Alomomola|atk|1
|
|-weather|Snowscape|[upkeep]
|upkeep
|turn|6
|
|t:|1743799042
|move|p1a: Landorus|Stealth Rock|p2a: Alomomola
|-sidestart|p2: hugobui0105|move: Stealth Rock
|move|p2a: Alomomola|Wish|p2a: Alomomola
|
|-weather|Snowscape|[upkeep]
|upkeep
|turn|7
|
|t:|1743799046
|move|p1a: Landorus|U-turn|p2a: Alomomola
|-damage|p2a: Alomomola|72/100
|
|t:|1743799048
|switch|p1a: Bruxish|Bruxish, F|100/100|[from] U-turn
|move|p2a: Alomomola|Flip Turn|p1a: Bruxish
|-resisted|p1a: Bruxish
|-damage|p1a: Bruxish|91/100
|
|t:|1743799051
|switch|p2a: Sinistcha|Sinistcha|12/100|[from] Flip Turn
|
|-weather|Snowscape|[upkeep]
|-heal|p2a: Sinistcha|80/100|[from] move: Wish|[wisher] Alomomola
|upkeep
|turn|8
|
|t:|1743799059
|move|p1a: Bruxish|Flip Turn|p2a: Sinistcha
|-resisted|p2a: Sinistcha
|-damage|p2a: Sinistcha|67/100
|
|t:|1743799061
|switch|p1a: Iron Valiant|Iron Valiant|100/100|[from] Flip Turn
|move|p2a: Sinistcha|Strength Sap|p1a: Iron Valiant
|-unboost|p1a: Iron Valiant|atk|1
|-heal|p2a: Sinistcha|100/100
|
|-weather|none
|upkeep
|turn|9
|
|t:|1743799074
|-terastallize|p2a: Sinistcha|Poison
|move|p1a: Iron Valiant|Moonblast|p2a: Sinistcha
|-resisted|p2a: Sinistcha
|-crit|p2a: Sinistcha
|-damage|p2a: Sinistcha|42/100
|-unboost|p2a: Sinistcha|spa|1
|move|p2a: Sinistcha|Calm Mind|p2a: Sinistcha
|-boost|p2a: Sinistcha|spa|1
|-boost|p2a: Sinistcha|spd|1
|
|upkeep
|turn|10
|
|t:|1743799083
|-end|p1a: Iron Valiant|Quark Drive|[silent]
|switch|p1a: Bruxish|Bruxish, F|91/100
|move|p2a: Sinistcha|Matcha Gotcha|p1a: Bruxish
|-supereffective|p1a: Bruxish
|-damage|p1a: Bruxish|0 fnt
|-heal|p2a: Sinistcha|79/100|[from] drain|[of] p1a: Bruxish
|faint|p1a: Bruxish
|
|upkeep
|
|t:|1743799088
|switch|p1a: Landorus|Landorus-Therian, M|100/100
|-ability|p1a: Landorus|Intimidate|boost
|-unboost|p2a: Sinistcha|atk|1
|turn|11
|
|t:|1743799093
|move|p1a: Landorus|Earthquake|p2a: Sinistcha
|-supereffective|p2a: Sinistcha
|-damage|p2a: Sinistcha|4/100
|move|p2a: Sinistcha|Strength Sap|p1a: Landorus
|-unboost|p1a: Landorus|atk|1
|-heal|p2a: Sinistcha|100/100
|
|upkeep
|turn|12
|-message|JGabrielCO forfeited.
|
|win|hugobui0105
|raw|JGabrielCO's rating: 1360 &rarr; <strong>1341</strong><br />(-19 for losing)
|raw|hugobui0105's rating: 1380 &rarr; <strong>1399</strong><br />(+19 for winning)
|l|☆JGabrielCO
|player|p1|
|l|☆hugobui0105
|player|p2|
