|j|☆PikachuRTM
|j|☆p3rb
|t:|1743811837
|gametype|singles
|player|p1|PikachuRTM|koga|1343
|player|p2|p3rb|266|1305
|teamsize|p1|6
|teamsize|p2|6
|gen|9
|tier|[Gen 9] OU
|rated|
|rule|HP Percentage Mod: HP is shown in percentages
|rule|Endless Battle Clause: Forcing endless battles is banned
|rule|Species Clause: Limit one of each Pokémon
|rule|OHKO Clause: OHKO moves are banned
|rule|Evasion Items Clause: Evasion items are banned
|rule|Evasion Moves Clause: Evasion moves are banned
|rule|Sleep Moves Clause: Sleep-inducing moves are banned
|clearpoke
|poke|p1|Pikachu, M|
|poke|p1|Weavile, M|
|poke|p1|Dragapult, M|
|poke|p1|Garchomp, M|
|poke|p1|Slowking-Galar, M|
|poke|p1|Zamazenta-*|
|poke|p2|Ting-Lu|
|poke|p2|Skarmory, M|
|poke|p2|Great Tusk|
|poke|p2|Greninja-*, M|
|poke|p2|Kingambit, M|
|poke|p2|Sinistcha|
|teampreview
|inactive|Battle timer is ON: inactive players will automatically lose when time's up. (requested by PikachuRTM)
|
|t:|1743811864
|start
|switch|p1a: Jerry|Garchomp, M|100/100
|switch|p2a: Ting-Lu|Ting-Lu|100/100
|-ability|p2a: Ting-Lu|Vessel of Ruin
|turn|1
|
|t:|1743811871
|move|p1a: Jerry|Stealth Rock|p2a: Ting-Lu
|-sidestart|p2: p3rb|move: Stealth Rock
|move|p2a: Ting-Lu|Whirlwind|p1a: Jerry
|drag|p1a: Seth Rollins|Weavile, M|100/100
|-ability|p1a: Seth Rollins|Pressure
|
|upkeep
|turn|2
|
|t:|1743811879
|move|p1a: Seth Rollins|Knock Off|p2a: Ting-Lu
|-resisted|p2a: Ting-Lu
|-damage|p2a: Ting-Lu|89/100
|-enditem|p2a: Ting-Lu|Leftovers|[from] move: Knock Off|[of] p1a: Seth Rollins
|move|p2a: Ting-Lu|Spikes|p1a: Seth Rollins
|-sidestart|p1: PikachuRTM|Spikes
|
|upkeep
|turn|3
|
|t:|1743811888
|switch|p2a: Skarmory|Skarmory, M|100/100
|-damage|p2a: Skarmory|88/100|[from] Stealth Rock
|move|p1a: Seth Rollins|Triple Axel|p2a: Skarmory
|-crit|p2a: Skarmory
|-damage|p2a: Skarmory|79/100
|-damage|p1a: Seth Rollins|84/100|[from] item: Rocky Helmet|[of] p2a: Skarmory
|-damage|p2a: Skarmory|68/100
|-damage|p1a: Seth Rollins|68/100|[from] item: Rocky Helmet|[of] p2a: Skarmory
|-damage|p2a: Skarmory|52/100
|-damage|p1a: Seth Rollins|51/100|[from] item: Rocky Helmet|[of] p2a: Skarmory
|-hitcount|p2a: Skarmory|3
|
|upkeep
|turn|4
|
|t:|1743811908
|switch|p1a: King Patrick|Slowking-Galar, M|100/100
|move|p2a: Skarmory|Roost|p2a: Skarmory
|-heal|p2a: Skarmory|100/100
|-singleturn|p2a: Skarmory|move: Roost
|
|upkeep
|turn|5
|
|t:|1743811919
|move|p2a: Skarmory|Stealth Rock|p1a: King Patrick
|-sidestart|p1: PikachuRTM|move: Stealth Rock
|move|p1a: King Patrick|Toxic Spikes|p2a: Skarmory
|-sidestart|p2: p3rb|move: Toxic Spikes
|
|upkeep
|turn|6
|
|t:|1743811923
|switch|p2a: Great Tusk|Great Tusk|100/100
|move|p1a: King Patrick|Toxic Spikes|p2a: Great Tusk
|-sidestart|p2: p3rb|move: Toxic Spikes
|
|upkeep
|turn|7
|
|t:|1743811932
|switch|p1a: Liftoff|Dragapult, M, shiny|100/100
|move|p2a: Great Tusk|Knock Off|p1a: Liftoff
|-supereffective|p1a: Liftoff
|-damage|p1a: Liftoff|20/100
|-enditem|p1a: Liftoff|Heavy-Duty Boots|[from] move: Knock Off|[of] p2a: Great Tusk
|
|upkeep
|turn|8
|
|t:|1743811953
|-end|p2a: Great Tusk|Protosynthesis|[silent]
|switch|p2a: Skarmory|Skarmory, M|100/100
|-damage|p2a: Skarmory|88/100|[from] Stealth Rock
|move|p1a: Liftoff|Will-O-Wisp|p2a: Skarmory
|-status|p2a: Skarmory|brn
|
|-damage|p2a: Skarmory|82/100 brn|[from] brn
|upkeep
|turn|9
|
|t:|1743811960
|move|p1a: Liftoff|Hex|p2a: Skarmory
|-damage|p2a: Skarmory|4/100 brn
|move|p2a: Skarmory|Roar|p1a: Liftoff
|drag|p1a: Jerry|Garchomp, M|100/100
|-damage|p1a: Jerry|88/100|[from] Spikes
|-damage|p1a: Jerry|82/100|[from] Stealth Rock
|
|-damage|p2a: Skarmory|0 fnt|[from] brn
|faint|p2a: Skarmory
|upkeep
|
|t:|1743811973
|switch|p2a: Great Tusk|Great Tusk|100/100
|turn|10
|
|t:|1743811990
|-terastallize|p1a: Jerry|Ghost
|move|p2a: Great Tusk|Rapid Spin|p1a: Jerry
|-immune|p1a: Jerry
|move|p1a: Jerry|Spikes|p2a: Great Tusk
|-sidestart|p2: p3rb|Spikes
|
|upkeep
|turn|11
|
|t:|1743812009
|move|p2a: Great Tusk|Knock Off|p1a: Jerry
|-supereffective|p1a: Jerry
|-crit|p1a: Jerry
|-damage|p1a: Jerry|24/100
|-damage|p2a: Great Tusk|88/100|[from] ability: Rough Skin|[of] p1a: Jerry
|-damage|p2a: Great Tusk|71/100|[from] item: Rocky Helmet|[of] p1a: Jerry
|-enditem|p1a: Jerry|Rocky Helmet|[from] move: Knock Off|[of] p2a: Great Tusk
|move|p1a: Jerry|Earthquake|p2a: Great Tusk
|-damage|p2a: Great Tusk|41/100
|
|upkeep
|turn|12
|
|t:|1743812021
|move|p2a: Great Tusk|Knock Off|p1a: Jerry
|-supereffective|p1a: Jerry
|-damage|p1a: Jerry|0 fnt
|-damage|p2a: Great Tusk|29/100|[from] ability: Rough Skin|[of] p1a: Jerry
|faint|p1a: Jerry
|
|upkeep
|
|t:|1743812027
|switch|p1a: Seth Rollins|Weavile, M|51/100
|-ability|p1a: Seth Rollins|Pressure
|turn|13
|
|t:|1743812035
|-end|p2a: Great Tusk|Protosynthesis|[silent]
|switch|p2a: Ting-Lu|Ting-Lu|89/100
|-damage|p2a: Ting-Lu|83/100|[from] Stealth Rock
|-status|p2a: Ting-Lu|tox
|-damage|p2a: Ting-Lu|71/100 tox|[from] Spikes
|-ability|p2a: Ting-Lu|Vessel of Ruin
|move|p1a: Seth Rollins|Triple Axel|p2a: Ting-Lu
|-supereffective|p2a: Ting-Lu
|-damage|p2a: Ting-Lu|61/100 tox
|-supereffective|p2a: Ting-Lu
|-damage|p2a: Ting-Lu|43/100 tox
|-supereffective|p2a: Ting-Lu
|-damage|p2a: Ting-Lu|13/100 tox
|-hitcount|p2a: Ting-Lu|3
|
|-damage|p2a: Ting-Lu|7/100 tox|[from] psn
|upkeep
|turn|14
|
|t:|1743812052
|move|p1a: Seth Rollins|Swords Dance|p1a: Seth Rollins
|-boost|p1a: Seth Rollins|atk|2
|move|p2a: Ting-Lu|Earthquake|p1a: Seth Rollins
|-damage|p1a: Seth Rollins|0 fnt
|faint|p1a: Seth Rollins
|
|-damage|p2a: Ting-Lu|0 fnt|[from] psn
|faint|p2a: Ting-Lu
|upkeep
|
|t:|1743812076
|switch|p1a: Liftoff|Dragapult, M, shiny|20/100
|switch|p2a: Sinistcha|Sinistcha|100/100
|-damage|p1a: Liftoff|8/100|[from] Spikes
|-damage|p1a: Liftoff|0 fnt|[from] Stealth Rock
|faint|p1a: Liftoff
|
|t:|1743812087
|switch|p1a: King Patrick|Slowking-Galar, M|100/100
|turn|15
|
|t:|1743812097
|switch|p2a: Great Tusk|Great Tusk|29/100
|move|p1a: King Patrick|Future Sight|p2a: Great Tusk
|-start|p1a: King Patrick|move: Future Sight
|
|upkeep
|turn|16
|
|t:|1743812103
|move|p2a: Great Tusk|Rapid Spin|p1a: King Patrick
|-damage|p1a: King Patrick|83/100
|-boost|p2a: Great Tusk|spe|1
|-sideend|p2: p3rb|Spikes|[from] move: Rapid Spin|[of] p2a: Great Tusk
|-sideend|p2: p3rb|Toxic Spikes|[from] move: Rapid Spin|[of] p2a: Great Tusk
|-sideend|p2: p3rb|Stealth Rock|[from] move: Rapid Spin|[of] p2a: Great Tusk
|move|p1a: King Patrick|Sludge Bomb|p2a: Great Tusk
|-resisted|p2a: Great Tusk
|-damage|p2a: Great Tusk|5/100
|
|upkeep
|turn|17
|
|t:|1743812115
|switch|p1a: Woof!|Zamazenta|100/100
|-damage|p1a: Woof!|88/100|[from] Spikes
|-damage|p1a: Woof!|82/100|[from] Stealth Rock
|-ability|p1a: Woof!|Dauntless Shield|boost
|-boost|p1a: Woof!|def|1
|move|p2a: Great Tusk|Earthquake|p1a: Woof!
|-damage|p1a: Woof!|57/100
|
|-end|p2a: Great Tusk|move: Future Sight
|-supereffective|p2a: Great Tusk
|-damage|p2a: Great Tusk|0 fnt
|faint|p2a: Great Tusk
|-end|p2a: Great Tusk|Protosynthesis|[silent]
|-heal|p1a: Woof!|63/100|[from] item: Leftovers
|upkeep
|
|t:|1743812129
|switch|p2a: Sinistcha|Sinistcha|100/100
|turn|18
|
|t:|1743812137
|switch|p1a: King Patrick|Slowking-Galar, M|100/100
|move|p2a: Sinistcha|Calm Mind|p2a: Sinistcha
|-boost|p2a: Sinistcha|spa|1
|-boost|p2a: Sinistcha|spd|1
|
|upkeep
|turn|19
|inactive|p3rb has 120 seconds left.
|
|t:|1743812175
|move|p2a: Sinistcha|Calm Mind|p2a: Sinistcha
|-boost|p2a: Sinistcha|spa|1
|-boost|p2a: Sinistcha|spd|1
|move|p1a: King Patrick|Future Sight|p2a: Sinistcha
|-start|p1a: King Patrick|move: Future Sight
|
|upkeep
|turn|20
|inactive|p3rb has 120 seconds left.
|
|t:|1743812182
|move|p2a: Sinistcha|Shadow Ball|p1a: King Patrick
|-supereffective|p1a: King Patrick
|-damage|p1a: King Patrick|20/100
|move|p1a: King Patrick|Sludge Bomb|p2a: Sinistcha
|-damage|p2a: Sinistcha|80/100
|
|upkeep
|turn|21
|
|t:|1743812189
|move|p2a: Sinistcha|Shadow Ball|p1a: King Patrick
|-supereffective|p1a: King Patrick
|-crit|p1a: King Patrick
|-damage|p1a: King Patrick|0 fnt
|faint|p1a: King Patrick
|
|-end|p2a: Sinistcha|move: Future Sight
|-damage|p2a: Sinistcha|53/100
|upkeep
|
|t:|1743812194
|switch|p1a: Woof!|Zamazenta|63/100
|-damage|p1a: Woof!|51/100|[from] Spikes
|-damage|p1a: Woof!|45/100|[from] Stealth Rock
|turn|22
|
|t:|1743812197
|move|p2a: Sinistcha|Strength Sap|p1a: Woof!
|-unboost|p1a: Woof!|atk|1
|-heal|p2a: Sinistcha|100/100
|move|p1a: Woof!|Roar|p2a: Sinistcha
|drag|p2a: Kingambit|Kingambit, M|100/100
|-activate|p2a: Kingambit|ability: Supreme Overlord
|-start|p2a: Kingambit|fallen3|[silent]
|
|-heal|p1a: Woof!|51/100|[from] item: Leftovers
|upkeep
|turn|23
|
|t:|1743812213
|-end|p2a: Kingambit|fallen3|[silent]
|switch|p2a: Greninja|Greninja, M|100/100
|move|p1a: Woof!|Iron Defense|p1a: Woof!
|-boost|p1a: Woof!|def|2
|
|-heal|p1a: Woof!|57/100|[from] item: Leftovers
|upkeep
|turn|24
|
|t:|1743812219
|move|p1a: Woof!|Body Press|p2a: Greninja
|-supereffective|p2a: Greninja
|-damage|p2a: Greninja|0 fnt
|faint|p2a: Greninja
|
|-heal|p1a: Woof!|63/100|[from] item: Leftovers
|upkeep
|
|t:|1743812221
|switch|p2a: Sinistcha|Sinistcha|100/100
|turn|25
|
|t:|1743812227
|move|p2a: Sinistcha|Matcha Gotcha|p1a: Woof!
|-damage|p1a: Woof!|40/100
|move|p1a: Woof!|Roar|p2a: Sinistcha
|drag|p2a: Kingambit|Kingambit, M|100/100
|-activate|p2a: Kingambit|ability: Supreme Overlord
|-start|p2a: Kingambit|fallen4|[silent]
|
|-heal|p1a: Woof!|46/100|[from] item: Leftovers
|upkeep
|turn|26
|
|t:|1743812241
|move|p1a: Woof!|Body Press|p2a: Kingambit
|-supereffective|p2a: Kingambit
|-damage|p2a: Kingambit|0 fnt
|faint|p2a: Kingambit
|-end|p2a: Kingambit|fallen4|[silent]
|
|-heal|p1a: Woof!|52/100|[from] item: Leftovers
|upkeep
|
|t:|1743812244
|switch|p2a: Sinistcha|Sinistcha|100/100
|turn|27
|
|t:|1743812248
|move|p1a: Woof!|Crunch|p2a: Sinistcha
|-supereffective|p2a: Sinistcha
|-damage|p2a: Sinistcha|79/100
|move|p2a: Sinistcha|Strength Sap|p1a: Woof!
|-unboost|p1a: Woof!|atk|1
|-heal|p2a: Sinistcha|100/100
|
|-heal|p1a: Woof!|58/100|[from] item: Leftovers
|upkeep
|turn|28
|
|t:|1743812254
|move|p1a: Woof!|Crunch|p2a: Sinistcha
|-supereffective|p2a: Sinistcha
|-damage|p2a: Sinistcha|87/100
|move|p2a: Sinistcha|Calm Mind|p2a: Sinistcha
|-boost|p2a: Sinistcha|spa|1
|-boost|p2a: Sinistcha|spd|1
|
|-heal|p1a: Woof!|65/100|[from] item: Leftovers
|upkeep
|turn|29
|
|t:|1743812257
|move|p1a: Woof!|Crunch|p2a: Sinistcha
|-supereffective|p2a: Sinistcha
|-damage|p2a: Sinistcha|71/100
|move|p2a: Sinistcha|Calm Mind|p2a: Sinistcha
|-boost|p2a: Sinistcha|spa|1
|-boost|p2a: Sinistcha|spd|1
|
|-heal|p1a: Woof!|71/100|[from] item: Leftovers
|upkeep
|turn|30
|
|t:|1743812264
|move|p1a: Woof!|Crunch|p2a: Sinistcha
|-supereffective|p2a: Sinistcha
|-damage|p2a: Sinistcha|57/100
|move|p2a: Sinistcha|Calm Mind|p2a: Sinistcha
|-boost|p2a: Sinistcha|spa|1
|-boost|p2a: Sinistcha|spd|1
|
|-heal|p1a: Woof!|77/100|[from] item: Leftovers
|upkeep
|turn|31
|
|t:|1743812267
|move|p1a: Woof!|Crunch|p2a: Sinistcha
|-supereffective|p2a: Sinistcha
|-damage|p2a: Sinistcha|43/100
|move|p2a: Sinistcha|Strength Sap|p1a: Woof!
|-unboost|p1a: Woof!|atk|1
|-heal|p2a: Sinistcha|83/100
|
|-heal|p1a: Woof!|83/100|[from] item: Leftovers
|upkeep
|turn|32
|
|t:|1743812274
|move|p1a: Woof!|Crunch|p2a: Sinistcha
|-supereffective|p2a: Sinistcha
|-damage|p2a: Sinistcha|70/100
|move|p2a: Sinistcha|Matcha Gotcha|p1a: Woof!
|-damage|p1a: Woof!|21/100
|-heal|p2a: Sinistcha|100/100|[from] drain|[of] p1a: Woof!
|
|-heal|p1a: Woof!|27/100|[from] item: Leftovers
|upkeep
|turn|33
|
|t:|1743812279
|move|p1a: Woof!|Crunch|p2a: Sinistcha
|-supereffective|p2a: Sinistcha
|-damage|p2a: Sinistcha|88/100
|move|p2a: Sinistcha|Shadow Ball|p1a: Woof!
|-damage|p1a: Woof!|0 fnt
|faint|p1a: Woof!
|
|upkeep
|
|t:|1743812281
|switch|p1a: Derrick|Pikachu, M|100/100
|-damage|p1a: Derrick|88/100|[from] Spikes
|-damage|p1a: Derrick|76/100|[from] Stealth Rock
|turn|34
|
|t:|1743812286
|move|p1a: Derrick|Alluring Voice|p2a: Sinistcha
|-damage|p2a: Sinistcha|71/100
|move|p2a: Sinistcha|Shadow Ball|p1a: Derrick
|-damage|p1a: Derrick|0 fnt
|faint|p1a: Derrick
|
|win|p3rb
|raw|PikachuRTM's rating: 1343 &rarr; <strong>1321</strong><br />(-22 for losing)
|raw|p3rb's rating: 1305 &rarr; <strong>1327</strong><br />(+22 for winning)
|l|☆PikachuRTM
|player|p1|
|l|☆p3rb
|player|p2|
