|j|☆MY爱莉希雅SAMA
|j|☆High Mighty Weasel
|t:|1743936931
|gametype|singles
|player|p1|MY爱莉希雅SAMA|lacey|1651
|player|p2|High Mighty Weasel|zinnia|1632
|teamsize|p1|6
|teamsize|p2|6
|gen|9
|tier|[Gen 9] OU
|rated|
|rule|HP Percentage Mod: HP is shown in percentages
|rule|Endless Battle Clause: Forcing endless battles is banned
|rule|Species Clause: Limit one of each Pokémon
|rule|OHKO Clause: OHKO moves are banned
|rule|Evasion Items Clause: Evasion items are banned
|rule|Evasion Moves Clause: Evasion moves are banned
|rule|Sleep Moves Clause: Sleep-inducing moves are banned
|clearpoke
|poke|p1|Glimmora, M|
|poke|p1|Zamazenta-*|
|poke|p1|Latias, F|
|poke|p1|Gholdengo|
|poke|p1|Dragonite, F|
|poke|p1|Weavile, F|
|poke|p2|Scizor, F|
|poke|p2|Garchomp, M|
|poke|p2|Primarina, F|
|poke|p2|Great Tusk|
|poke|p2|Ogerpon-Wellspring, F|
|poke|p2|Zapdos|
|teampreview
|inactive|Battle timer is ON: inactive players will automatically lose when time's up. (requested by MY爱莉希雅SAMA)
|
|t:|1743936947
|start
|switch|p1a: Weavile|Weavile, F|100/100
|switch|p2a: Zapdos|Zapdos|100/100
|turn|1
|
|t:|1743936959
|switch|p2a: Scizor|Scizor, F|100/100
|move|p1a: Weavile|Triple Axel|p2a: Scizor
|-resisted|p2a: Scizor
|-damage|p2a: Scizor|93/100
|-resisted|p2a: Scizor
|-damage|p2a: Scizor|78/100
|-resisted|p2a: Scizor
|-damage|p2a: Scizor|55/100
|-hitcount|p2a: Scizor|3
|
|upkeep
|turn|2
|
|t:|1743936982
|switch|p1a: Gholdengo|Gholdengo|100/100
|move|p2a: Scizor|U-turn|p1a: Gholdengo
|-resisted|p1a: Gholdengo
|-damage|p1a: Gholdengo|86/100
|inactive|High Mighty Weasel has 120 seconds left.
|
|t:|1743936998
|switch|p2a: Ogerpon|Ogerpon-Wellspring, F|100/100|[from] U-turn
|
|upkeep
|turn|3
|
|t:|1743937003
|move|p2a: Ogerpon|Knock Off|p1a: Gholdengo
|-supereffective|p1a: Gholdengo
|-damage|p1a: Gholdengo|16/100
|-enditem|p1a: Gholdengo|Custap Berry|[from] move: Knock Off|[of] p2a: Ogerpon
|move|p1a: Gholdengo|Shadow Ball|p2a: Ogerpon
|-damage|p2a: Ogerpon|49/100
|
|upkeep
|turn|4
|
|t:|1743937010
|move|p2a: Ogerpon|Ivy Cudgel|p1a: Gholdengo|[anim] Ivy Cudgel Water
|-damage|p1a: Gholdengo|0 fnt
|faint|p1a: Gholdengo
|
|upkeep
|
|t:|1743937022
|switch|p1a: Weavile|Weavile, F|100/100
|turn|5
|j| meeweem
|
|t:|1743937040
|move|p1a: Weavile|Poison Jab|p2a: Ogerpon
|-supereffective|p2a: Ogerpon
|-damage|p2a: Ogerpon|0 fnt
|faint|p2a: Ogerpon
|
|upkeep
|
|t:|1743937044
|switch|p2a: Scizor|Scizor, F|55/100
|turn|6
|
|t:|1743937049
|switch|p1a: Glimmora|Glimmora, M|100/100
|move|p2a: Scizor|U-turn|p1a: Glimmora
|-resisted|p1a: Glimmora
|-damage|p1a: Glimmora|72/100
|-activate|p1a: Glimmora|ability: Toxic Debris
|-sidestart|p2: High Mighty Weasel|move: Toxic Spikes
|-enditem|p1a: Glimmora|Red Card|[of] p2a: Scizor
|drag|p2a: Primarina|Primarina, F, shiny|100/100
|-status|p2a: Primarina|psn
|
|-damage|p2a: Primarina|88/100 psn|[from] psn
|upkeep
|turn|7
|
|t:|1743937060
|move|p1a: Glimmora|Stealth Rock|p2a: Primarina
|-sidestart|p2: High Mighty Weasel|move: Stealth Rock
|move|p2a: Primarina|Psychic Noise|p1a: Glimmora
|-supereffective|p1a: Glimmora
|-damage|p1a: Glimmora|6/100
|-start|p1a: Glimmora|move: Heal Block
|
|-damage|p2a: Primarina|76/100 psn|[from] psn
|upkeep
|turn|8
|
|t:|1743937067
|move|p1a: Glimmora|Power Gem|p2a: Primarina
|-damage|p2a: Primarina|54/100 psn
|move|p2a: Primarina|Moonblast|p1a: Glimmora
|-resisted|p1a: Glimmora
|-crit|p1a: Glimmora
|-damage|p1a: Glimmora|0 fnt
|faint|p1a: Glimmora
|
|-damage|p2a: Primarina|42/100 psn|[from] psn
|upkeep
|
|t:|1743937078
|switch|p1a: Weavile|Weavile, F|100/100
|turn|9
|
|t:|1743937081
|move|p1a: Weavile|Knock Off|p2a: Primarina
|-resisted|p2a: Primarina
|-damage|p2a: Primarina|0 fnt
|-enditem|p2a: Primarina|Assault Vest|[from] move: Knock Off|[of] p1a: Weavile
|faint|p2a: Primarina
|
|upkeep
|
|t:|1743937088
|switch|p2a: Great Tusk|Great Tusk, shiny|100/100
|turn|10
|
|t:|1743937092
|switch|p1a: Latias|Latias, F|100/100
|move|p2a: Great Tusk|Rapid Spin|p1a: Latias
|-damage|p1a: Latias|85/100
|-boost|p2a: Great Tusk|spe|1
|-sideend|p2: High Mighty Weasel|Toxic Spikes|[from] move: Rapid Spin|[of] p2a: Great Tusk
|-sideend|p2: High Mighty Weasel|Stealth Rock|[from] move: Rapid Spin|[of] p2a: Great Tusk
|
|-heal|p1a: Latias|91/100|[from] item: Leftovers
|upkeep
|turn|11
|
|t:|1743937113
|-end|p2a: Great Tusk|Protosynthesis|[silent]
|switch|p2a: Zapdos|Zapdos|100/100
|move|p1a: Latias|Draining Kiss|p2a: Zapdos
|-damage|p2a: Zapdos|88/100
|-heal|p1a: Latias|100/100|[from] drain|[of] p2a: Zapdos
|
|upkeep
|turn|12
|
|t:|1743937122
|switch|p1a: Weavile|Weavile, F|100/100
|move|p2a: Zapdos|Thunder Wave|p1a: Weavile
|-status|p1a: Weavile|par
|
|upkeep
|turn|13
|
|t:|1743937132
|move|p2a: Zapdos|Volt Switch|p1a: Weavile
|-damage|p1a: Weavile|63/100 par
|
|t:|1743937137
|switch|p2a: Scizor|Scizor, F|55/100|[from] Volt Switch
|move|p1a: Weavile|Triple Axel|p2a: Scizor|[miss]
|-miss|p1a: Weavile|p2a: Scizor
|
|upkeep
|turn|14
|
|t:|1743937150
|move|p1a: Weavile|Triple Axel|p2a: Scizor
|-resisted|p2a: Scizor
|-damage|p2a: Scizor|47/100
|-resisted|p2a: Scizor
|-damage|p2a: Scizor|33/100
|-resisted|p2a: Scizor
|-crit|p2a: Scizor
|-damage|p2a: Scizor|0 fnt
|faint|p2a: Scizor
|-hitcount|p2: Scizor|3
|
|upkeep
|
|t:|1743937162
|switch|p2a: Great Tusk|Great Tusk, shiny|100/100
|turn|15
|
|t:|1743937171
|move|p2a: Great Tusk|Headlong Rush|p1a: Weavile
|-damage|p1a: Weavile|0 fnt
|-unboost|p2a: Great Tusk|def|1
|-unboost|p2a: Great Tusk|spd|1
|faint|p1a: Weavile
|
|upkeep
|
|t:|1743937176
|switch|p1a: Latias|Latias, F|100/100
|turn|16
|
|t:|1743937182
|-end|p2a: Great Tusk|Protosynthesis|[silent]
|switch|p2a: Zapdos|Zapdos|88/100
|-terastallize|p1a: Latias|Fairy
|move|p1a: Latias|Calm Mind|p1a: Latias
|-boost|p1a: Latias|spa|1
|-boost|p1a: Latias|spd|1
|
|upkeep
|turn|17
|
|t:|1743937185
|move|p1a: Latias|Agility|p1a: Latias
|-boost|p1a: Latias|spe|2
|move|p2a: Zapdos|Thunder Wave|p1a: Latias
|-status|p1a: Latias|par
|
|upkeep
|turn|18
|
|t:|1743937192
|cant|p1a: Latias|par
|move|p2a: Zapdos|Hurricane|p1a: Latias
|-damage|p1a: Latias|79/100 par
|
|-heal|p1a: Latias|85/100 par|[from] item: Leftovers
|upkeep
|turn|19
|
|t:|1743937206
|move|p1a: Latias|Calm Mind|p1a: Latias
|-boost|p1a: Latias|spa|1
|-boost|p1a: Latias|spd|1
|move|p2a: Zapdos|Hurricane|p1a: Latias|[miss]
|-miss|p2a: Zapdos|p1a: Latias
|
|-heal|p1a: Latias|91/100 par|[from] item: Leftovers
|upkeep
|turn|20
|j| hgh test
|
|t:|1743937211
|move|p1a: Latias|Agility|p1a: Latias
|-boost|p1a: Latias|spe|2
|move|p2a: Zapdos|Hurricane|p1a: Latias
|-damage|p1a: Latias|72/100 par
|
|-heal|p1a: Latias|79/100 par|[from] item: Leftovers
|upkeep
|turn|21
|l| hgh test
|
|t:|1743937218
|move|p1a: Latias|Stored Power|p2a: Zapdos
|-damage|p2a: Zapdos|0 fnt
|faint|p2a: Zapdos
|
|-heal|p1a: Latias|85/100 par|[from] item: Leftovers
|upkeep
|l| meeweem
|-message|High Mighty Weasel forfeited.
|
|win|MY爱莉希雅SAMA
|raw|MY爱莉希雅SAMA's rating: 1651 &rarr; <strong>1670</strong><br />(+19 for winning)
|raw|High Mighty Weasel's rating: 1632 &rarr; <strong>1613</strong><br />(-19 for losing)
|l|☆High Mighty Weasel
|player|p2|
|l|☆MY爱莉希雅SAMA
|player|p1|
