|j|☆constructofzeph
|j|☆BEBEBAGITO99
|t:|1743898003
|gametype|singles
|player|p1|constructofzeph|youngcouple|1068
|player|p2|BEBEBAGITO99|ghetsis|1000
|teamsize|p1|6
|teamsize|p2|6
|gen|9
|tier|[Gen 9] OU
|rated|
|rule|HP Percentage Mod: HP is shown in percentages
|rule|Endless Battle Clause: Forcing endless battles is banned
|rule|Species Clause: Limit one of each Pokémon
|rule|OHKO Clause: OHKO moves are banned
|rule|Evasion Items Clause: Evasion items are banned
|rule|Evasion Moves Clause: Evasion moves are banned
|rule|Sleep Moves Clause: Sleep-inducing moves are banned
|clearpoke
|poke|p1|Meowscarada, M|
|poke|p1|Scizor, M|
|poke|p1|Ninetales-Alola, F|
|poke|p1|Garchomp, M|
|poke|p1|Lapras, F|
|poke|p1|Delphox, F|
|poke|p2|Dragonite, M|
|poke|p2|Clefable, F|
|poke|p2|Glimmora, F|
|poke|p2|Iron Valiant|
|poke|p2|Hydrapple, M|
|poke|p2|Moltres|
|teampreview
|
|t:|1743898039
|start
|switch|p1a: Fries|Scizor, M|100/100
|switch|p2a: Glimmora|Glimmora, F|100/100
|turn|1
|inactive|Battle timer is ON: inactive players will automatically lose when time's up. (requested by BEBEBAGITO99)
|
|t:|1743898046
|move|p2a: Glimmora|Spikes|p1a: Fries
|-sidestart|p1: constructofzeph|Spikes
|move|p1a: Fries|Swords Dance|p1a: Fries
|-boost|p1a: Fries|atk|2
|
|upkeep
|turn|2
|
|t:|1743898052
|move|p1a: Fries|Bullet Punch|p2a: Glimmora
|-supereffective|p2a: Glimmora
|-damage|p2a: Glimmora|0 fnt
|-damage|p1a: Fries|84/100|[from] item: Rocky Helmet|[of] p2a: Glimmora
|-activate|p2a: Glimmora|ability: Toxic Debris
|-sidestart|p1: constructofzeph|move: Toxic Spikes
|faint|p2a: Glimmora
|
|upkeep
|
|t:|1743898062
|switch|p2a: molcuatro|Moltres|100/100
|turn|3
|inactive|constructofzeph has 120 seconds left.
|inactive|constructofzeph has 90 seconds left.
|
|t:|1743898126
|switch|p1a: Ice Cream Sandwich|Lapras, F, shiny|100/100
|-damage|p1a: Ice Cream Sandwich|88/100|[from] Spikes
|-status|p1a: Ice Cream Sandwich|psn
|move|p2a: molcuatro|Flamethrower|p1a: Ice Cream Sandwich
|-damage|p1a: Ice Cream Sandwich|70/100 psn
|
|-damage|p1a: Ice Cream Sandwich|58/100 psn|[from] psn
|upkeep
|turn|4
|inactive|constructofzeph has 90 seconds left.
|
|t:|1743898137
|switch|p2a: Hydrapple|Hydrapple, M|100/100
|move|p1a: Ice Cream Sandwich|Surf|p2a: Hydrapple
|-resisted|p2a: Hydrapple
|-damage|p2a: Hydrapple|91/100
|
|-damage|p1a: Ice Cream Sandwich|45/100 psn|[from] psn
|upkeep
|turn|5
|inactive|constructofzeph has 90 seconds left.
|
|t:|1743898149
|move|p1a: Ice Cream Sandwich|Freeze-Dry|p2a: Hydrapple
|-supereffective|p2a: Hydrapple
|-damage|p2a: Hydrapple|0 fnt
|faint|p2a: Hydrapple
|
|-damage|p1a: Ice Cream Sandwich|33/100 psn|[from] psn
|upkeep
|
|t:|1743898164
|switch|p2a: Clefable|Clefable, F|100/100
|turn|6
|
|t:|1743898169
|switch|p1a: Fries|Scizor, M|84/100
|-damage|p1a: Fries|72/100|[from] Spikes
|move|p2a: Clefable|Drain Punch|p1a: Fries
|-damage|p1a: Fries|54/100
|
|upkeep
|turn|7
|
|t:|1743898182
|switch|p2a: molcuatro|Moltres|100/100
|move|p1a: Fries|Defog|p2a: molcuatro
|-unboost|p2a: molcuatro|evasion|1
|-sideend|p1: constructofzeph|Spikes|[from] move: Defog|[of] p1a: Fries
|-sideend|p1: constructofzeph|Toxic Spikes|[from] move: Defog|[of] p1a: Fries
|
|upkeep
|turn|8
|
|t:|1743898196
|switch|p1a: Soup|Garchomp, M|100/100
|move|p2a: molcuatro|Flamethrower|p1a: Soup
|-resisted|p1a: Soup
|-damage|p1a: Soup|79/100
|
|upkeep
|turn|9
|
|t:|1743898212
|switch|p2a: Clefable|Clefable, F|100/100
|move|p1a: Soup|Swords Dance|p1a: Soup
|-boost|p1a: Soup|atk|2
|
|upkeep
|turn|10
|
|t:|1743898223
|move|p1a: Soup|Iron Head|p2a: Clefable
|-supereffective|p2a: Clefable
|-damage|p2a: Clefable|0 fnt
|-start|p1a: Soup|Attract|[from] ability: Cute Charm|[of] p2a: Clefable
|faint|p2a: Clefable
|-end|p1a: Soup|Attract|[silent]
|
|upkeep
|
|t:|1743898230
|switch|p2a: Iron Valiant|Iron Valiant|100/100
|-enditem|p2a: Iron Valiant|Booster Energy
|-activate|p2a: Iron Valiant|ability: Quark Drive|[fromitem]
|-start|p2a: Iron Valiant|quarkdriveatk
|turn|11
|inactive|constructofzeph has 120 seconds left.
|
|t:|1743898247
|-terastallize|p1a: Soup|Fire
|move|p1a: Soup|Earthquake|p2a: Iron Valiant
|-damage|p2a: Iron Valiant|0 fnt
|faint|p2a: Iron Valiant
|-end|p2a: Iron Valiant|Quark Drive|[silent]
|
|upkeep
|
|t:|1743898256
|switch|p2a: Dragonite|Dragonite, M|100/100
|turn|12
|
|t:|1743898260
|-terastallize|p2a: Dragonite|Normal
|move|p1a: Soup|Scale Shot|p2a: Dragonite
|-damage|p2a: Dragonite|77/100
|-damage|p2a: Dragonite|54/100
|-crit|p2a: Dragonite
|-damage|p2a: Dragonite|20/100
|-damage|p2a: Dragonite|0 fnt
|faint|p2a: Dragonite
|-hitcount|p2: Dragonite|4
|-unboost|p1a: Soup|def|1
|-boost|p1a: Soup|spe|1
|
|upkeep
|
|t:|1743898271
|switch|p2a: molcuatro|Moltres|100/100
|turn|13
|
|t:|1743898275
|move|p1a: Soup|Scale Shot|p2a: molcuatro
|-damage|p2a: molcuatro|72/100
|-damage|p2a: molcuatro|42/100
|-damage|p2a: molcuatro|13/100
|-damage|p2a: molcuatro|0 fnt
|faint|p2a: molcuatro
|-hitcount|p2: molcuatro|4
|
|win|constructofzeph
|raw|constructofzeph's rating: 1068 &rarr; <strong>1092</strong><br />(+24 for winning)
|raw|BEBEBAGITO99's rating: 1000 &rarr; <strong>1000</strong><br />(+0 for losing)
