|j|☆Team BBIO 38
|j|‽norebuhl
|t:|1743899463
|gametype|singles
|player|p1|Team BBIO 38|dragontamer|1422
|player|p2|norebuhl|101|1448
|teamsize|p1|6
|teamsize|p2|6
|gen|9
|tier|[Gen 9] OU
|rated|
|rule|HP Percentage Mod: HP is shown in percentages
|rule|Endless Battle Clause: Forcing endless battles is banned
|rule|Species Clause: Limit one of each Pokémon
|rule|OHKO Clause: OHKO moves are banned
|rule|Evasion Items Clause: Evasion items are banned
|rule|Evasion Moves Clause: Evasion moves are banned
|rule|Sleep Moves Clause: Sleep-inducing moves are banned
|clearpoke
|poke|p1|Dusclops, M|
|poke|p1|Blissey, F|
|poke|p1|Flamigo, M|
|poke|p1|Mimikyu, M|
|poke|p1|Rotom-Wash|
|poke|p1|Alcremie, F|
|poke|p2|Ceruledge, M|
|poke|p2|Ninetales, M|
|poke|p2|Kingambit, M|
|poke|p2|Walking Wake|
|poke|p2|Great Tusk|
|poke|p2|Gliscor, F|
|teampreview
|inactive|Battle timer is ON: inactive players will automatically lose when time's up. (requested by Team BBIO 38)
|
|t:|1743899482
|start
|switch|p1a: Dusclops|Dusclops, M|100/100
|switch|p2a: Ninetales|Ninetales, M|100/100
|-weather|SunnyDay|[from] ability: Drought|[of] p2a: Ninetales
|-item|p2a: Ninetales|Heat Rock|[from] ability: Frisk|[of] p1a: Dusclops
|turn|1
|
|t:|1743899490
|switch|p1a: Blissey|Blissey, F|100/100
|move|p2a: Ninetales|Will-O-Wisp|p1a: Blissey
|-status|p1a: Blissey|brn
|
|-weather|SunnyDay|[upkeep]
|-damage|p1a: Blissey|94/100 brn|[from] brn
|upkeep
|turn|2
|
|t:|1743899499
|switch|p2a: Gliscor|Gliscor, F|100/100
|move|p1a: Blissey|Stealth Rock|p2a: Gliscor
|-sidestart|p2: norebuhl|move: Stealth Rock
|
|-weather|SunnyDay|[upkeep]
|-heal|p1a: Blissey|100/100 brn|[from] item: Leftovers
|-damage|p1a: Blissey|94/100 brn|[from] brn
|-status|p2a: Gliscor|tox|[from] item: Toxic Orb
|upkeep
|turn|3
|
|t:|1743899515
|-curestatus|p1a: Blissey|brn|[from] ability: Natural Cure
|switch|p1a: Dusclops|Dusclops, M|100/100
|-item|p2a: Gliscor|Toxic Orb|[from] ability: Frisk|[of] p1a: Dusclops
|move|p2a: Gliscor|Spikes|p1a: Dusclops
|-sidestart|p1: Team BBIO 38|Spikes
|
|-weather|SunnyDay|[upkeep]
|upkeep
|turn|4
|
|t:|1743899523
|move|p2a: Gliscor|Toxic|p1a: Dusclops
|-status|p1a: Dusclops|tox
|move|p1a: Dusclops|Night Shade|p2a: Gliscor
|-damage|p2a: Gliscor|72/100 tox
|
|-weather|SunnyDay|[upkeep]
|-heal|p2a: Gliscor|85/100 tox|[from] ability: Poison Heal
|-damage|p1a: Dusclops|95/100 tox|[from] psn
|upkeep
|turn|5
|
|t:|1743899537
|move|p2a: Gliscor|Spikes|p1a: Dusclops
|-sidestart|p1: Team BBIO 38|Spikes
|move|p1a: Dusclops|Night Shade|p2a: Gliscor
|-damage|p2a: Gliscor|56/100 tox
|
|-weather|SunnyDay|[upkeep]
|-heal|p2a: Gliscor|69/100 tox|[from] ability: Poison Heal
|-damage|p1a: Dusclops|83/100 tox|[from] psn
|upkeep
|turn|6
|
|t:|1743899545
|move|p2a: Gliscor|Spikes|p1a: Dusclops
|-sidestart|p1: Team BBIO 38|Spikes
|move|p1a: Dusclops|Night Shade|p2a: Gliscor
|-damage|p2a: Gliscor|40/100 tox
|
|-weather|SunnyDay|[upkeep]
|-heal|p2a: Gliscor|53/100 tox|[from] ability: Poison Heal
|-damage|p1a: Dusclops|65/100 tox|[from] psn
|upkeep
|turn|7
|
|t:|1743899554
|switch|p2a: Walking Wake|Walking Wake|100/100
|-damage|p2a: Walking Wake|88/100|[from] Stealth Rock
|-activate|p2a: Walking Wake|ability: Protosynthesis
|-start|p2a: Walking Wake|protosynthesisspe
|switch|p1a: Rotom|Rotom-Wash|100/100
|
|-weather|SunnyDay|[upkeep]
|upkeep
|turn|8
|
|t:|1743899566
|move|p2a: Walking Wake|Draco Meteor|p1a: Rotom
|-damage|p1a: Rotom|0 fnt
|-unboost|p2a: Walking Wake|spa|2
|faint|p1a: Rotom
|
|-weather|none
|-end|p2a: Walking Wake|Protosynthesis
|upkeep
|
|t:|1743899572
|switch|p1a: Mimikyu|Mimikyu, M|100/100
|-damage|p1a: Mimikyu|76/100|[from] Spikes
|turn|9
|
|t:|1743899580
|-end|p2a: Walking Wake|Protosynthesis|[silent]
|switch|p2a: Ninetales|Ninetales, M|100/100
|-damage|p2a: Ninetales|76/100|[from] Stealth Rock
|-weather|SunnyDay|[from] ability: Drought|[of] p2a: Ninetales
|move|p1a: Mimikyu|Play Rough|p2a: Ninetales
|-resisted|p2a: Ninetales
|-damage|p2a: Ninetales|52/100
|
|-weather|SunnyDay|[upkeep]
|upkeep
|turn|10
|
|t:|1743899590
|switch|p1a: Blissey|Blissey, F|94/100
|-damage|p1a: Blissey|69/100|[from] Spikes
|move|p2a: Ninetales|Encore||[still]
|-fail|p2a: Ninetales
|
|-weather|SunnyDay|[upkeep]
|-heal|p1a: Blissey|76/100|[from] item: Leftovers
|upkeep
|turn|11
|
|t:|1743899598
|switch|p2a: Great Tusk|Great Tusk|100/100
|-activate|p2a: Great Tusk|ability: Protosynthesis
|-start|p2a: Great Tusk|protosynthesisspe
|move|p1a: Blissey|Heal Bell|p1a: Blissey
|-activate|p1a: Blissey|move: Heal Bell
|-curestatus|p1: Dusclops|tox|[msg]
|
|-weather|SunnyDay|[upkeep]
|-heal|p1a: Blissey|82/100|[from] item: Leftovers
|upkeep
|turn|12
|
|t:|1743899609
|switch|p1a: Dusclops|Dusclops, M|65/100
|-damage|p1a: Dusclops|40/100|[from] Spikes
|-item|p2a: Great Tusk|Heavy-Duty Boots|[from] ability: Frisk|[of] p1a: Dusclops
|move|p2a: Great Tusk|Knock Off|p1a: Dusclops
|-supereffective|p1a: Dusclops
|-damage|p1a: Dusclops|12/100
|-enditem|p1a: Dusclops|Eviolite|[from] move: Knock Off|[of] p2a: Great Tusk
|
|-weather|SunnyDay|[upkeep]
|upkeep
|turn|13
|
|t:|1743899620
|move|p2a: Great Tusk|Knock Off|p1a: Dusclops
|-supereffective|p1a: Dusclops
|-crit|p1a: Dusclops
|-damage|p1a: Dusclops|0 fnt
|faint|p1a: Dusclops
|
|-weather|SunnyDay|[upkeep]
|upkeep
|
|t:|1743899626
|switch|p1a: Mimikyu|Mimikyu, M|76/100
|-damage|p1a: Mimikyu|51/100|[from] Spikes
|turn|14
|
|t:|1743899635
|move|p2a: Great Tusk|Knock Off|p1a: Mimikyu
|-activate|p1a: Mimikyu|ability: Disguise
|-damage|p1a: Mimikyu|51/100
|-enditem|p1a: Mimikyu|Red Card|[from] move: Knock Off|[of] p2a: Great Tusk
|detailschange|p1a: Mimikyu|Mimikyu-Busted, M
|-damage|p1a: Mimikyu|39/100|[from] pokemon: Mimikyu-Busted
|move|p1a: Mimikyu|Play Rough|p2a: Great Tusk
|-supereffective|p2a: Great Tusk
|-damage|p2a: Great Tusk|59/100
|
|-weather|SunnyDay|[upkeep]
|upkeep
|turn|15
|
|t:|1743899646
|move|p1a: Mimikyu|Shadow Sneak|p2a: Great Tusk
|-damage|p2a: Great Tusk|49/100
|move|p2a: Great Tusk|Headlong Rush|p1a: Mimikyu
|-damage|p1a: Mimikyu|0 fnt
|-unboost|p2a: Great Tusk|def|1
|-unboost|p2a: Great Tusk|spd|1
|faint|p1a: Mimikyu
|
|-weather|SunnyDay|[upkeep]
|upkeep
|
|t:|1743899657
|switch|p1a: Flamigo|Flamigo, M|100/100
|turn|16
|
|t:|1743899661
|move|p1a: Flamigo|Brave Bird|p2a: Great Tusk
|-supereffective|p2a: Great Tusk
|-damage|p2a: Great Tusk|0 fnt
|faint|p2a: Great Tusk
|-end|p2a: Great Tusk|Protosynthesis|[silent]
|-damage|p1a: Flamigo|78/100|[from] Recoil
|
|-weather|none
|upkeep
|
|t:|1743899683
|switch|p2a: Kingambit|Kingambit, M|100/100
|-damage|p2a: Kingambit|94/100|[from] Stealth Rock
|-activate|p2a: Kingambit|ability: Supreme Overlord
|-start|p2a: Kingambit|fallen1|[silent]
|turn|17
|
|t:|1743899693
|switch|p1a: Alcremie|Alcremie, F|100/100
|-damage|p1a: Alcremie|76/100|[from] Spikes
|move|p2a: Kingambit|Swords Dance|p2a: Kingambit
|-boost|p2a: Kingambit|atk|2
|
|-heal|p2a: Kingambit|100/100|[from] item: Leftovers
|-heal|p1a: Alcremie|82/100|[from] item: Leftovers
|upkeep
|turn|18
|
|t:|1743899706
|-terastallize|p1a: Alcremie|Steel
|move|p2a: Kingambit|Iron Head|p1a: Alcremie
|-resisted|p1a: Alcremie
|-damage|p1a: Alcremie|40/100
|move|p1a: Alcremie|Acid Armor|p1a: Alcremie
|-boost|p1a: Alcremie|def|2
|
|-heal|p1a: Alcremie|46/100|[from] item: Leftovers
|upkeep
|turn|19
|
|t:|1743899720
|move|p2a: Kingambit|Kowtow Cleave|p1a: Alcremie
|-damage|p1a: Alcremie|0 fnt
|faint|p1a: Alcremie
|
|upkeep
|
|t:|1743899724
|switch|p1a: Flamigo|Flamigo, M|78/100
|turn|20
|
|t:|1743899734
|-terastallize|p2a: Kingambit|Ghost
|move|p2a: Kingambit|Sucker Punch|p1a: Flamigo
|-resisted|p1a: Flamigo
|-damage|p1a: Flamigo|17/100
|move|p1a: Flamigo|Close Combat|p2a: Kingambit
|-damage|p2a: Kingambit|51/100
|-unboost|p1a: Flamigo|def|1
|-unboost|p1a: Flamigo|spd|1
|
|-heal|p2a: Kingambit|57/100|[from] item: Leftovers
|upkeep
|turn|21
|-message|Team BBIO 38 forfeited.
|
|win|norebuhl
|raw|Team BBIO 38's rating: 1422 &rarr; <strong>1403</strong><br />(-19 for losing)
|raw|norebuhl's rating: 1448 &rarr; <strong>1467</strong><br />(+19 for winning)
|l|☆Team BBIO 38
|player|p1|
|l|‽norebuhl
|player|p2|
