|j|☆technogiri
|j|☆cadmunt
|t:|1743918302
|gametype|singles
|player|p1|technogiri|marshal|1166
|player|p2|cadmunt|palmer|1136
|teamsize|p1|6
|teamsize|p2|6
|gen|9
|tier|[Gen 9] OU
|rated|
|rule|HP Percentage Mod: HP is shown in percentages
|rule|Endless Battle Clause: Forcing endless battles is banned
|rule|Species Clause: Limit one of each Pokémon
|rule|OHKO Clause: OHKO moves are banned
|rule|Evasion Items Clause: Evasion items are banned
|rule|Evasion Moves Clause: Evasion moves are banned
|rule|Sleep Moves Clause: Sleep-inducing moves are banned
|clearpoke
|poke|p1|Ogerpon, F|
|poke|p1|Greninja-*, F|
|poke|p1|Forretress, M|
|poke|p1|Goodra-Hisui, M|
|poke|p1|Thundurus-Therian, M|
|poke|p1|Revavroom, F|
|poke|p2|Grimmsnarl, M|
|poke|p2|Gyarados, M|
|poke|p2|Arcanine, M|
|poke|p2|Kyurem|
|poke|p2|Clodsire, M|
|poke|p2|Ditto|
|teampreview
|inactive|Battle timer is ON: inactive players will automatically lose when time's up. (requested by technogiri)
|
|t:|1743918311
|start
|switch|p1a: Thundurus|Thundurus-Therian, M|100/100
|switch|p2a: Norman|Grimmsnarl, M|100/100
|turn|1
|
|t:|1743918316
|switch|p2a: Clodsire|Clodsire, M, shiny|100/100
|move|p1a: Thundurus|Sludge Wave|p2a: Clodsire
|-resisted|p2a: Clodsire
|-crit|p2a: Clodsire
|-damage|p2a: Clodsire|90/100
|
|-heal|p2a: Clodsire|97/100|[from] item: Black Sludge
|upkeep
|turn|2
|
|t:|1743918324
|switch|p1a: Revavroom|Revavroom, F|100/100
|-item|p1a: Revavroom|Air Balloon
|move|p2a: Clodsire|Curse|p2a: Clodsire
|-unboost|p2a: Clodsire|spe|1
|-boost|p2a: Clodsire|atk|1
|-boost|p2a: Clodsire|def|1
|
|-heal|p2a: Clodsire|100/100|[from] item: Black Sludge
|upkeep
|turn|3
|
|t:|1743918328
|move|p1a: Revavroom|High Horsepower|p2a: Clodsire
|-supereffective|p2a: Clodsire
|-damage|p2a: Clodsire|64/100
|move|p2a: Clodsire|Gunk Shot|p1a: Revavroom
|-immune|p1a: Revavroom
|
|-heal|p2a: Clodsire|70/100|[from] item: Black Sludge
|upkeep
|turn|4
|
|t:|1743918335
|switch|p2a: Arcanine|Arcanine, M|100/100
|-ability|p2a: Arcanine|Intimidate|boost
|-unboost|p1a: Revavroom|atk|1
|move|p1a: Revavroom|Shift Gear|p1a: Revavroom
|-boost|p1a: Revavroom|spe|2
|-boost|p1a: Revavroom|atk|1
|
|upkeep
|turn|5
|
|t:|1743918341
|move|p1a: Revavroom|High Horsepower|p2a: Arcanine
|-supereffective|p2a: Arcanine
|-damage|p2a: Arcanine|50/100
|move|p2a: Arcanine|Flare Blitz|p1a: Revavroom
|-supereffective|p1a: Revavroom
|-damage|p1a: Revavroom|17/100
|-enditem|p1a: Revavroom|Air Balloon
|-damage|p2a: Arcanine|28/100|[from] Recoil
|
|-heal|p2a: Arcanine|35/100|[from] item: Leftovers
|upkeep
|turn|6
|
|t:|1743918353
|switch|p2a: Gyarados|Gyarados, M|100/100
|-ability|p2a: Gyarados|Intimidate|boost
|-unboost|p1a: Revavroom|atk|1
|move|p1a: Revavroom|Poison Jab|p2a: Gyarados
|-damage|p2a: Gyarados|66/100
|-status|p2a: Gyarados|psn
|
|-damage|p2a: Gyarados|54/100 psn|[from] psn
|upkeep
|turn|7
|
|t:|1743918362
|switch|p2a: Arcanine|Arcanine, M|35/100
|-ability|p2a: Arcanine|Intimidate|boost
|-unboost|p1a: Revavroom|atk|1
|move|p1a: Revavroom|Poison Jab|p2a: Arcanine
|-damage|p2a: Arcanine|20/100
|
|-heal|p2a: Arcanine|26/100|[from] item: Leftovers
|upkeep
|turn|8
|
|t:|1743918368
|move|p1a: Revavroom|High Horsepower|p2a: Arcanine
|-supereffective|p2a: Arcanine
|-damage|p2a: Arcanine|1/100
|move|p2a: Arcanine|Morning Sun|p2a: Arcanine
|-heal|p2a: Arcanine|51/100
|
|-heal|p2a: Arcanine|57/100|[from] item: Leftovers
|upkeep
|turn|9
|
|t:|1743918376
|move|p1a: Revavroom|Poison Jab|p2a: Arcanine
|-damage|p2a: Arcanine|41/100
|move|p2a: Arcanine|Morning Sun|p2a: Arcanine
|-heal|p2a: Arcanine|91/100
|
|-heal|p2a: Arcanine|97/100|[from] item: Leftovers
|upkeep
|turn|10
|
|t:|1743918385
|switch|p1a: Greninja|Greninja, F|100/100
|switch|p2a: Gyarados|Gyarados, M|54/100 psn
|-ability|p2a: Gyarados|Intimidate|boost
|-unboost|p1a: Greninja|atk|1
|
|-damage|p2a: Gyarados|41/100 psn|[from] psn
|upkeep
|turn|11
|
|t:|1743918389
|move|p1a: Greninja|Sludge Wave|p2a: Gyarados
|-start|p1a: Greninja|typechange|Poison|[from] ability: Protean
|-damage|p2a: Gyarados|0 fnt
|faint|p2a: Gyarados
|
|upkeep
|
|t:|1743918395
|switch|p2a: Clodsire|Clodsire, M, shiny|70/100
|turn|12
|
|t:|1743918398
|switch|p1a: Revavroom|Revavroom, F|17/100
|move|p2a: Clodsire|Curse|p2a: Clodsire
|-unboost|p2a: Clodsire|spe|1
|-boost|p2a: Clodsire|atk|1
|-boost|p2a: Clodsire|def|1
|
|-heal|p2a: Clodsire|77/100|[from] item: Black Sludge
|upkeep
|turn|13
|
|t:|1743918403
|move|p1a: Revavroom|High Horsepower|p2a: Clodsire
|-supereffective|p2a: Clodsire
|-damage|p2a: Clodsire|38/100
|move|p2a: Clodsire|Earthquake|p1a: Revavroom
|-supereffective|p1a: Revavroom
|-damage|p1a: Revavroom|0 fnt
|faint|p1a: Revavroom
|
|-heal|p2a: Clodsire|44/100|[from] item: Black Sludge
|upkeep
|
|t:|1743918410
|switch|p1a: Ogerpon|Ogerpon, F|100/100
|turn|14
|
|t:|1743918419
|-terastallize|p1a: Ogerpon|Grass
|detailschange|p1a: Ogerpon|Ogerpon-Teal-Tera, F, tera:Grass
|-ability|p1a: Ogerpon|Embody Aspect (Teal)|boost
|-boost|p1a: Ogerpon|spe|1
|move|p1a: Ogerpon|Ivy Cudgel|p2a: Clodsire
|-damage|p2a: Clodsire|0 fnt
|faint|p2a: Clodsire
|
|upkeep
|
|t:|1743918429
|switch|p2a: Arcanine|Arcanine, M|97/100
|-ability|p2a: Arcanine|Intimidate|boost
|-unboost|p1a: Ogerpon|atk|1
|turn|15
|
|t:|1743918435
|switch|p1a: Greninja|Greninja, F|100/100
|move|p2a: Arcanine|Flare Blitz|p1a: Greninja
|-resisted|p1a: Greninja
|-damage|p1a: Greninja|62/100
|-damage|p2a: Arcanine|88/100|[from] Recoil
|
|-heal|p2a: Arcanine|94/100|[from] item: Leftovers
|upkeep
|turn|16
|
|t:|1743918439
|move|p1a: Greninja|Surf|p2a: Arcanine
|-start|p1a: Greninja|typechange|Water|[from] ability: Protean
|-supereffective|p2a: Arcanine
|-damage|p2a: Arcanine|0 fnt
|faint|p2a: Arcanine
|
|upkeep
|
|t:|1743918446
|switch|p2a: Norman|Grimmsnarl, M|100/100
|turn|17
|
|t:|1743918448
|move|p2a: Norman|Thunder Wave|p1a: Greninja
|-status|p1a: Greninja|par
|cant|p1a: Greninja|par
|
|upkeep
|turn|18
|
|t:|1743918452
|switch|p1a: Thundurus|Thundurus-Therian, M|100/100
|move|p2a: Norman|Swagger|p1a: Thundurus
|-boost|p1a: Thundurus|atk|2
|-start|p1a: Thundurus|confusion
|
|upkeep
|turn|19
|
|t:|1743918458
|switch|p1a: Greninja|Greninja, F|62/100 par
|move|p2a: Norman|Play Rough|p1a: Greninja
|-supereffective|p1a: Greninja
|-damage|p1a: Greninja|0 fnt
|faint|p1a: Greninja
|
|upkeep
|
|t:|1743918463
|switch|p1a: Ogerpon|Ogerpon-Teal-Tera, F, tera:Grass|100/100
|-ability|p1a: Ogerpon|Embody Aspect (Teal)|boost
|-boost|p1a: Ogerpon|spe|1
|turn|20
|
|t:|1743918470
|switch|p1a: Thundurus|Thundurus-Therian, M|100/100
|move|p2a: Norman|Thunder Wave|p1a: Thundurus
|-immune|p1a: Thundurus|[from] ability: Volt Absorb
|
|upkeep
|turn|21
|
|t:|1743918474
|move|p2a: Norman|Swagger|p1a: Thundurus|[miss]
|-miss|p2a: Norman|p1a: Thundurus
|move|p1a: Thundurus|Sludge Wave|p2a: Norman
|-supereffective|p2a: Norman
|-damage|p2a: Norman|21/100
|
|upkeep
|turn|22
|
|t:|1743918478
|move|p2a: Norman|Sucker Punch|p1a: Thundurus
|-damage|p1a: Thundurus|43/100
|move|p1a: Thundurus|Sludge Wave|p2a: Norman
|-supereffective|p2a: Norman
|-damage|p2a: Norman|0 fnt
|faint|p2a: Norman
|
|upkeep
|
|t:|1743918481
|switch|p2a: Kyurem|Kyurem, shiny|100/100
|-ability|p2a: Kyurem|Pressure
|turn|23
|
|t:|1743918484
|move|p1a: Thundurus|Sludge Wave|p2a: Kyurem
|-damage|p2a: Kyurem|69/100
|move|p2a: Kyurem|Ice Beam|p1a: Thundurus
|-supereffective|p1a: Thundurus
|-damage|p1a: Thundurus|0 fnt
|faint|p1a: Thundurus
|
|-heal|p2a: Kyurem|75/100|[from] item: Leftovers
|upkeep
|
|t:|1743918486
|switch|p1a: Forretress|Forretress, M|100/100
|turn|24
|
|t:|1743918491
|move|p2a: Kyurem|Earth Power|p1a: Forretress
|-damage|p1a: Forretress|52/100
|move|p1a: Forretress|Body Press|p2a: Kyurem
|-supereffective|p2a: Kyurem
|-damage|p2a: Kyurem|26/100
|
|-heal|p2a: Kyurem|32/100|[from] item: Leftovers
|upkeep
|turn|25
|
|t:|1743918497
|-terastallize|p2a: Kyurem|Ground
|move|p2a: Kyurem|Earth Power|p1a: Forretress
|-damage|p1a: Forretress|0 fnt
|faint|p1a: Forretress
|
|-heal|p2a: Kyurem|38/100|[from] item: Leftovers
|upkeep
|
|t:|1743918502
|switch|p1a: Ogerpon|Ogerpon-Teal-Tera, F, tera:Grass|100/100
|-ability|p1a: Ogerpon|Embody Aspect (Teal)|boost
|-boost|p1a: Ogerpon|spe|1
|turn|26
|
|t:|1743918505
|move|p1a: Ogerpon|Ivy Cudgel|p2a: Kyurem
|-supereffective|p2a: Kyurem
|-damage|p2a: Kyurem|0 fnt
|faint|p2a: Kyurem
|
|upkeep
|
|t:|1743918507
|switch|p2a: Ditto|Ditto, shiny|100/100
|turn|27
|
|t:|1743918509
|move|p1a: Ogerpon|Ivy Cudgel|p2a: Ditto
|-damage|p2a: Ditto|0 fnt
|faint|p2a: Ditto
|
|win|technogiri
|raw|technogiri's rating: 1166 &rarr; <strong>1189</strong><br />(+23 for winning)
|raw|cadmunt's rating: 1136 &rarr; <strong>1113</strong><br />(-23 for losing)
|l|☆cadmunt
|player|p2|
|l|☆technogiri
|player|p1|
