|j|☆sapgotti
|j|☆Ceron75
|t:|1743873052
|gametype|singles
|player|p1|sapgotti|266|1256
|player|p2|Ceron75|colress|1178
|teamsize|p1|6
|teamsize|p2|6
|gen|9
|tier|[Gen 9] OU
|rated|
|rule|HP Percentage Mod: HP is shown in percentages
|rule|Endless Battle Clause: Forcing endless battles is banned
|rule|Species Clause: Limit one of each Pokémon
|rule|OHKO Clause: OHKO moves are banned
|rule|Evasion Items Clause: Evasion items are banned
|rule|Evasion Moves Clause: Evasion moves are banned
|rule|Sleep Moves Clause: Sleep-inducing moves are banned
|clearpoke
|poke|p1|Magnezone|
|poke|p1|Toucannon, F|
|poke|p1|Infernape, M|
|poke|p1|Ditto|
|poke|p1|Alomomola, F|
|poke|p1|Gogoat, M|
|poke|p2|Samurott-Hisui, M|
|poke|p2|Murkrow, F|
|poke|p2|Ribombee, F|
|poke|p2|Clodsire, F|
|poke|p2|Corviknight, M|
|poke|p2|Kingambit, M|
|teampreview
|inactive|Battle timer is ON: inactive players will automatically lose when time's up. (requested by Ceron75)
|
|t:|1743873075
|start
|switch|p1a: Magnezone|Magnezone|100/100
|switch|p2a: Ribombee|Ribombee, F|100/100
|turn|1
|
|t:|1743873080
|move|p2a: Ribombee|Sticky Web|p1a: Magnezone
|-sidestart|p1: sapgotti|move: Sticky Web
|move|p1a: Magnezone|Flash Cannon|p2a: Ribombee
|-supereffective|p2a: Ribombee
|-enditem|p2a: Ribombee|Focus Sash
|-damage|p2a: Ribombee|1/100
|
|upkeep
|turn|2
|
|t:|1743873088
|move|p2a: Ribombee|Moonblast|p1a: Magnezone
|-resisted|p1a: Magnezone
|-damage|p1a: Magnezone|84/100
|-unboost|p1a: Magnezone|spa|1
|move|p1a: Magnezone|Flash Cannon|p2a: Ribombee
|-supereffective|p2a: Ribombee
|-damage|p2a: Ribombee|0 fnt
|faint|p2a: Ribombee
|
|upkeep
|
|t:|1743873102
|switch|p2a: Clodsire|Clodsire, F|100/100
|turn|3
|
|t:|1743873110
|move|p1a: Magnezone|Flash Cannon|p2a: Clodsire
|-damage|p2a: Clodsire|58/100
|move|p2a: Clodsire|Earthquake|p1a: Magnezone
|-supereffective|p1a: Magnezone
|-damage|p1a: Magnezone|0 fnt
|faint|p1a: Magnezone
|
|-heal|p2a: Clodsire|64/100|[from] item: Leftovers
|upkeep
|
|t:|1743873120
|switch|p1a: Toucannon|Toucannon, F|100/100
|turn|4
|
|t:|1743873127
|-singleturn|p1a: Toucannon|move: Beak Blast
|move|p2a: Clodsire|Protect|p2a: Clodsire
|-singleturn|p2a: Clodsire|Protect
|move|p1a: Toucannon|Beak Blast|p2a: Clodsire
|-activate|p2a: Clodsire|move: Protect
|
|-heal|p2a: Clodsire|70/100|[from] item: Leftovers
|upkeep
|turn|5
|
|t:|1743873140
|switch|p2a: Corviknight|Corviknight, M|100/100
|-ability|p2a: Corviknight|Pressure
|-singleturn|p1a: Toucannon|move: Beak Blast
|move|p1a: Toucannon|Beak Blast|p2a: Corviknight
|-resisted|p2a: Corviknight
|-damage|p2a: Corviknight|78/100
|-damage|p1a: Toucannon|91/100|[from] item: Life Orb
|
|upkeep
|turn|6
|
|t:|1743873143
|move|p2a: Corviknight|U-turn|p1a: Toucannon
|-resisted|p1a: Toucannon
|-damage|p1a: Toucannon|82/100
|
|t:|1743873155
|switch|p2a: Samurott|Samurott-Hisui, M|100/100|[from] U-turn
|move|p1a: Toucannon|Heat Wave|p2a: Samurott
|-resisted|p2a: Samurott
|-damage|p2a: Samurott|79/100
|
|upkeep
|turn|7
|
|t:|1743873163
|-singleturn|p1a: Toucannon|move: Beak Blast
|move|p2a: Samurott|Ceaseless Edge|p1a: Toucannon
|-damage|p1a: Toucannon|21/100
|-status|p2a: Samurott|brn
|-sidestart|p1: sapgotti|Spikes
|move|p1a: Toucannon|Beak Blast|p2a: Samurott
|-damage|p2a: Samurott|0 fnt
|faint|p2a: Samurott
|-damage|p1a: Toucannon|11/100|[from] item: Life Orb
|
|upkeep
|
|t:|1743873167
|switch|p2a: Clodsire|Clodsire, F|70/100
|turn|8
|
|t:|1743873179
|move|p1a: Toucannon|Throat Chop|p2a: Clodsire
|-damage|p2a: Clodsire|27/100
|move|p2a: Clodsire|Toxic|p1a: Toucannon
|-status|p1a: Toucannon|tox
|
|-heal|p2a: Clodsire|33/100|[from] item: Leftovers
|-damage|p1a: Toucannon|5/100 tox|[from] psn
|upkeep
|turn|9
|
|t:|1743873200
|-singleturn|p1a: Toucannon|move: Beak Blast
|move|p2a: Clodsire|Protect|p2a: Clodsire
|-singleturn|p2a: Clodsire|Protect
|move|p1a: Toucannon|Beak Blast|p2a: Clodsire
|-activate|p2a: Clodsire|move: Protect
|
|-heal|p2a: Clodsire|39/100|[from] item: Leftovers
|-damage|p1a: Toucannon|0 fnt|[from] psn
|faint|p1a: Toucannon
|upkeep
|
|t:|1743873206
|switch|p1a: Ditto|Ditto|100/100
|-activate|p1a: Ditto|move: Sticky Web
|-unboost|p1a: Ditto|spe|1
|-damage|p1a: Ditto|88/100|[from] Spikes
|-transform|p1a: Ditto|p2a: Clodsire|[from] ability: Imposter
|turn|10
|
|t:|1743873220
|move|p2a: Clodsire|Recover|p2a: Clodsire
|-heal|p2a: Clodsire|89/100
|move|p1a: Ditto|Earthquake|p2a: Clodsire
|-supereffective|p2a: Clodsire
|-damage|p2a: Clodsire|39/100
|
|-heal|p2a: Clodsire|45/100|[from] item: Leftovers
|upkeep
|turn|11
|
|t:|1743873231
|switch|p2a: Corviknight|Corviknight, M|78/100
|-ability|p2a: Corviknight|Pressure
|move|p1a: Ditto|Earthquake|p2a: Corviknight
|-immune|p2a: Corviknight
|
|upkeep
|turn|12
|
|t:|1743873240
|move|p2a: Corviknight|Body Press|p1a: Ditto
|-resisted|p1a: Ditto
|-damage|p1a: Ditto|71/100
|move|p1a: Ditto|Earthquake|p2a: Corviknight
|-immune|p2a: Corviknight
|
|upkeep
|turn|13
|
|t:|1743873255
|switch|p2a: Murkrow|Murkrow, F|100/100
|move|p1a: Ditto|Recover|p1a: Ditto
|-heal|p1a: Ditto|100/100
|
|upkeep
|turn|14
|
|t:|1743873262
|move|p2a: Murkrow|Taunt|p1a: Ditto
|-start|p1a: Ditto|move: Taunt
|cant|p1a: Ditto|move: Taunt|Toxic
|
|upkeep
|turn|15
|
|t:|1743873270
|switch|p1a: Alomomola|Alomomola, F|100/100
|move|p2a: Murkrow|Perish Song|p2a: Murkrow
|-start|p1a: Alomomola|perish3|[silent]
|-start|p2a: Murkrow|perish3|[silent]
|-fieldactivate|move: Perish Song
|
|-start|p2a: Murkrow|perish3
|-start|p1a: Alomomola|perish3
|upkeep
|turn|16
|
|t:|1743873280
|move|p2a: Murkrow|U-turn|p1a: Alomomola
|-damage|p1a: Alomomola|91/100
|
|t:|1743873284
|switch|p2a: Corviknight|Corviknight, M|78/100|[from] U-turn
|-ability|p2a: Corviknight|Pressure
|move|p1a: Alomomola|Flip Turn|p2a: Corviknight
|-damage|p2a: Corviknight|67/100
|
|t:|1743873291
|switch|p1a: Infernape|Infernape, M|100/100|[from] Flip Turn
|-item|p1a: Infernape|Air Balloon
|
|upkeep
|turn|17
|
|t:|1743873300
|-terastallize|p1a: Infernape|Fire
|move|p1a: Infernape|Flamethrower|p2a: Corviknight
|-supereffective|p2a: Corviknight
|-damage|p2a: Corviknight|0 fnt
|faint|p2a: Corviknight
|
|upkeep
|
|t:|1743873306
|switch|p2a: Clodsire|Clodsire, F|45/100
|turn|18
|
|t:|1743873321
|switch|p1a: Ditto|Ditto|100/100
|-activate|p1a: Ditto|move: Sticky Web
|-unboost|p1a: Ditto|spe|1
|-damage|p1a: Ditto|88/100|[from] Spikes
|-transform|p1a: Ditto|p2a: Clodsire|[from] ability: Imposter
|move|p2a: Clodsire|Protect||[still]
|-fail|p2a: Clodsire
|
|-heal|p2a: Clodsire|51/100|[from] item: Leftovers
|upkeep
|turn|19
|
|t:|1743873326
|switch|p2a: Murkrow|Murkrow, F|100/100
|move|p1a: Ditto|Earthquake|p2a: Murkrow
|-immune|p2a: Murkrow
|
|upkeep
|turn|20
|
|t:|1743873336
|switch|p1a: Infernape|Infernape, M, tera:Fire|100/100
|-item|p1a: Infernape|Air Balloon
|move|p2a: Murkrow|Taunt|p1a: Infernape
|-start|p1a: Infernape|move: Taunt
|
|upkeep
|turn|21
|
|t:|1743873342
|move|p1a: Infernape|Flamethrower|p2a: Murkrow
|-damage|p2a: Murkrow|26/100
|move|p2a: Murkrow|U-turn|p1a: Infernape
|-resisted|p1a: Infernape
|-damage|p1a: Infernape|90/100
|-enditem|p1a: Infernape|Air Balloon
|
|t:|1743873347
|switch|p2a: Clodsire|Clodsire, F|51/100|[from] U-turn
|
|-heal|p2a: Clodsire|57/100|[from] item: Leftovers
|upkeep
|turn|22
|
|t:|1743873368
|switch|p1a: Gogoat|Gogoat, M|100/100
|-activate|p1a: Gogoat|move: Sticky Web
|-unboost|p1a: Gogoat|spe|1
|-damage|p1a: Gogoat|88/100|[from] Spikes
|move|p2a: Clodsire|Recover|p2a: Clodsire
|-heal|p2a: Clodsire|100/100
|
|upkeep
|turn|23
|
|t:|1743873376
|move|p1a: Gogoat|Surf|p2a: Clodsire
|-supereffective|p2a: Clodsire
|-damage|p2a: Clodsire|68/100
|move|p2a: Clodsire|Toxic|p1a: Gogoat
|-status|p1a: Gogoat|tox
|
|-heal|p2a: Clodsire|74/100|[from] item: Leftovers
|-damage|p1a: Gogoat|82/100 tox|[from] psn
|upkeep
|turn|24
|
|t:|1743873383
|switch|p1a: Infernape|Infernape, M, tera:Fire|90/100
|-activate|p1a: Infernape|move: Sticky Web
|-unboost|p1a: Infernape|spe|1
|-damage|p1a: Infernape|78/100|[from] Spikes
|move|p2a: Clodsire|Recover|p2a: Clodsire
|-heal|p2a: Clodsire|100/100
|
|upkeep
|turn|25
|
|t:|1743873392
|move|p1a: Infernape|Encore|p2a: Clodsire
|-start|p2a: Clodsire|Encore
|move|p2a: Clodsire|Recover||[still]
|-fail|p2a: Clodsire|heal
|
|upkeep
|turn|26
|
|t:|1743873400
|switch|p2a: Murkrow|Murkrow, F|26/100
|move|p1a: Infernape|Flamethrower|p2a: Murkrow
|-damage|p2a: Murkrow|0 fnt
|faint|p2a: Murkrow
|
|upkeep
|
|t:|1743873403
|switch|p2a: Clodsire|Clodsire, F|100/100
|turn|27
|
|t:|1743873411
|switch|p1a: Gogoat|Gogoat, M|82/100 tox
|-activate|p1a: Gogoat|move: Sticky Web
|-unboost|p1a: Gogoat|spe|1
|-damage|p1a: Gogoat|69/100 tox|[from] Spikes
|move|p2a: Clodsire|Toxic|p1a: Gogoat
|-fail|p1a: Gogoat|tox
|
|-damage|p1a: Gogoat|63/100 tox|[from] psn
|upkeep
|turn|28
|
|t:|1743873423
|move|p1a: Gogoat|Mud Shot|p2a: Clodsire
|-supereffective|p2a: Clodsire
|-damage|p2a: Clodsire|80/100
|-unboost|p2a: Clodsire|spe|1
|move|p2a: Clodsire|Earthquake|p1a: Gogoat
|-resisted|p1a: Gogoat
|-damage|p1a: Gogoat|51/100 tox
|
|-heal|p2a: Clodsire|86/100|[from] item: Leftovers
|-damage|p1a: Gogoat|39/100 tox|[from] psn
|upkeep
|turn|29
|
|t:|1743873431
|move|p2a: Clodsire|Protect|p2a: Clodsire
|-singleturn|p2a: Clodsire|Protect
|move|p1a: Gogoat|Surf|p2a: Clodsire
|-activate|p2a: Clodsire|move: Protect
|
|-heal|p2a: Clodsire|92/100|[from] item: Leftovers
|-damage|p1a: Gogoat|20/100 tox|[from] psn
|upkeep
|turn|30
|
|t:|1743873441
|move|p1a: Gogoat|Surf|p2a: Clodsire
|-supereffective|p2a: Clodsire
|-damage|p2a: Clodsire|61/100
|move|p2a: Clodsire|Earthquake|p1a: Gogoat
|-resisted|p1a: Gogoat
|-damage|p1a: Gogoat|8/100 tox
|
|-heal|p2a: Clodsire|67/100|[from] item: Leftovers
|-damage|p1a: Gogoat|0 fnt|[from] psn
|faint|p1a: Gogoat
|upkeep
|
|t:|1743873448
|switch|p1a: Ditto|Ditto|88/100
|-activate|p1a: Ditto|move: Sticky Web
|-unboost|p1a: Ditto|spe|1
|-damage|p1a: Ditto|76/100|[from] Spikes
|-transform|p1a: Ditto|p2a: Clodsire|[from] ability: Imposter
|turn|31
|
|t:|1743873453
|move|p2a: Clodsire|Earthquake|p1a: Ditto
|-supereffective|p1a: Ditto
|-damage|p1a: Ditto|8/100
|move|p1a: Ditto|Earthquake|p2a: Clodsire
|-supereffective|p2a: Clodsire
|-damage|p2a: Clodsire|9/100
|
|-heal|p2a: Clodsire|15/100|[from] item: Leftovers
|upkeep
|turn|32
|
|t:|1743873463
|move|p1a: Ditto|Earthquake|p2a: Clodsire
|-supereffective|p2a: Clodsire
|-damage|p2a: Clodsire|0 fnt
|faint|p2a: Clodsire
|
|upkeep
|
|t:|1743873466
|switch|p2a: Kingambit|Kingambit, M|100/100
|-activate|p2a: Kingambit|ability: Supreme Overlord
|-start|p2a: Kingambit|fallen5|[silent]
|turn|33
|
|t:|1743873475
|move|p2a: Kingambit|Swords Dance|p2a: Kingambit
|-boost|p2a: Kingambit|atk|2
|move|p1a: Ditto|Recover|p1a: Ditto
|-heal|p1a: Ditto|58/100
|
|upkeep
|turn|34
|
|t:|1743873485
|switch|p1a: Alomomola|Alomomola, F|100/100
|move|p2a: Kingambit|Kowtow Cleave|p1a: Alomomola
|-damage|p1a: Alomomola|7/100
|
|upkeep
|turn|35
|
|t:|1743873491
|move|p1a: Alomomola|Wish|p1a: Alomomola
|move|p2a: Kingambit|Kowtow Cleave|p1a: Alomomola
|-damage|p1a: Alomomola|0 fnt
|faint|p1a: Alomomola
|
|upkeep
|
|t:|1743873500
|switch|p1a: Infernape|Infernape, M, tera:Fire|78/100
|-activate|p1a: Infernape|move: Sticky Web
|-unboost|p1a: Infernape|spe|1
|-damage|p1a: Infernape|65/100|[from] Spikes
|turn|36
|
|t:|1743873507
|move|p2a: Kingambit|Sucker Punch||[still]
|-fail|p2a: Kingambit
|move|p1a: Infernape|Encore|p2a: Kingambit
|-start|p2a: Kingambit|Encore
|
|-heal|p1a: Infernape|100/100|[from] move: Wish|[wisher] Alomomola
|upkeep
|turn|37
|
|t:|1743873512
|move|p2a: Kingambit|Sucker Punch||[still]
|-fail|p2a: Kingambit
|move|p1a: Infernape|Nasty Plot|p1a: Infernape
|-boost|p1a: Infernape|spa|2
|
|upkeep
|turn|38
|
|t:|1743873517
|move|p2a: Kingambit|Sucker Punch||[still]
|-fail|p2a: Kingambit
|move|p1a: Infernape|Nasty Plot|p1a: Infernape
|-boost|p1a: Infernape|spa|2
|
|upkeep
|turn|39
|
|t:|1743873524
|move|p2a: Kingambit|Sucker Punch||[still]
|-fail|p2a: Kingambit
|move|p1a: Infernape|Nasty Plot|p1a: Infernape
|-boost|p1a: Infernape|spa|2
|
|-end|p2a: Kingambit|Encore
|upkeep
|turn|40
|
|t:|1743873533
|move|p1a: Infernape|Vacuum Wave|p2a: Kingambit
|-supereffective|p2a: Kingambit
|-enditem|p2a: Kingambit|Focus Sash
|-damage|p2a: Kingambit|1/100
|move|p2a: Kingambit|Sucker Punch||[still]
|-fail|p2a: Kingambit
|
|upkeep
|turn|41
|
|t:|1743873540
|-terastallize|p2a: Kingambit|Ghost
|move|p1a: Infernape|Vacuum Wave|p2a: Kingambit
|-immune|p2a: Kingambit
|move|p2a: Kingambit|Kowtow Cleave|p1a: Infernape
|-damage|p1a: Infernape|0 fnt
|faint|p1a: Infernape
|
|upkeep
|
|t:|1743873543
|switch|p1a: Ditto|Ditto|58/100
|-activate|p1a: Ditto|move: Sticky Web
|-unboost|p1a: Ditto|spe|1
|-damage|p1a: Ditto|45/100|[from] Spikes
|-transform|p1a: Ditto|p2a: Kingambit|[from] ability: Imposter
|-activate|p1a: Ditto|ability: Supreme Overlord
|-start|p1a: Ditto|fallen5|[silent]
|-start|p1a: Ditto|typechange|Dark/Steel|[silent]
|turn|42
|
|t:|1743873554
|move|p2a: Kingambit|Sucker Punch|p1a: Ditto
|-resisted|p1a: Ditto
|-damage|p1a: Ditto|0 fnt
|faint|p1a: Ditto
|-end|p1a: Ditto|fallen5|[silent]
|
|win|Ceron75
|raw|sapgotti's rating: 1256 &rarr; <strong>1225</strong><br />(-31 for losing)
|raw|Ceron75's rating: 1178 &rarr; <strong>1209</strong><br />(+31 for winning)
|l|☆sapgotti
|player|p1|
