|j|☆Chayel3
|j|☆henry151th
|t:|1743860118
|gametype|singles
|player|p1|Chayel3|1|1417
|player|p2|henry151th|wallace|1440
|teamsize|p1|6
|teamsize|p2|6
|gen|9
|tier|[Gen 9] OU
|rated|
|rule|HP Percentage Mod: HP is shown in percentages
|rule|Endless Battle Clause: Forcing endless battles is banned
|rule|Species Clause: Limit one of each Pokémon
|rule|OHKO Clause: OHKO moves are banned
|rule|Evasion Items Clause: Evasion items are banned
|rule|Evasion Moves Clause: Evasion moves are banned
|rule|Sleep Moves Clause: Sleep-inducing moves are banned
|clearpoke
|poke|p1|Meowscarada, M|
|poke|p1|Goodra-Hisui, M|
|poke|p1|Zamazenta-*|
|poke|p1|Iron Valiant|
|poke|p1|Zapdos|
|poke|p1|Blaziken, F|
|poke|p2|Primarina, M|
|poke|p2|Meowscarada, M|
|poke|p2|Heatran, M|
|poke|p2|Dragapult, F|
|poke|p2|Iron Valiant|
|poke|p2|Great Tusk|
|teampreview
|inactive|Battle timer is ON: inactive players will automatically lose when time's up. (requested by Chayel3)
|
|t:|1743860127
|start
|switch|p1a: Meowscarada|Meowscarada, M|100/100
|switch|p2a: Primarina|Primarina, M|100/100
|turn|1
|
|t:|1743860136
|switch|p2a: Heatran|Heatran, M|100/100
|move|p1a: Meowscarada|U-turn|p2a: Heatran
|-start|p1a: Meowscarada|typechange|Bug|[from] ability: Protean
|-resisted|p2a: Heatran
|-damage|p2a: Heatran|94/100
|
|t:|1743860147
|switch|p1a: Blaziken|Blaziken, F|100/100|[from] U-turn
|
|-heal|p2a: Heatran|99/100|[from] item: Leftovers
|upkeep
|turn|2
|
|t:|1743860153
|move|p1a: Blaziken|Swords Dance|p1a: Blaziken
|-boost|p1a: Blaziken|atk|2
|move|p2a: Heatran|Earth Power|p1a: Blaziken
|-supereffective|p1a: Blaziken
|-damage|p1a: Blaziken|17/100
|
|-heal|p2a: Heatran|100/100|[from] item: Leftovers
|-ability|p1a: Blaziken|Speed Boost|boost
|-boost|p1a: Blaziken|spe|1
|upkeep
|turn|3
|
|t:|1743860164
|switch|p2a: Dragapult|Dragapult, F|100/100
|move|p1a: Blaziken|Close Combat|p2a: Dragapult
|-immune|p2a: Dragapult
|
|-ability|p1a: Blaziken|Speed Boost|boost
|-boost|p1a: Blaziken|spe|1
|upkeep
|turn|4
|
|t:|1743860175
|switch|p2a: Primarina|Primarina, M|100/100
|move|p1a: Blaziken|Flare Blitz|p2a: Primarina
|-resisted|p2a: Primarina
|-damage|p2a: Primarina|10/100
|-damage|p1a: Blaziken|0 fnt|[from] Recoil
|faint|p1a: Blaziken
|
|upkeep
|
|t:|1743860180
|switch|p1a: Meowscarada|Meowscarada, M|100/100
|turn|5
|
|t:|1743860188
|move|p1a: Meowscarada|U-turn|p2a: Primarina
|-start|p1a: Meowscarada|typechange|Bug|[from] ability: Protean
|-resisted|p2a: Primarina
|-damage|p2a: Primarina|0 fnt
|faint|p2a: Primarina
|
|t:|1743860192
|switch|p1a: Zapdos|Zapdos|100/100|[from] U-turn
|
|upkeep
|
|t:|1743860205
|switch|p2a: Heatran|Heatran, M|100/100
|turn|6
|
|t:|1743860209
|move|p1a: Zapdos|Volt Switch|p2a: Heatran
|-damage|p2a: Heatran|75/100
|
|t:|1743860216
|switch|p1a: Zamazenta|Zamazenta|100/100|[from] Volt Switch
|-ability|p1a: Zamazenta|Dauntless Shield|boost
|-boost|p1a: Zamazenta|def|1
|move|p2a: Heatran|Stealth Rock|p1a: Zamazenta
|-sidestart|p1: Chayel3|move: Stealth Rock
|
|-heal|p2a: Heatran|82/100|[from] item: Leftovers
|upkeep
|turn|7
|
|t:|1743860220
|switch|p2a: Dragapult|Dragapult, F|100/100
|move|p1a: Zamazenta|Substitute|p1a: Zamazenta
|-start|p1a: Zamazenta|Substitute
|-damage|p1a: Zamazenta|76/100
|
|-heal|p1a: Zamazenta|82/100|[from] item: Leftovers
|upkeep
|turn|8
|
|t:|1743860227
|move|p2a: Dragapult|Will-O-Wisp|p1a: Zamazenta
|-status|p1a: Zamazenta|brn
|move|p1a: Zamazenta|Crunch|p2a: Dragapult
|-supereffective|p2a: Dragapult
|-damage|p2a: Dragapult|68/100
|
|-heal|p1a: Zamazenta|88/100 brn|[from] item: Leftovers
|-damage|p1a: Zamazenta|82/100 brn|[from] brn
|upkeep
|turn|9
|
|t:|1743860239
|move|p2a: Dragapult|Hex|p1a: Zamazenta
|-damage|p1a: Zamazenta|38/100 brn
|move|p1a: Zamazenta|Crunch|p2a: Dragapult
|-supereffective|p2a: Dragapult
|-damage|p2a: Dragapult|37/100
|
|-heal|p1a: Zamazenta|44/100 brn|[from] item: Leftovers
|-damage|p1a: Zamazenta|38/100 brn|[from] brn
|upkeep
|turn|10
|
|t:|1743860246
|move|p2a: Dragapult|Hex|p1a: Zamazenta
|-damage|p1a: Zamazenta|0 fnt
|faint|p1a: Zamazenta
|
|upkeep
|
|t:|1743860249
|switch|p1a: Meowscarada|Meowscarada, M|100/100
|-damage|p1a: Meowscarada|88/100|[from] Stealth Rock
|turn|11
|
|t:|1743860258
|switch|p2a: Great Tusk|Great Tusk|100/100
|move|p1a: Meowscarada|Knock Off|p2a: Great Tusk
|-start|p1a: Meowscarada|typechange|Dark|[from] ability: Protean
|-resisted|p2a: Great Tusk
|-crit|p2a: Great Tusk
|-damage|p2a: Great Tusk|77/100
|-enditem|p2a: Great Tusk|Heavy-Duty Boots|[from] move: Knock Off|[of] p1a: Meowscarada
|
|upkeep
|turn|12
|
|t:|1743860269
|switch|p1a: Zapdos|Zapdos|100/100
|move|p2a: Great Tusk|Knock Off|p1a: Zapdos
|-damage|p1a: Zapdos|69/100
|-enditem|p1a: Zapdos|Heavy-Duty Boots|[from] move: Knock Off|[of] p2a: Great Tusk
|
|upkeep
|turn|13
|
|t:|1743860276
|move|p2a: Great Tusk|Ice Spinner|p1a: Zapdos
|-supereffective|p1a: Zapdos
|-damage|p1a: Zapdos|20/100
|-status|p2a: Great Tusk|par|[from] ability: Static|[of] p1a: Zapdos
|move|p1a: Zapdos|Hurricane|p2a: Great Tusk
|-supereffective|p2a: Great Tusk
|-damage|p2a: Great Tusk|0 fnt
|faint|p2a: Great Tusk
|-end|p2a: Great Tusk|Protosynthesis|[silent]
|
|upkeep
|
|t:|1743860282
|switch|p2a: Dragapult|Dragapult, F|37/100
|turn|14
|
|t:|1743860287
|move|p2a: Dragapult|Draco Meteor|p1a: Zapdos
|-damage|p1a: Zapdos|0 fnt
|-unboost|p2a: Dragapult|spa|2
|faint|p1a: Zapdos
|
|upkeep
|
|t:|1743860292
|switch|p1a: Iron Valiant|Iron Valiant|100/100
|-damage|p1a: Iron Valiant|94/100|[from] Stealth Rock
|-enditem|p1a: Iron Valiant|Booster Energy
|-activate|p1a: Iron Valiant|ability: Quark Drive|[fromitem]
|-start|p1a: Iron Valiant|quarkdrivespe
|turn|15
|
|t:|1743860296
|switch|p2a: Heatran|Heatran, M|82/100
|move|p1a: Iron Valiant|Calm Mind|p1a: Iron Valiant
|-boost|p1a: Iron Valiant|spa|1
|-boost|p1a: Iron Valiant|spd|1
|
|-heal|p2a: Heatran|88/100|[from] item: Leftovers
|upkeep
|turn|16
|
|t:|1743860302
|move|p1a: Iron Valiant|Close Combat|p2a: Heatran
|-supereffective|p2a: Heatran
|-damage|p2a: Heatran|0 fnt
|-unboost|p1a: Iron Valiant|def|1
|-unboost|p1a: Iron Valiant|spd|1
|faint|p2a: Heatran
|
|upkeep
|
|t:|1743860307
|switch|p2a: Meowscarada|Meowscarada, M|100/100
|turn|17
|
|t:|1743860312
|move|p2a: Meowscarada|Triple Axel|p1a: Iron Valiant
|-start|p2a: Meowscarada|typechange|Ice|[from] ability: Protean
|-damage|p1a: Iron Valiant|77/100
|-damage|p1a: Iron Valiant|38/100
|-damage|p1a: Iron Valiant|0 fnt
|faint|p1a: Iron Valiant
|-end|p1a: Iron Valiant|Quark Drive|[silent]
|-hitcount|p1: Iron Valiant|3
|
|upkeep
|
|t:|1743860316
|switch|p1a: Goodra|Goodra-Hisui, M|100/100
|-damage|p1a: Goodra|94/100|[from] Stealth Rock
|turn|18
|
|t:|1743860335
|switch|p2a: Dragapult|Dragapult, F|37/100
|move|p1a: Goodra|Flash Cannon|p2a: Dragapult
|-damage|p2a: Dragapult|0 fnt
|faint|p2a: Dragapult
|
|upkeep
|
|t:|1743860339
|switch|p2a: Iron Valiant|Iron Valiant|100/100
|-enditem|p2a: Iron Valiant|Booster Energy
|-activate|p2a: Iron Valiant|ability: Quark Drive|[fromitem]
|-start|p2a: Iron Valiant|quarkdrivespe
|turn|19
|
|t:|1743860344
|-terastallize|p1a: Goodra|Fairy
|move|p2a: Iron Valiant|Close Combat|p1a: Goodra
|-resisted|p1a: Goodra
|-damage|p1a: Goodra|71/100
|-unboost|p2a: Iron Valiant|def|1
|-unboost|p2a: Iron Valiant|spd|1
|move|p1a: Goodra|Flash Cannon|p2a: Iron Valiant
|-supereffective|p2a: Iron Valiant
|-damage|p2a: Iron Valiant|0 fnt
|faint|p2a: Iron Valiant
|-end|p2a: Iron Valiant|Quark Drive|[silent]
|
|upkeep
|
|t:|1743860349
|switch|p2a: Meowscarada|Meowscarada, M|100/100
|turn|20
|
|t:|1743860357
|move|p2a: Meowscarada|Triple Axel|p1a: Goodra
|-start|p2a: Meowscarada|typechange|Ice|[from] ability: Protean
|-damage|p1a: Goodra|62/100
|-damage|p1a: Goodra|46/100
|-damage|p1a: Goodra|21/100
|-hitcount|p1a: Goodra|3
|move|p1a: Goodra|Flash Cannon|p2a: Meowscarada
|-supereffective|p2a: Meowscarada
|-damage|p2a: Meowscarada|0 fnt
|faint|p2a: Meowscarada
|
|win|Chayel3
|raw|Chayel3's rating: 1417 &rarr; <strong>1438</strong><br />(+21 for winning)
|raw|henry151th's rating: 1440 &rarr; <strong>1419</strong><br />(-21 for losing)
|l|☆henry151th
|player|p2|
|l|☆Chayel3
|player|p1|
|j| pikachulovr4evr
|l| pikachulovr4evr
