|j|☆roaringmoonvicitm
|j|☆apoiguespm
|t:|1743826577
|gametype|singles
|player|p1|roaringmoonvicitm|miku-ground|1535
|player|p2|apoiguespm|101|1731
|teamsize|p1|6
|teamsize|p2|6
|gen|9
|tier|[Gen 9] OU
|rated|
|rule|HP Percentage Mod: HP is shown in percentages
|rule|Endless Battle Clause: Forcing endless battles is banned
|rule|Species Clause: Limit one of each Pokémon
|rule|OHKO Clause: OHKO moves are banned
|rule|Evasion Items Clause: Evasion items are banned
|rule|Evasion Moves Clause: Evasion moves are banned
|rule|Sleep Moves Clause: Sleep-inducing moves are banned
|clearpoke
|poke|p1|Samurott-Hisui, F|
|poke|p1|Iron Treads|
|poke|p1|Iron Valiant|
|poke|p1|Zapdos|
|poke|p1|Iron Moth|
|poke|p1|Corviknight, M|
|poke|p2|Kingambit, F|
|poke|p2|Iron Valiant|
|poke|p2|Gholdengo|
|poke|p2|Samurott-Hisui, M|
|poke|p2|Landorus-Therian, M|
|poke|p2|Iron Moth|
|teampreview
|inactive|Battle timer is ON: inactive players will automatically lose when time's up. (requested by apoiguespm)
|inactive|roaringmoonvicitm also wants the timer to be on.
|
|t:|1743826604
|start
|switch|p1a: Zapdos|Zapdos|100/100
|switch|p2a: Landorus|Landorus-Therian, M|100/100
|-ability|p2a: Landorus|Intimidate|boost
|-unboost|p1a: Zapdos|atk|1
|turn|1
|
|t:|1743826609
|move|p2a: Landorus|Stealth Rock|p1a: Zapdos
|-sidestart|p1: roaringmoonvicitm|move: Stealth Rock
|move|p1a: Zapdos|Hurricane|p2a: Landorus
|-damage|p2a: Landorus|47/100
|
|upkeep
|turn|2
|
|t:|1743826614
|switch|p2a: Gholdengo|Gholdengo, shiny|100/100
|move|p1a: Zapdos|Volt Switch|p2a: Gholdengo
|-damage|p2a: Gholdengo|66/100
|
|t:|1743826620
|switch|p1a: Samurott|Samurott-Hisui, F|100/100|[from] Volt Switch
|-damage|p1a: Samurott|88/100|[from] Stealth Rock
|
|upkeep
|turn|3
|
|t:|1743826622
|switch|p2a: Landorus|Landorus-Therian, M|47/100
|-ability|p2a: Landorus|Intimidate|boost
|-unboost|p1a: Samurott|atk|1
|move|p1a: Samurott|Ceaseless Edge|p2a: Landorus
|-damage|p2a: Landorus|5/100
|-damage|p1a: Samurott|72/100|[from] item: Rocky Helmet|[of] p2a: Landorus
|-sidestart|p2: apoiguespm|Spikes
|
|upkeep
|turn|4
|
|t:|1743826643
|switch|p2a: Gholdengo|Gholdengo, shiny|66/100
|-damage|p2a: Gholdengo|54/100|[from] Spikes
|switch|p1a: Zapdos|Zapdos|100/100
|-damage|p1a: Zapdos|75/100|[from] Stealth Rock
|
|upkeep
|turn|5
|
|t:|1743826647
|move|p2a: Gholdengo|Shadow Ball|p1a: Zapdos
|-damage|p1a: Zapdos|4/100
|-unboost|p1a: Zapdos|spd|1
|move|p1a: Zapdos|Volt Switch|p2a: Gholdengo
|-damage|p2a: Gholdengo|22/100
|
|t:|1743826655
|switch|p1a: Samurott|Samurott-Hisui, F|72/100|[from] Volt Switch
|-damage|p1a: Samurott|59/100|[from] Stealth Rock
|
|upkeep
|turn|6
|
|t:|1743826658
|move|p1a: Samurott|Ceaseless Edge|p2a: Gholdengo
|-supereffective|p2a: Gholdengo
|-damage|p2a: Gholdengo|0 fnt
|-sidestart|p2: apoiguespm|Spikes
|faint|p2a: Gholdengo
|
|upkeep
|
|t:|1743826660
|switch|p2a: Landorus|Landorus-Therian, M|5/100
|-ability|p2a: Landorus|Intimidate|boost
|-unboost|p1a: Samurott|atk|1
|turn|7
|
|t:|1743826668
|switch|p1a: Zapdos|Zapdos|4/100
|-damage|p1a: Zapdos|0 fnt|[from] Stealth Rock
|faint|p1a: Zapdos
|move|p2a: Landorus|U-turn|p1: Zapdos|[notarget]
|-fail|p2a: Landorus
|
|upkeep
|
|t:|1743826674
|switch|p1a: Iron Treads|Iron Treads|100/100
|turn|8
|
|t:|1743826677
|move|p1a: Iron Treads|Rapid Spin|p2a: Landorus
|-damage|p2a: Landorus|0 fnt
|-boost|p1a: Iron Treads|spe|1
|-damage|p1a: Iron Treads|84/100|[from] item: Rocky Helmet|[of] p2a: Landorus
|-sideend|p1: roaringmoonvicitm|Stealth Rock|[from] move: Rapid Spin|[of] p1a: Iron Treads
|faint|p2a: Landorus
|
|upkeep
|j| ASilentKingambitX
|
|t:|1743826679
|switch|p2a: Samurott|Samurott-Hisui, M, shiny|100/100
|-damage|p2a: Samurott|84/100|[from] Spikes
|turn|9
|
|t:|1743826682
|move|p1a: Iron Treads|Stealth Rock|p2a: Samurott
|-sidestart|p2: apoiguespm|move: Stealth Rock
|move|p2a: Samurott|Hydro Pump|p1a: Iron Treads
|-supereffective|p1a: Iron Treads
|-damage|p1a: Iron Treads|0 fnt
|faint|p1a: Iron Treads
|-end|p1a: Iron Treads|Quark Drive|[silent]
|
|upkeep
|
|t:|1743826687
|switch|p1a: Iron Valiant|Iron Valiant|100/100
|turn|10
|
|t:|1743826688
|move|p1a: Iron Valiant|Moonblast|p2a: Samurott
|-supereffective|p2a: Samurott
|-damage|p2a: Samurott|0 fnt
|faint|p2a: Samurott
|-damage|p1a: Iron Valiant|91/100|[from] item: Life Orb
|
|upkeep
|
|t:|1743826691
|switch|p2a: Iron Moth|Iron Moth|100/100
|-damage|p2a: Iron Moth|84/100|[from] Spikes
|-damage|p2a: Iron Moth|59/100|[from] Stealth Rock
|-enditem|p2a: Iron Moth|Booster Energy
|-activate|p2a: Iron Moth|ability: Quark Drive|[fromitem]
|-start|p2a: Iron Moth|quarkdrivespe
|turn|11
|
|t:|1743826703
|-end|p1a: Iron Valiant|Quark Drive|[silent]
|switch|p1a: Iron Moth|Iron Moth|100/100
|move|p2a: Iron Moth|Substitute|p2a: Iron Moth
|-start|p2a: Iron Moth|Substitute
|-damage|p2a: Iron Moth|34/100
|
|upkeep
|turn|12
|
|t:|1743826705
|-terastallize|p2a: Iron Moth|Ground
|move|p2a: Iron Moth|Tera Blast|p1a: Iron Moth|[anim] Tera Blast Ground
|-supereffective|p1a: Iron Moth
|-damage|p1a: Iron Moth|0 fnt
|faint|p1a: Iron Moth
|-end|p1a: Iron Moth|Quark Drive|[silent]
|
|upkeep
|
|t:|1743826728
|switch|p1a: Corviknight|Corviknight, M|100/100
|-ability|p1a: Corviknight|Pressure
|turn|13
|inactive|roaringmoonvicitm has 120 seconds left.
|inactive|roaringmoonvicitm has 90 seconds left.
|
|t:|1743826790
|-terastallize|p1a: Corviknight|Water
|move|p2a: Iron Moth|Sludge Wave|p1a: Corviknight
|-damage|p1a: Corviknight|57/100
|move|p1a: Corviknight|Brave Bird|p2a: Iron Moth
|-end|p2a: Iron Moth|Substitute
|-damage|p1a: Corviknight|50/100|[from] Recoil|[of] p2a: Iron Moth
|
|upkeep
|turn|14
|n| ASilentKingambitX|asilentkingambitx
|
|t:|1743826805
|move|p2a: Iron Moth|Substitute|p2a: Iron Moth
|-start|p2a: Iron Moth|Substitute
|-damage|p2a: Iron Moth|9/100
|move|p1a: Corviknight|Brave Bird|p2a: Iron Moth
|-end|p2a: Iron Moth|Substitute
|-damage|p1a: Corviknight|44/100|[from] Recoil|[of] p2a: Iron Moth
|
|upkeep
|turn|15
|
|t:|1743826818
|move|p2a: Iron Moth|Sludge Wave|p1a: Corviknight
|-damage|p1a: Corviknight|0 fnt
|faint|p1a: Corviknight
|
|upkeep
|
|t:|1743826824
|switch|p1a: Samurott|Samurott-Hisui, F|59/100
|turn|16
|
|t:|1743826827
|move|p1a: Samurott|Sucker Punch|p2a: Iron Moth
|-damage|p2a: Iron Moth|0 fnt
|faint|p2a: Iron Moth
|-end|p2a: Iron Moth|Quark Drive|[silent]
|
|upkeep
|
|t:|1743826829
|switch|p2a: Iron Valiant|Iron Valiant, shiny|100/100
|-damage|p2a: Iron Valiant|84/100|[from] Spikes
|-damage|p2a: Iron Valiant|78/100|[from] Stealth Rock
|-enditem|p2a: Iron Valiant|Booster Energy
|-activate|p2a: Iron Valiant|ability: Quark Drive|[fromitem]
|-start|p2a: Iron Valiant|quarkdrivespe
|turn|17
|
|t:|1743826834
|move|p1a: Samurott|Sucker Punch|p2a: Iron Valiant
|-resisted|p2a: Iron Valiant
|-damage|p2a: Iron Valiant|62/100
|move|p2a: Iron Valiant|Moonblast|p1a: Samurott
|-supereffective|p1a: Samurott
|-damage|p1a: Samurott|0 fnt
|faint|p1a: Samurott
|
|upkeep
|
|t:|1743826837
|switch|p1a: Iron Valiant|Iron Valiant|91/100
|turn|18
|
|t:|1743826841
|move|p2a: Iron Valiant|Moonblast|p1a: Iron Valiant
|-supereffective|p1a: Iron Valiant
|-crit|p1a: Iron Valiant
|-damage|p1a: Iron Valiant|0 fnt
|faint|p1a: Iron Valiant
|-end|p1a: Iron Valiant|Quark Drive|[silent]
|
|win|apoiguespm
|raw|roaringmoonvicitm's rating: 1535 &rarr; <strong>1525</strong><br />(-10 for losing)
|raw|apoiguespm's rating: 1731 &rarr; <strong>1741</strong><br />(+10 for winning)
|l|☆apoiguespm
|player|p2|
|c|☆roaringmoonvicitm|gg
|l|☆roaringmoonvicitm
|player|p1|
