|j|☆goobler34
|j|‽stormhero
|t:|1743874906
|gametype|singles
|player|p1|goobler34|petrel|1281
|player|p2|stormhero|hugh|1299
|teamsize|p1|6
|teamsize|p2|6
|gen|9
|tier|[Gen 9] OU
|rated|
|rule|HP Percentage Mod: HP is shown in percentages
|rule|Endless Battle Clause: Forcing endless battles is banned
|rule|Species Clause: Limit one of each Pokémon
|rule|OHKO Clause: OHKO moves are banned
|rule|Evasion Items Clause: Evasion items are banned
|rule|Evasion Moves Clause: Evasion moves are banned
|rule|Sleep Moves Clause: Sleep-inducing moves are banned
|clearpoke
|poke|p1|Cinderace, F|
|poke|p1|Araquanid, F|
|poke|p1|Malamar, F|
|poke|p1|Sinistcha|
|poke|p1|Bisharp, M|
|poke|p1|Klefki, F|
|poke|p2|Cinderace, F|
|poke|p2|Gholdengo|
|poke|p2|Tinkaton, F|
|poke|p2|Ogerpon-Cornerstone, F|
|poke|p2|Ting-Lu|
|poke|p2|Enamorus, F|
|teampreview
|inactive|Battle timer is ON: inactive players will automatically lose when time's up. (requested by stormhero)
|inactive|goobler34 has 120 seconds left.
|inactive|goobler34 has 90 seconds left.
|
|t:|1743875006
|start
|switch|p1a: Araquanid|Araquanid, F|100/100
|switch|p2a: Tinkaton|Tinkaton, F|100/100
|-ability|p2a: Tinkaton|Mold Breaker
|turn|1
|
|t:|1743875018
|move|p2a: Tinkaton|Knock Off|p1a: Araquanid
|-damage|p1a: Araquanid|83/100
|-enditem|p1a: Araquanid|Custap Berry|[from] move: Knock Off|[of] p2a: Tinkaton
|move|p1a: Araquanid|Sticky Web|p2a: Tinkaton
|-sidestart|p2: stormhero|move: Sticky Web
|
|upkeep
|turn|2
|
|t:|1743875035
|switch|p1a: Cinderace|Cinderace, F|100/100
|move|p2a: Tinkaton|Stealth Rock|p1a: Cinderace
|-sidestart|p1: goobler34|move: Stealth Rock
|
|upkeep
|turn|3
|
|t:|1743875051
|switch|p2a: Cinderace|Cinderace, F, shiny|100/100
|move|p1a: Cinderace|Pyro Ball|p2a: Cinderace
|-resisted|p2a: Cinderace
|-damage|p2a: Cinderace|62/100
|
|upkeep
|turn|4
|inactive|goobler34 has 120 seconds left.
|
|t:|1743875085
|move|p1a: Cinderace|Court Change|p1a: Cinderace
|-start|p1a: Cinderace|typechange|Normal|[from] ability: Libero
|-swapsideconditions
|-activate|p1a: Cinderace|move: Court Change
|move|p2a: Cinderace|U-turn|p1a: Cinderace
|-start|p2a: Cinderace|typechange|Bug|[from] ability: Libero
|-damage|p1a: Cinderace|57/100
|inactive|stormhero has 120 seconds left.
|
|t:|1743875113
|switch|p2a: Ting-Lu|Ting-Lu|100/100|[from] U-turn
|-damage|p2a: Ting-Lu|94/100|[from] Stealth Rock
|-ability|p2a: Ting-Lu|Vessel of Ruin
|
|-heal|p2a: Ting-Lu|100/100|[from] item: Leftovers
|upkeep
|turn|5
|inactive|stormhero has 120 seconds left.
|
|t:|1743875127
|move|p1a: Cinderace|U-turn|p2a: Ting-Lu
|-supereffective|p2a: Ting-Lu
|-damage|p2a: Ting-Lu|77/100
|
|t:|1743875133
|switch|p1a: Malamar|Malamar, F|100/100|[from] U-turn
|-activate|p1a: Malamar|move: Sticky Web
|-boost|p1a: Malamar|spe|1
|move|p2a: Ting-Lu|Earthquake|p1a: Malamar
|-damage|p1a: Malamar|53/100
|
|-heal|p2a: Ting-Lu|83/100|[from] item: Leftovers
|upkeep
|turn|6
|
|t:|1743875146
|-terastallize|p1a: Malamar|Fighting
|move|p1a: Malamar|Superpower|p2a: Ting-Lu
|-supereffective|p2a: Ting-Lu
|-damage|p2a: Ting-Lu|24/100
|-boost|p1a: Malamar|atk|1
|-boost|p1a: Malamar|def|1
|move|p2a: Ting-Lu|Whirlwind|p1a: Malamar
|drag|p1a: Araquanid|Araquanid, F|83/100
|-activate|p1a: Araquanid|move: Sticky Web
|-unboost|p1a: Araquanid|spe|1
|
|-heal|p2a: Ting-Lu|30/100|[from] item: Leftovers
|upkeep
|turn|7
|inactive|stormhero has 120 seconds left.
|
|t:|1743875163
|move|p2a: Ting-Lu|Spikes|p1a: Araquanid
|-sidestart|p1: goobler34|Spikes
|move|p1a: Araquanid|Liquidation|p2a: Ting-Lu
|-supereffective|p2a: Ting-Lu
|-damage|p2a: Ting-Lu|0 fnt
|faint|p2a: Ting-Lu
|
|upkeep
|inactive|stormhero has 120 seconds left.
|
|t:|1743875179
|switch|p2a: Ogerpon|Ogerpon-Cornerstone, F|100/100
|-damage|p2a: Ogerpon|88/100|[from] Stealth Rock
|turn|8
|
|t:|1743875183
|move|p2a: Ogerpon|Ivy Cudgel|p1a: Araquanid|[anim] Ivy Cudgel Rock
|-supereffective|p1a: Araquanid
|-damage|p1a: Araquanid|0 fnt
|faint|p1a: Araquanid
|
|upkeep
|
|t:|1743875196
|switch|p1a: Bisharp|Bisharp, M|100/100
|-activate|p1a: Bisharp|move: Sticky Web
|-unboost|p1a: Bisharp|spe|1
|-ability|p1a: Bisharp|Defiant|boost
|-boost|p1a: Bisharp|atk|2
|-damage|p1a: Bisharp|88/100|[from] Spikes
|turn|9
|
|t:|1743875208
|move|p2a: Ogerpon|Swords Dance|p2a: Ogerpon
|-boost|p2a: Ogerpon|atk|2
|move|p1a: Bisharp|Iron Head|p2a: Ogerpon
|-supereffective|p2a: Ogerpon
|-damage|p2a: Ogerpon|0 fnt
|faint|p2a: Ogerpon
|
|upkeep
|inactive|stormhero has 120 seconds left.
|
|t:|1743875238
|switch|p2a: Enamorus|Enamorus, F|100/100
|-damage|p2a: Enamorus|76/100|[from] Stealth Rock
|turn|10
|
|t:|1743875262
|move|p2a: Enamorus|Mystical Fire|p1a: Bisharp
|-supereffective|p1a: Bisharp
|-damage|p1a: Bisharp|39/100
|-unboost|p1a: Bisharp|spa|1
|-ability|p1a: Bisharp|Defiant|boost
|-boost|p1a: Bisharp|atk|2
|move|p1a: Bisharp|Iron Head|p2a: Enamorus
|-supereffective|p2a: Enamorus
|-damage|p2a: Enamorus|0 fnt
|-start|p1a: Bisharp|Attract|[from] ability: Cute Charm|[of] p2a: Enamorus
|faint|p2a: Enamorus
|-end|p1a: Bisharp|Attract|[silent]
|
|upkeep
|-message|stormhero forfeited.
|
|win|goobler34
|raw|goobler34's rating: 1281 &rarr; <strong>1307</strong><br />(+26 for winning)
|raw|stormhero's rating: 1299 &rarr; <strong>1273</strong><br />(-26 for losing)
|l|‽stormhero
|player|p2|
|l|☆goobler34
|player|p1|
