|j|☆Koto5blue
|j|☆sauceybake
|t:|1743835994
|gametype|singles
|player|p1|Koto5blue|1|1312
|player|p2|sauceybake|riley|1243
|teamsize|p1|6
|teamsize|p2|6
|gen|9
|tier|[Gen 9] OU
|rated|
|rule|HP Percentage Mod: HP is shown in percentages
|rule|Endless Battle Clause: Forcing endless battles is banned
|rule|Species Clause: Limit one of each Pokémon
|rule|OHKO Clause: OHKO moves are banned
|rule|Evasion Items Clause: Evasion items are banned
|rule|Evasion Moves Clause: Evasion moves are banned
|rule|Sleep Moves Clause: Sleep-inducing moves are banned
|clearpoke
|poke|p1|Empoleon, F|
|poke|p1|Latias, F|
|poke|p1|Dragonite, M|
|poke|p1|Scizor, M|
|poke|p1|Grimmsnarl, M|
|poke|p1|Ninetales-Alola, F|
|poke|p2|Sableye, M|
|poke|p2|Sneasel, M|
|poke|p2|Wooper, M|
|poke|p2|Clodsire, F|
|poke|p2|Araquanid, M|
|poke|p2|Lokix, M|
|teampreview
|
|t:|1743836010
|start
|switch|p1a: Grimmsnarl|Grimmsnarl, M|100/100
|switch|p2a: Lokix|Lokix, M|100/100
|turn|1
|
|t:|1743836016
|move|p2a: Lokix|First Impression|p1a: Grimmsnarl
|-damage|p1a: Grimmsnarl|31/100
|move|p1a: Grimmsnarl|Reflect|p1a: Grimmsnarl
|-sidestart|p1: Koto5blue|Reflect
|
|upkeep
|turn|2
|
|t:|1743836028
|move|p1a: Grimmsnarl|Light Screen|p1a: Grimmsnarl
|-sidestart|p1: Koto5blue|move: Light Screen
|move|p2a: Lokix|Leech Life|p1a: Grimmsnarl
|-damage|p1a: Grimmsnarl|4/100
|
|upkeep
|turn|3
|
|t:|1743836040
|switch|p2a: Sneasel|Sneasel, M|100/100
|switch|p1a: Scizor|Scizor, M|100/100
|
|upkeep
|turn|4
|
|t:|1743836044
|move|p2a: Sneasel|Fake Out|p1a: Scizor
|-resisted|p1a: Scizor
|-damage|p1a: Scizor|97/100
|cant|p1a: Scizor|flinch
|
|upkeep
|turn|5
|
|t:|1743836056
|move|p2a: Sneasel|Knock Off|p1a: Scizor
|-damage|p1a: Scizor|72/100
|-enditem|p1a: Scizor|Heavy-Duty Boots|[from] move: Knock Off|[of] p2a: Sneasel
|move|p1a: Scizor|U-turn|p2a: Sneasel
|-supereffective|p2a: Sneasel
|-damage|p2a: Sneasel|0 fnt
|faint|p2a: Sneasel
|
|t:|1743836066
|switch|p1a: Empoleon|Empoleon, F|100/100|[from] U-turn
|
|upkeep
|
|t:|1743836076
|switch|p2a: Araquanid|Araquanid, M|100/100
|turn|6
|
|t:|1743836080
|move|p1a: Empoleon|Agility|p1a: Empoleon
|-boost|p1a: Empoleon|spe|2
|move|p2a: Araquanid|Sticky Web|p1a: Empoleon
|-sidestart|p1: Koto5blue|move: Sticky Web
|
|upkeep
|turn|7
|
|t:|1743836087
|switch|p1a: Scizor|Scizor, M|72/100
|-activate|p1a: Scizor|move: Sticky Web
|-unboost|p1a: Scizor|spe|1
|move|p2a: Araquanid|Liquidation|p1a: Scizor
|-crit|p1a: Scizor
|-damage|p1a: Scizor|0 fnt
|faint|p1a: Scizor
|
|upkeep
|
|t:|1743836091
|switch|p1a: Empoleon|Empoleon, F|100/100
|-activate|p1a: Empoleon|move: Sticky Web
|-unboost|p1a: Empoleon|spe|1
|-ability|p1a: Empoleon|Competitive|boost
|-boost|p1a: Empoleon|spa|2
|turn|8
|
|t:|1743836103
|switch|p2a: Sableye|Sableye, M|100/100
|move|p1a: Empoleon|Agility|p1a: Empoleon
|-boost|p1a: Empoleon|spe|2
|
|-sideend|p1: Koto5blue|Reflect
|upkeep
|turn|9
|
|t:|1743836108
|move|p2a: Sableye|Encore|p1a: Empoleon
|-start|p1a: Empoleon|Encore
|move|p1a: Empoleon|Agility|p1a: Empoleon
|-boost|p1a: Empoleon|spe|2
|
|-sideend|p1: Koto5blue|move: Light Screen
|upkeep
|turn|10
|
|t:|1743836112
|move|p1a: Empoleon|Agility|p1a: Empoleon
|-boost|p1a: Empoleon|spe|2
|move|p2a: Sableye|Knock Off|p1a: Empoleon
|-damage|p1a: Empoleon|69/100
|-enditem|p1a: Empoleon|Weakness Policy|[from] move: Knock Off|[of] p2a: Sableye
|
|upkeep
|turn|11
|
|t:|1743836119
|switch|p1a: Ninetales|Ninetales-Alola, F|100/100
|-activate|p1a: Ninetales|move: Sticky Web
|-unboost|p1a: Ninetales|spe|1
|-weather|Snowscape|[from] ability: Snow Warning|[of] p1a: Ninetales
|move|p2a: Sableye|Will-O-Wisp|p1a: Ninetales
|-status|p1a: Ninetales|brn
|
|-weather|Snowscape|[upkeep]
|-damage|p1a: Ninetales|94/100 brn|[from] brn
|upkeep
|turn|12
|
|t:|1743836124
|move|p1a: Ninetales|Aurora Veil|p1a: Ninetales
|-sidestart|p1: Koto5blue|move: Aurora Veil
|move|p2a: Sableye|Knock Off|p1a: Ninetales
|-resisted|p1a: Ninetales
|-damage|p1a: Ninetales|90/100 brn
|-enditem|p1a: Ninetales|Light Clay|[from] move: Knock Off|[of] p2a: Sableye
|
|-weather|Snowscape|[upkeep]
|-damage|p1a: Ninetales|84/100 brn|[from] brn
|upkeep
|turn|13
|
|t:|1743836130
|switch|p1a: Latias|Latias, F|100/100
|move|p2a: Sableye|Encore||[still]
|-fail|p2a: Sableye
|
|-weather|Snowscape|[upkeep]
|upkeep
|turn|14
|
|t:|1743836136
|move|p1a: Latias|Aura Sphere|p2a: Sableye
|-immune|p2a: Sableye
|move|p2a: Sableye|Knock Off|p1a: Latias
|-supereffective|p1a: Latias
|-damage|p1a: Latias|82/100
|-enditem|p1a: Latias|Weakness Policy
|-boost|p1a: Latias|atk|2|[from] item: Weakness Policy
|-boost|p1a: Latias|spa|2|[from] item: Weakness Policy
|
|-weather|Snowscape|[upkeep]
|upkeep
|turn|15
|
|t:|1743836147
|switch|p1a: Empoleon|Empoleon, F|69/100
|-activate|p1a: Empoleon|move: Sticky Web
|-unboost|p1a: Empoleon|spe|1
|-ability|p1a: Empoleon|Competitive|boost
|-boost|p1a: Empoleon|spa|2
|move|p2a: Sableye|Encore||[still]
|-fail|p2a: Sableye
|
|-weather|none
|upkeep
|turn|16
|
|t:|1743836156
|switch|p2a: Araquanid|Araquanid, M|100/100
|move|p1a: Empoleon|Flash Cannon|p2a: Araquanid
|-resisted|p2a: Araquanid
|-damage|p2a: Araquanid|66/100
|
|upkeep
|turn|17
|
|t:|1743836163
|move|p1a: Empoleon|Agility|p1a: Empoleon
|-boost|p1a: Empoleon|spe|2
|move|p2a: Araquanid|Liquidation|p1a: Empoleon
|-resisted|p1a: Empoleon
|-damage|p1a: Empoleon|53/100
|
|upkeep
|turn|18
|
|t:|1743836168
|move|p1a: Empoleon|Flash Cannon|p2a: Araquanid
|-resisted|p2a: Araquanid
|-damage|p2a: Araquanid|33/100
|move|p2a: Araquanid|Liquidation|p1a: Empoleon
|-resisted|p1a: Empoleon
|-damage|p1a: Empoleon|33/100
|
|upkeep
|turn|19
|
|t:|1743836172
|move|p1a: Empoleon|Flash Cannon|p2a: Araquanid
|-resisted|p2a: Araquanid
|-crit|p2a: Araquanid
|-damage|p2a: Araquanid|0 fnt
|faint|p2a: Araquanid
|
|-sideend|p1: Koto5blue|move: Aurora Veil
|upkeep
|
|t:|1743836178
|switch|p2a: Clodsire|Clodsire, F, shiny|100/100
|turn|20
|
|t:|1743836184
|move|p2a: Clodsire|Protect|p2a: Clodsire
|-singleturn|p2a: Clodsire|Protect
|move|p1a: Empoleon|Ice Beam|p2a: Clodsire
|-activate|p2a: Clodsire|move: Protect
|
|upkeep
|turn|21
|
|t:|1743836190
|move|p1a: Empoleon|Ice Beam|p2a: Clodsire
|-supereffective|p2a: Clodsire
|-damage|p2a: Clodsire|65/100
|move|p2a: Clodsire|Earthquake|p1a: Empoleon
|-supereffective|p1a: Empoleon
|-damage|p1a: Empoleon|0 fnt
|faint|p1a: Empoleon
|
|-heal|p2a: Clodsire|71/100|[from] item: Leftovers
|upkeep
|
|t:|1743836200
|switch|p1a: Grimmsnarl|Grimmsnarl, M|4/100
|-activate|p1a: Grimmsnarl|move: Sticky Web
|-unboost|p1a: Grimmsnarl|spe|1
|turn|22
|
|t:|1743836207
|move|p1a: Grimmsnarl|Reflect|p1a: Grimmsnarl
|-sidestart|p1: Koto5blue|Reflect
|move|p2a: Clodsire|Toxic|p1a: Grimmsnarl
|-status|p1a: Grimmsnarl|tox
|
|-heal|p2a: Clodsire|78/100|[from] item: Leftovers
|-damage|p1a: Grimmsnarl|0 fnt|[from] psn
|faint|p1a: Grimmsnarl
|upkeep
|
|t:|1743836214
|switch|p1a: Dragonite|Dragonite, M|100/100
|turn|23
|
|t:|1743836219
|move|p1a: Dragonite|Ice Spinner|p2a: Clodsire
|-supereffective|p2a: Clodsire
|-damage|p2a: Clodsire|10/100
|move|p2a: Clodsire|Toxic|p1a: Dragonite
|-status|p1a: Dragonite|tox
|
|-heal|p2a: Clodsire|16/100|[from] item: Leftovers
|-damage|p1a: Dragonite|94/100 tox|[from] psn
|upkeep
|turn|24
|
|t:|1743836224
|move|p2a: Clodsire|Protect|p2a: Clodsire
|-singleturn|p2a: Clodsire|Protect
|move|p1a: Dragonite|Dragon Dance|p1a: Dragonite
|-boost|p1a: Dragonite|atk|1
|-boost|p1a: Dragonite|spe|1
|
|-heal|p2a: Clodsire|22/100|[from] item: Leftovers
|-damage|p1a: Dragonite|82/100 tox|[from] psn
|upkeep
|turn|25
|
|t:|1743836237
|move|p2a: Clodsire|Protect||[still]
|-fail|p2a: Clodsire
|move|p1a: Dragonite|Ice Spinner|p2a: Clodsire
|-supereffective|p2a: Clodsire
|-damage|p2a: Clodsire|0 fnt
|faint|p2a: Clodsire
|
|-damage|p1a: Dragonite|63/100 tox|[from] psn
|upkeep
|
|t:|1743836244
|switch|p2a: Wooper|Wooper, M|100/100
|turn|26
|
|t:|1743836251
|-terastallize|p1a: Dragonite|Normal
|move|p2a: Wooper|Protect|p2a: Wooper
|-singleturn|p2a: Wooper|Protect
|move|p1a: Dragonite|Extreme Speed|p2a: Wooper
|-activate|p2a: Wooper|move: Protect
|
|-damage|p1a: Dragonite|39/100 tox|[from] psn
|upkeep
|turn|27
|
|t:|1743836258
|move|p1a: Dragonite|Aerial Ace|p2a: Wooper
|-damage|p2a: Wooper|73/100
|move|p2a: Wooper|Counter|p1a: Dragonite
|-damage|p1a: Dragonite|0 fnt
|faint|p1a: Dragonite
|
|upkeep
|-message|Koto5blue forfeited.
|
|win|sauceybake
|raw|Koto5blue's rating: 1312 &rarr; <strong>1288</strong><br />(-24 for losing)
|raw|sauceybake's rating: 1243 &rarr; <strong>1273</strong><br />(+30 for winning)
|l|☆Koto5blue
|player|p1|
