|j|☆Lug1aBoi64
|j|☆yjys
|t:|1743937094
|gametype|singles
|player|p1|Lug1aBoi64|lusamine-nihilego|1040
|player|p2|yjys|169|1123
|teamsize|p1|6
|teamsize|p2|6
|gen|9
|tier|[Gen 9] OU
|rated|
|rule|HP Percentage Mod: HP is shown in percentages
|rule|Endless Battle Clause: Forcing endless battles is banned
|rule|Species Clause: Limit one of each Pokémon
|rule|OHKO Clause: OHKO moves are banned
|rule|Evasion Items Clause: Evasion items are banned
|rule|Evasion Moves Clause: Evasion moves are banned
|rule|Sleep Moves Clause: Sleep-inducing moves are banned
|clearpoke
|poke|p1|Tyranitar, M|
|poke|p1|Excadrill, M|
|poke|p1|Dragapult, F|
|poke|p1|Hydrapple, F|
|poke|p1|Corviknight, M|
|poke|p1|Alomomola, F|
|poke|p2|Iron Valiant|
|poke|p2|Landorus-Therian, M|
|poke|p2|Slowking-Galar, F|
|poke|p2|Iron Moth|
|poke|p2|Scizor, F|
|poke|p2|Maushold-Four|
|teampreview
|c|☆Lug1aBoi64|glhf
|inactive|Battle timer is ON: inactive players will automatically lose when time's up. (requested by Lug1aBoi64)
|c|☆yjys|nihao
|c|☆yjys|hello
|
|t:|1743937108
|start
|switch|p1a: The Revenge|Tyranitar, M|100/100
|switch|p2a: Iron Valiant|Iron Valiant, shiny|100/100
|-weather|Sandstorm|[from] ability: Sand Stream|[of] p1a: The Revenge
|-enditem|p2a: Iron Valiant|Booster Energy
|-activate|p2a: Iron Valiant|ability: Quark Drive|[fromitem]
|-start|p2a: Iron Valiant|quarkdrivespe
|turn|1
|inactive|Lug1aBoi64 has 120 seconds left.
|j| Cold07
|
|t:|1743937141
|switch|p1a: Skarmory but cool|Corviknight, M|100/100
|-ability|p1a: Skarmory but cool|Pressure
|move|p2a: Iron Valiant|Close Combat|p1a: Skarmory but cool
|-damage|p1a: Skarmory but cool|64/100
|-unboost|p2a: Iron Valiant|def|1
|-unboost|p2a: Iron Valiant|spd|1
|-damage|p2a: Iron Valiant|84/100|[from] item: Rocky Helmet|[of] p1a: Skarmory but cool
|
|-weather|Sandstorm|[upkeep]
|-damage|p2a: Iron Valiant|78/100|[from] Sandstorm
|upkeep
|turn|2
|
|t:|1743937164
|-end|p2a: Iron Valiant|Quark Drive|[silent]
|switch|p2a: Landorus|Landorus-Therian, M|100/100
|-ability|p2a: Landorus|Intimidate|boost
|-unboost|p1a: Skarmory but cool|atk|1
|move|p1a: Skarmory but cool|U-turn|p2a: Landorus
|-resisted|p2a: Landorus
|-damage|p2a: Landorus|97/100
|-damage|p1a: Skarmory but cool|48/100|[from] item: Rocky Helmet|[of] p2a: Landorus
|inactive|Lug1aBoi64 has 120 seconds left.
|
|t:|1743937190
|switch|p1a: Insert Touhou joke|Hydrapple, F|100/100|[from] U-turn
|
|-weather|Sandstorm|[upkeep]
|-damage|p1a: Insert Touhou joke|94/100|[from] Sandstorm
|upkeep
|turn|3
|
|t:|1743937200
|move|p2a: Landorus|Stealth Rock|p1a: Insert Touhou joke
|-sidestart|p1: Lug1aBoi64|move: Stealth Rock
|move|p1a: Insert Touhou joke|Giga Drain|p2a: Landorus
|-damage|p2a: Landorus|54/100
|-heal|p1a: Insert Touhou joke|100/100|[from] drain|[of] p2a: Landorus
|
|-weather|Sandstorm|[upkeep]
|-damage|p1a: Insert Touhou joke|94/100|[from] Sandstorm
|upkeep
|turn|4
|j| EverProtect
|
|t:|1743937207
|move|p2a: Landorus|U-turn|p1a: Insert Touhou joke
|-supereffective|p1a: Insert Touhou joke
|-crit|p1a: Insert Touhou joke
|-damage|p1a: Insert Touhou joke|41/100
|c|☆Lug1aBoi64|fickle beam needs an animation tho
|
|t:|1743937216
|switch|p2a: Maushold|Maushold-Four|100/100|[from] U-turn
|move|p1a: Insert Touhou joke|Fickle Beam|p2a: Maushold
|-damage|p2a: Maushold|37/100
|
|-weather|Sandstorm|[upkeep]
|-damage|p2a: Maushold|31/100|[from] Sandstorm
|-damage|p1a: Insert Touhou joke|35/100|[from] Sandstorm
|upkeep
|turn|5
|
|t:|1743937226
|switch|p1a: Skarmory but cool|Corviknight, M|48/100
|-damage|p1a: Skarmory but cool|35/100|[from] Stealth Rock
|-ability|p1a: Skarmory but cool|Pressure
|move|p2a: Maushold|Population Bomb|p1a: Skarmory but cool
|-resisted|p1a: Skarmory but cool
|-damage|p1a: Skarmory but cool|31/100
|-damage|p2a: Maushold|14/100|[from] item: Rocky Helmet|[of] p1a: Skarmory but cool
|-resisted|p1a: Skarmory but cool
|-damage|p1a: Skarmory but cool|26/100
|-damage|p2a: Maushold|0 fnt|[from] item: Rocky Helmet|[of] p1a: Skarmory but cool
|faint|p2a: Maushold
|-hitcount|p1a: Skarmory but cool|2
|
|-weather|Sandstorm|[upkeep]
|upkeep
|j| 100 bands in my
|c|☆yjys|haha
|
|t:|1743937240
|switch|p2a: Iron Moth|Iron Moth, shiny|100/100
|turn|6
|c|☆Lug1aBoi64|maushold when rocky helmet:
|
|t:|1743937253
|switch|p1a: I'm in your walls|Dragapult, F|100/100
|move|p2a: Iron Moth|Energy Ball|p1a: I'm in your walls
|-resisted|p1a: I'm in your walls
|-damage|p1a: I'm in your walls|79/100
|
|-weather|Sandstorm|[upkeep]
|-damage|p1a: I'm in your walls|73/100|[from] Sandstorm
|-damage|p2a: Iron Moth|95/100|[from] Sandstorm
|-heal|p2a: Iron Moth|100/100|[from] item: Leftovers
|upkeep
|turn|7
|
|t:|1743937263
|move|p1a: I'm in your walls|Draco Meteor|p2a: Iron Moth
|-damage|p2a: Iron Moth|38/100
|-unboost|p1a: I'm in your walls|spa|2
|move|p2a: Iron Moth|Fiery Dance|p1a: I'm in your walls
|-resisted|p1a: I'm in your walls
|-damage|p1a: I'm in your walls|43/100
|-boost|p2a: Iron Moth|spa|1
|
|-weather|Sandstorm|[upkeep]
|-damage|p1a: I'm in your walls|37/100|[from] Sandstorm
|-damage|p2a: Iron Moth|32/100|[from] Sandstorm
|-heal|p2a: Iron Moth|38/100|[from] item: Leftovers
|upkeep
|turn|8
|
|t:|1743937275
|move|p1a: I'm in your walls|U-turn|p2a: Iron Moth
|-resisted|p2a: Iron Moth
|-damage|p2a: Iron Moth|32/100
|
|t:|1743937278
|switch|p1a: The Revenge|Tyranitar, M|100/100|[from] U-turn
|-damage|p1a: The Revenge|88/100|[from] Stealth Rock
|move|p2a: Iron Moth|Morning Sun|p2a: Iron Moth
|-heal|p2a: Iron Moth|57/100
|
|-weather|none
|-heal|p2a: Iron Moth|63/100|[from] item: Leftovers
|upkeep
|turn|9
|
|t:|1743937289
|-terastallize|p1a: The Revenge|Flying
|move|p2a: Iron Moth|Fiery Dance|p1a: The Revenge
|-damage|p1a: The Revenge|24/100
|move|p1a: The Revenge|Knock Off|p2a: Iron Moth
|-damage|p2a: Iron Moth|0 fnt
|-enditem|p2a: Iron Moth|Leftovers|[from] move: Knock Off|[of] p1a: The Revenge
|faint|p2a: Iron Moth
|-end|p2a: Iron Moth|Quark Drive|[silent]
|
|upkeep
|
|t:|1743937298
|switch|p2a: Scizor|Scizor, F, shiny|100/100
|turn|10
|
|t:|1743937303
|switch|p1a: Healfodder (lol)|Alomomola, F|100/100
|-damage|p1a: Healfodder (lol)|88/100|[from] Stealth Rock
|-terastallize|p2a: Scizor|Steel
|move|p2a: Scizor|Bullet Punch|p1a: Healfodder (lol)
|-resisted|p1a: Healfodder (lol)
|-damage|p1a: Healfodder (lol)|74/100
|-damage|p2a: Scizor|84/100|[from] item: Rocky Helmet|[of] p1a: Healfodder (lol)
|
|-heal|p2a: Scizor|90/100|[from] item: Leftovers
|upkeep
|turn|11
|
|t:|1743937315
|move|p2a: Scizor|U-turn|p1a: Healfodder (lol)
|-damage|p1a: Healfodder (lol)|48/100
|-damage|p2a: Scizor|73/100|[from] item: Rocky Helmet|[of] p1a: Healfodder (lol)
|
|t:|1743937320
|switch|p2a: Slowking|Slowking-Galar, F|100/100|[from] U-turn
|move|p1a: Healfodder (lol)|Wish|p1a: Healfodder (lol)
|
|upkeep
|turn|12
|
|t:|1743937325
|move|p1a: Healfodder (lol)|Flip Turn|p2a: Slowking
|-damage|p2a: Slowking|85/100
|
|t:|1743937328
|switch|p1a: The Revenge|Tyranitar, M, tera:Flying|24/100|[from] Flip Turn
|-damage|p1a: The Revenge|0 fnt|[from] Stealth Rock
|faint|p1a: The Revenge
|move|p2a: Slowking|Toxic|p1: The Revenge|[notarget]
|-fail|p2a: Slowking
|
|-heal|p2a: Slowking|91/100|[from] item: Black Sludge
|upkeep
|c| Cold07|lol
|c|☆Lug1aBoi64|i forgor
|c|☆yjys|amzing
|c| Cold07|ur cooked fr
|c|☆Lug1aBoi64|:skull emoji:
|
|t:|1743937353
|switch|p1a: It's Drillin Time|Excadrill, M|100/100
|-damage|p1a: It's Drillin Time|97/100|[from] Stealth Rock
|-item|p1a: It's Drillin Time|Air Balloon
|turn|13
|
|t:|1743937362
|move|p1a: It's Drillin Time|Rapid Spin|p2a: Slowking
|-damage|p2a: Slowking|71/100
|-boost|p1a: It's Drillin Time|spe|1
|-sideend|p1: Lug1aBoi64|Stealth Rock|[from] move: Rapid Spin|[of] p1a: It's Drillin Time
|move|p2a: Slowking|Chilling Water|p1a: It's Drillin Time
|-supereffective|p1a: It's Drillin Time
|-damage|p1a: It's Drillin Time|64/100
|-unboost|p1a: It's Drillin Time|atk|1
|-enditem|p1a: It's Drillin Time|Air Balloon
|
|-heal|p2a: Slowking|77/100|[from] item: Black Sludge
|upkeep
|turn|14
|c|☆Lug1aBoi64|It's drillin' time
|
|t:|1743937373
|move|p1a: It's Drillin Time|Earthquake|p2a: Slowking
|-supereffective|p2a: Slowking
|-damage|p2a: Slowking|0 fnt
|faint|p2a: Slowking
|
|upkeep
|c| Cold07|chillin?
|
|t:|1743937379
|switch|p2a: Iron Valiant|Iron Valiant, shiny|78/100
|turn|15
|c|☆Lug1aBoi64|no
|c|☆Lug1aBoi64|drillin
|
|t:|1743937383
|move|p1a: It's Drillin Time|Iron Head|p2a: Iron Valiant
|-supereffective|p2a: Iron Valiant
|-damage|p2a: Iron Valiant|3/100
|move|p2a: Iron Valiant|Close Combat|p1a: It's Drillin Time
|-supereffective|p1a: It's Drillin Time
|-damage|p1a: It's Drillin Time|0 fnt
|-unboost|p2a: Iron Valiant|def|1
|-unboost|p2a: Iron Valiant|spd|1
|faint|p1a: It's Drillin Time
|
|upkeep
|c| Cold07|missing scald
|c|☆Lug1aBoi64|fuck
|c| EverProtect|oof
|
|t:|1743937394
|switch|p1a: Healfodder (lol)|Alomomola, F|81/100
|turn|16
|c| EverProtect|that attk drop was all
|c| Cold07|chillin cooked
|
|t:|1743937404
|move|p2a: Iron Valiant|Energy Ball|p1a: Healfodder (lol)
|-supereffective|p1a: Healfodder (lol)
|-damage|p1a: Healfodder (lol)|30/100
|move|p1a: Healfodder (lol)|Wish|p1a: Healfodder (lol)
|
|upkeep
|turn|17
|c| EverProtect|eball??
|c|☆Lug1aBoi64|did not see that coming
|
|t:|1743937417
|switch|p1a: I'm in your walls|Dragapult, F|37/100
|move|p2a: Iron Valiant|Moonblast|p1a: I'm in your walls
|-supereffective|p1a: I'm in your walls
|-damage|p1a: I'm in your walls|0 fnt
|faint|p1a: I'm in your walls
|
|upkeep
|c| EverProtect|how does that get it
|c|☆Lug1aBoi64|did not see that coming either
|c| EverProtect|also lol
|
|t:|1743937428
|switch|p1a: Skarmory but cool|Corviknight, M|26/100
|-ability|p1a: Skarmory but cool|Pressure
|turn|18
|c| Cold07|u gettin boiled
|c| EverProtect|this might win
|
|t:|1743937436
|move|p2a: Iron Valiant|Moonblast|p1a: Skarmory but cool
|-resisted|p1a: Skarmory but cool
|-crit|p1a: Skarmory but cool
|-damage|p1a: Skarmory but cool|0 fnt
|faint|p1a: Skarmory but cool
|
|upkeep
|c| EverProtect|oof
|c|☆Lug1aBoi64|rng moment:
|c| Cold07|252 SpA Iron Valiant Moonblast (95 BP) vs. 248 HP / 8 SpD Corviknight: 84-99 (21 - 24.8%) -- guaranteed 5HKO
|c| Cold07|mattered
|c| EverProtect|ur cooked
|
|t:|1743937450
|switch|p1a: Insert Touhou joke|Hydrapple, F|68/100
|turn|19
|
|t:|1743937457
|switch|p1a: Healfodder (lol)|Alomomola, F|63/100
|move|p2a: Iron Valiant|Moonblast|p1a: Healfodder (lol)
|-damage|p1a: Healfodder (lol)|21/100
|
|upkeep
|turn|20
|c| Cold07|mattered
|c| EverProtect|val won him the match
|c|☆Lug1aBoi64|gg
|l| EverProtect
|c|☆yjys|miss
|c|☆yjys|meibe
|c|☆yjys|maybe
|c|☆Lug1aBoi64|this is why iron valiant is my favourite pokemon
|inactive|Lug1aBoi64 has 120 seconds left.
|c|☆yjys|me too
|c|☆Lug1aBoi64|moonblast and energy ball have 100% accuracy
|c|☆Lug1aBoi64|favourite in OU
|c|☆yjys|yeah
|c|☆Lug1aBoi64|Out of all pokemon to use in ou ival is my favourite
|c|☆Lug1aBoi64|gg
|
|t:|1743937512
|move|p1a: Healfodder (lol)|Protect|p1a: Healfodder (lol)
|-singleturn|p1a: Healfodder (lol)|Protect
|move|p2a: Iron Valiant|Moonblast|p1a: Healfodder (lol)
|-activate|p1a: Healfodder (lol)|move: Protect
|
|upkeep
|turn|21
|
|t:|1743937518
|move|p2a: Iron Valiant|Moonblast|p1a: Healfodder (lol)
|-damage|p1a: Healfodder (lol)|0 fnt
|faint|p1a: Healfodder (lol)
|
|upkeep
|
|t:|1743937521
|switch|p1a: Insert Touhou joke|Hydrapple, F|100/100
|turn|22
|
|t:|1743937525
|move|p2a: Iron Valiant|Moonblast|p1a: Insert Touhou joke
|-supereffective|p1a: Insert Touhou joke
|-damage|p1a: Insert Touhou joke|11/100
|move|p1a: Insert Touhou joke|Giga Drain|p2a: Iron Valiant
|-damage|p2a: Iron Valiant|0 fnt
|-heal|p1a: Insert Touhou joke|11/100|[from] drain|[of] p2a: Iron Valiant
|faint|p2a: Iron Valiant
|-end|p2a: Iron Valiant|Quark Drive|[silent]
|
|upkeep
|c|☆yjys|oo
|
|t:|1743937533
|switch|p2a: Scizor|Scizor, F, shiny, tera:Steel|73/100
|turn|23
|
|t:|1743937537
|move|p2a: Scizor|Bullet Punch|p1a: Insert Touhou joke
|-damage|p1a: Insert Touhou joke|0 fnt
|faint|p1a: Insert Touhou joke
|
|win|yjys
|raw|Lug1aBoi64's rating: 1040 &rarr; <strong>1028</strong><br />(-12 for losing)
|raw|yjys's rating: 1123 &rarr; <strong>1142</strong><br />(+19 for winning)
|l|☆Lug1aBoi64
|player|p1|
|l| Cold07
|c|☆yjys|hf
