|j|☆Kishon234
|j|☆Power5121
|t:|1743826035
|gametype|singles
|player|p1|Kishon234|101|1171
|player|p2|Power5121|zinnia|1149
|teamsize|p1|6
|teamsize|p2|6
|gen|9
|tier|[Gen 9] OU
|rated|
|rule|HP Percentage Mod: HP is shown in percentages
|rule|Endless Battle Clause: Forcing endless battles is banned
|rule|Species Clause: Limit one of each Pokémon
|rule|OHKO Clause: OHKO moves are banned
|rule|Evasion Items Clause: Evasion items are banned
|rule|Evasion Moves Clause: Evasion moves are banned
|rule|Sleep Moves Clause: Sleep-inducing moves are banned
|clearpoke
|poke|p1|Iron Boulder|
|poke|p1|Garchomp, F|
|poke|p1|Corviknight, F|
|poke|p1|Raging Bolt|
|poke|p1|Hoopa-Unbound|
|poke|p1|Slowking-Galar, M|
|poke|p2|Toxapex, F|
|poke|p2|Sinistcha-Masterpiece|
|poke|p2|Mandibuzz, F|
|poke|p2|Grimmsnarl, M|
|poke|p2|Dragonite, F|
|poke|p2|Articuno-Galar|
|teampreview
|inactive|Battle timer is ON: inactive players will automatically lose when time's up. (requested by Power5121)
|
|t:|1743826057
|start
|switch|p1a: Slowking|Slowking-Galar, M|100/100
|switch|p2a: Articuno|Articuno-Galar|100/100
|turn|1
|
|t:|1743826061
|move|p2a: Articuno|Future Sight|p1a: Slowking
|-start|p2a: Articuno|move: Future Sight
|move|p1a: Slowking|Ice Beam|p2a: Articuno
|-supereffective|p2a: Articuno
|-damage|p2a: Articuno|46/100
|
|upkeep
|turn|2
|
|t:|1743826067
|move|p2a: Articuno|Recover|p2a: Articuno
|-heal|p2a: Articuno|96/100
|move|p1a: Slowking|Ice Beam|p2a: Articuno
|-supereffective|p2a: Articuno
|-damage|p2a: Articuno|40/100
|
|upkeep
|turn|3
|
|t:|1743826073
|move|p2a: Articuno|U-turn|p1a: Slowking
|-damage|p1a: Slowking|88/100
|
|t:|1743826076
|switch|p2a: Toxapex|Toxapex, F|100/100|[from] U-turn
|move|p1a: Slowking|Ice Beam|p2a: Toxapex
|-resisted|p2a: Toxapex
|-damage|p2a: Toxapex|87/100
|
|-end|p1a: Slowking|move: Future Sight
|-damage|p1a: Slowking|51/100
|-heal|p2a: Toxapex|94/100|[from] item: Leftovers
|upkeep
|turn|4
|
|t:|1743826086
|move|p2a: Toxapex|Toxic Spikes|p1a: Slowking
|-sidestart|p1: Kishon234|move: Toxic Spikes
|move|p1a: Slowking|Psyshock|p2a: Toxapex
|-supereffective|p2a: Toxapex
|-damage|p2a: Toxapex|44/100
|
|-heal|p2a: Toxapex|50/100|[from] item: Leftovers
|upkeep
|turn|5
|
|t:|1743826093
|switch|p2a: Grimmsnarl|Grimmsnarl, M|100/100
|move|p1a: Slowking|Psyshock|p2a: Grimmsnarl
|-immune|p2a: Grimmsnarl
|
|upkeep
|turn|6
|
|t:|1743826098
|move|p2a: Grimmsnarl|False Surrender|p1a: Slowking
|-supereffective|p1a: Slowking
|-damage|p1a: Slowking|0 fnt
|faint|p1a: Slowking
|
|upkeep
|
|t:|1743826109
|switch|p1a: Corviknight|Corviknight, F|100/100
|-ability|p1a: Corviknight|Pressure
|turn|7
|
|t:|1743826115
|switch|p2a: Articuno|Articuno-Galar|40/100
|move|p1a: Corviknight|Defog|p2a: Articuno
|-unboost|p2a: Articuno|evasion|1
|-ability|p2a: Articuno|Competitive|boost
|-boost|p2a: Articuno|spa|2
|-sideend|p1: Kishon234|Toxic Spikes|[from] move: Defog|[of] p1a: Corviknight
|
|upkeep
|turn|8
|
|t:|1743826128
|move|p2a: Articuno|Recover|p2a: Articuno
|-heal|p2a: Articuno|90/100
|move|p1a: Corviknight|U-turn|p2a: Articuno
|-damage|p2a: Articuno|76/100
|
|t:|1743826136
|switch|p1a: Iron Boulder|Iron Boulder|100/100|[from] U-turn
|
|upkeep
|turn|9
|
|t:|1743826146
|switch|p2a: Toxapex|Toxapex, F|84/100
|move|p1a: Iron Boulder|Mighty Cleave|p2a: Toxapex
|-damage|p2a: Toxapex|45/100
|
|-heal|p2a: Toxapex|51/100|[from] item: Leftovers
|upkeep
|turn|10
|
|t:|1743826169
|-end|p1a: Iron Boulder|Quark Drive|[silent]
|switch|p1a: Corviknight|Corviknight, F|100/100
|-ability|p1a: Corviknight|Pressure
|move|p2a: Toxapex|Baneful Bunker||[still]
|-fail|p2a: Toxapex
|
|-heal|p2a: Toxapex|57/100|[from] item: Leftovers
|upkeep
|turn|11
|
|t:|1743826172
|move|p1a: Corviknight|U-turn|p2a: Toxapex
|-resisted|p2a: Toxapex
|-damage|p2a: Toxapex|52/100
|
|t:|1743826197
|switch|p1a: Hoopa|Hoopa-Unbound|100/100|[from] U-turn
|move|p2a: Toxapex|Toxic Spikes|p1a: Hoopa
|-sidestart|p1: Kishon234|move: Toxic Spikes
|
|-heal|p2a: Toxapex|59/100|[from] item: Leftovers
|upkeep
|turn|12
|
|t:|1743826205
|switch|p2a: Grimmsnarl|Grimmsnarl, M|100/100
|move|p1a: Hoopa|Psychic|p2a: Grimmsnarl
|-immune|p2a: Grimmsnarl
|
|upkeep
|turn|13
|inactive|Kishon234 has 120 seconds left.
|
|t:|1743826232
|switch|p1a: Corviknight|Corviknight, F|100/100
|-ability|p1a: Corviknight|Pressure
|move|p2a: Grimmsnarl|False Surrender|p1a: Corviknight
|-damage|p1a: Corviknight|77/100
|
|-heal|p1a: Corviknight|83/100|[from] item: Leftovers
|upkeep
|turn|14
|
|t:|1743826242
|switch|p2a: Articuno|Articuno-Galar|76/100
|move|p1a: Corviknight|U-turn|p2a: Articuno
|-damage|p2a: Articuno|62/100
|inactive|Kishon234 has 120 seconds left.
|
|t:|1743826267
|switch|p1a: Iron Boulder|Iron Boulder|100/100|[from] U-turn
|-status|p1a: Iron Boulder|psn
|
|-damage|p1a: Iron Boulder|88/100 psn|[from] psn
|upkeep
|turn|15
|inactive|Kishon234 has 120 seconds left.
|
|t:|1743826285
|switch|p2a: Grimmsnarl|Grimmsnarl, M|100/100
|move|p1a: Iron Boulder|Zen Headbutt|p2a: Grimmsnarl
|-immune|p2a: Grimmsnarl
|
|-damage|p1a: Iron Boulder|76/100 psn|[from] psn
|upkeep
|turn|16
|
|t:|1743826292
|-end|p1a: Iron Boulder|Quark Drive|[silent]
|switch|p1a: Corviknight|Corviknight, F|83/100
|-ability|p1a: Corviknight|Pressure
|move|p2a: Grimmsnarl|Trick|p1a: Corviknight
|-activate|p2a: Grimmsnarl|move: Trick|[of] p1a: Corviknight
|-item|p1a: Corviknight|Choice Scarf|[from] move: Trick
|-item|p2a: Grimmsnarl|Leftovers|[from] move: Trick
|
|upkeep
|turn|17
|inactive|Kishon234 has 120 seconds left.
|
|t:|1743826316
|switch|p2a: Articuno|Articuno-Galar|62/100
|move|p1a: Corviknight|Defog|p2a: Articuno
|-unboost|p2a: Articuno|evasion|1
|-ability|p2a: Articuno|Competitive|boost
|-boost|p2a: Articuno|spa|2
|-sideend|p1: Kishon234|Toxic Spikes|[from] move: Defog|[of] p1a: Corviknight
|
|upkeep
|turn|18
|
|t:|1743826323
|switch|p1a: Hoopa|Hoopa-Unbound|100/100
|move|p2a: Articuno|Freezing Glare|p1a: Hoopa
|-immune|p1a: Hoopa
|
|upkeep
|turn|19
|
|t:|1743826330
|switch|p2a: Mandibuzz|Mandibuzz, F|100/100
|move|p1a: Hoopa|Knock Off|p2a: Mandibuzz
|-resisted|p2a: Mandibuzz
|-damage|p2a: Mandibuzz|76/100
|-enditem|p2a: Mandibuzz|Heavy-Duty Boots|[from] move: Knock Off|[of] p1a: Hoopa
|
|upkeep
|turn|20
|
|t:|1743826336
|switch|p1a: Garchomp|Garchomp, F|100/100
|move|p2a: Mandibuzz|U-turn|p1a: Garchomp
|-damage|p1a: Garchomp|94/100
|-damage|p2a: Mandibuzz|64/100|[from] ability: Rough Skin|[of] p1a: Garchomp
|-damage|p2a: Mandibuzz|47/100|[from] item: Rocky Helmet|[of] p1a: Garchomp
|
|t:|1743826347
|switch|p2a: Dragonite|Dragonite, F|100/100|[from] U-turn
|
|upkeep
|turn|21
|
|t:|1743826354
|move|p2a: Dragonite|Dragon Dance|p2a: Dragonite
|-boost|p2a: Dragonite|atk|1
|-boost|p2a: Dragonite|spe|1
|move|p1a: Garchomp|Dragon Tail|p2a: Dragonite
|-supereffective|p2a: Dragonite
|-damage|p2a: Dragonite|71/100
|drag|p2a: Grimmsnarl|Grimmsnarl, M|100/100
|
|upkeep
|turn|22
|
|t:|1743826373
|switch|p1a: Corviknight|Corviknight, F|83/100
|-ability|p1a: Corviknight|Pressure
|move|p2a: Grimmsnarl|Play Rough|p1a: Corviknight
|-resisted|p1a: Corviknight
|-damage|p1a: Corviknight|70/100
|
|upkeep
|turn|23
|
|t:|1743826384
|move|p1a: Corviknight|U-turn|p2a: Grimmsnarl
|-damage|p2a: Grimmsnarl|79/100
|
|t:|1743826404
|switch|p1a: Garchomp|Garchomp, F|94/100|[from] U-turn
|move|p2a: Grimmsnarl|False Surrender|p1a: Garchomp
|-damage|p1a: Garchomp|68/100
|-damage|p2a: Grimmsnarl|67/100|[from] ability: Rough Skin|[of] p1a: Garchomp
|-damage|p2a: Grimmsnarl|50/100|[from] item: Rocky Helmet|[of] p1a: Garchomp
|
|-heal|p2a: Grimmsnarl|57/100|[from] item: Leftovers
|upkeep
|turn|24
|
|t:|1743826410
|move|p1a: Garchomp|Stealth Rock|p2a: Grimmsnarl
|-sidestart|p2: Power5121|move: Stealth Rock
|move|p2a: Grimmsnarl|Play Rough|p1a: Garchomp|[miss]
|-miss|p2a: Grimmsnarl|p1a: Garchomp
|
|-heal|p2a: Grimmsnarl|63/100|[from] item: Leftovers
|upkeep
|turn|25
|
|t:|1743826418
|switch|p1a: Corviknight|Corviknight, F|70/100
|-ability|p1a: Corviknight|Pressure
|move|p2a: Grimmsnarl|Play Rough|p1a: Corviknight
|-resisted|p1a: Corviknight
|-damage|p1a: Corviknight|57/100
|
|-heal|p2a: Grimmsnarl|69/100|[from] item: Leftovers
|upkeep
|turn|26
|
|t:|1743826424
|switch|p2a: Dragonite|Dragonite, F|71/100
|move|p1a: Corviknight|Body Press|p2a: Dragonite
|-resisted|p2a: Dragonite
|-damage|p2a: Dragonite|58/100
|
|upkeep
|turn|27
|
|t:|1743826429
|switch|p1a: Hoopa|Hoopa-Unbound|100/100
|move|p2a: Dragonite|Dragon Dance|p2a: Dragonite
|-boost|p2a: Dragonite|atk|1
|-boost|p2a: Dragonite|spe|1
|
|upkeep
|turn|28
|
|t:|1743826435
|-terastallize|p2a: Dragonite|Normal
|move|p2a: Dragonite|Extreme Speed|p1a: Hoopa
|-damage|p1a: Hoopa|0 fnt
|faint|p1a: Hoopa
|
|upkeep
|
|t:|1743826442
|switch|p1a: Corviknight|Corviknight, F|57/100
|-ability|p1a: Corviknight|Pressure
|turn|29
|
|t:|1743826455
|switch|p2a: Articuno|Articuno-Galar|62/100
|move|p1a: Corviknight|Body Press|p2a: Articuno
|-resisted|p2a: Articuno
|-damage|p2a: Articuno|55/100
|
|upkeep
|turn|30
|
|t:|1743826482
|switch|p1a: Raging Bolt|Raging Bolt|100/100
|-enditem|p1a: Raging Bolt|Booster Energy
|-activate|p1a: Raging Bolt|ability: Protosynthesis|[fromitem]
|-start|p1a: Raging Bolt|protosynthesisspa
|move|p2a: Articuno|Future Sight|p1a: Raging Bolt
|-start|p2a: Articuno|move: Future Sight
|
|upkeep
|turn|31
|
|t:|1743826495
|switch|p2a: Sinistcha|Sinistcha-Masterpiece|100/100
|-damage|p2a: Sinistcha|88/100|[from] Stealth Rock
|move|p1a: Raging Bolt|Thunderbolt|p2a: Sinistcha
|-resisted|p2a: Sinistcha
|-damage|p2a: Sinistcha|43/100
|
|-heal|p2a: Sinistcha|49/100|[from] item: Leftovers
|upkeep
|turn|32
|
|t:|1743826511
|switch|p2a: Mandibuzz|Mandibuzz, F|47/100
|-damage|p2a: Mandibuzz|22/100|[from] Stealth Rock
|move|p1a: Raging Bolt|Dragon Pulse|p2a: Mandibuzz
|-damage|p2a: Mandibuzz|0 fnt
|faint|p2a: Mandibuzz
|
|-end|p1a: Raging Bolt|move: Future Sight
|-damage|p1a: Raging Bolt|33/100
|upkeep
|
|t:|1743826519
|switch|p2a: Grimmsnarl|Grimmsnarl, M|69/100
|-damage|p2a: Grimmsnarl|56/100|[from] Stealth Rock
|turn|33
|inactive|Kishon234 has 120 seconds left.
|inactive|Kishon234 has 90 seconds left.
|
|t:|1743826580
|-terastallize|p1a: Raging Bolt|Fairy
|move|p2a: Grimmsnarl|Sucker Punch|p1a: Raging Bolt
|-resisted|p1a: Raging Bolt
|-damage|p1a: Raging Bolt|16/100
|move|p1a: Raging Bolt|Thunderbolt|p2a: Grimmsnarl
|-damage|p2a: Grimmsnarl|0 fnt
|faint|p2a: Grimmsnarl
|
|upkeep
|
|t:|1743826589
|switch|p2a: Dragonite|Dragonite, F, tera:Normal|58/100
|turn|34
|inactive|Kishon234 has 90 seconds left.
|
|t:|1743826610
|-end|p1a: Raging Bolt|Protosynthesis|[silent]
|switch|p1a: Garchomp|Garchomp, F|68/100
|move|p2a: Dragonite|Extreme Speed|p1a: Garchomp
|-damage|p1a: Garchomp|40/100
|-damage|p2a: Dragonite|46/100|[from] ability: Rough Skin|[of] p1a: Garchomp
|-damage|p2a: Dragonite|29/100|[from] item: Rocky Helmet|[of] p1a: Garchomp
|
|upkeep
|turn|35
|
|t:|1743826619
|move|p2a: Dragonite|Roost|p2a: Dragonite
|-heal|p2a: Dragonite|79/100
|move|p1a: Garchomp|Earthquake|p2a: Dragonite
|-damage|p2a: Dragonite|28/100
|
|upkeep
|turn|36
|
|t:|1743826630
|switch|p2a: Articuno|Articuno-Galar|55/100
|move|p1a: Garchomp|Earthquake|p2a: Articuno
|-immune|p2a: Articuno
|
|upkeep
|turn|37
|
|t:|1743826636
|switch|p1a: Corviknight|Corviknight, F|57/100
|-ability|p1a: Corviknight|Pressure
|move|p2a: Articuno|Freezing Glare|p1a: Corviknight
|-resisted|p1a: Corviknight
|-damage|p1a: Corviknight|30/100
|
|upkeep
|turn|38
|
|t:|1743826642
|move|p1a: Corviknight|U-turn|p2a: Articuno
|-damage|p2a: Articuno|40/100
|
|t:|1743826662
|switch|p1a: Raging Bolt|Raging Bolt, tera:Fairy|16/100|[from] U-turn
|move|p2a: Articuno|Recover|p2a: Articuno
|-heal|p2a: Articuno|90/100
|
|upkeep
|turn|39
|
|t:|1743826671
|move|p1a: Raging Bolt|Thunderbolt|p2a: Articuno
|-supereffective|p2a: Articuno
|-damage|p2a: Articuno|0 fnt
|faint|p2a: Articuno
|
|upkeep
|
|t:|1743826681
|switch|p2a: Dragonite|Dragonite, F, tera:Normal|28/100
|turn|40
|
|t:|1743826694
|-end|p1a: Raging Bolt|Protosynthesis|[silent]
|switch|p1a: Corviknight|Corviknight, F|30/100
|-ability|p1a: Corviknight|Pressure
|move|p2a: Dragonite|Roost|p2a: Dragonite
|-heal|p2a: Dragonite|78/100
|
|upkeep
|turn|41
|
|t:|1743826697
|move|p2a: Dragonite|Dragon Dance|p2a: Dragonite
|-boost|p2a: Dragonite|atk|1
|-boost|p2a: Dragonite|spe|1
|move|p1a: Corviknight|Body Press|p2a: Dragonite
|-supereffective|p2a: Dragonite
|-damage|p2a: Dragonite|15/100
|
|upkeep
|turn|42
|
|t:|1743826710
|move|p2a: Dragonite|Extreme Speed|p1a: Corviknight
|-resisted|p1a: Corviknight
|-damage|p1a: Corviknight|8/100
|move|p1a: Corviknight|Body Press|p2a: Dragonite
|-supereffective|p2a: Dragonite
|-damage|p2a: Dragonite|0 fnt
|faint|p2a: Dragonite
|
|upkeep
|
|t:|1743826713
|switch|p2a: Sinistcha|Sinistcha-Masterpiece|49/100
|-damage|p2a: Sinistcha|37/100|[from] Stealth Rock
|turn|43
|inactive|Kishon234 has 120 seconds left.
|inactive|Kishon234 has 90 seconds left.
|inactive|Kishon234 has 60 seconds left.
|
|t:|1743826819
|switch|p1a: Garchomp|Garchomp, F|40/100
|move|p2a: Sinistcha|Strength Sap|p1a: Garchomp
|-unboost|p1a: Garchomp|atk|1
|-heal|p2a: Sinistcha|100/100
|
|upkeep
|turn|44
|
|t:|1743826828
|move|p1a: Garchomp|Spikes|p2a: Sinistcha
|-sidestart|p2: Power5121|Spikes
|move|p2a: Sinistcha|Calm Mind|p2a: Sinistcha
|-boost|p2a: Sinistcha|spa|1
|-boost|p2a: Sinistcha|spd|1
|
|upkeep
|turn|45
|
|t:|1743826834
|move|p2a: Sinistcha|Matcha Gotcha|p1a: Garchomp
|-damage|p1a: Garchomp|0 fnt
|faint|p1a: Garchomp
|
|upkeep
|
|t:|1743826842
|switch|p1a: Iron Boulder|Iron Boulder|76/100 psn
|turn|46
|
|t:|1743826848
|move|p1a: Iron Boulder|Mighty Cleave|p2a: Sinistcha
|-damage|p2a: Sinistcha|41/100
|move|p2a: Sinistcha|Matcha Gotcha|p1a: Iron Boulder
|-supereffective|p1a: Iron Boulder
|-damage|p1a: Iron Boulder|0 fnt
|-heal|p2a: Sinistcha|76/100|[from] drain|[of] p1a: Iron Boulder
|faint|p1a: Iron Boulder
|-end|p1a: Iron Boulder|Quark Drive|[silent]
|
|-heal|p2a: Sinistcha|82/100|[from] item: Leftovers
|upkeep
|
|t:|1743826853
|switch|p1a: Raging Bolt|Raging Bolt, tera:Fairy|16/100
|turn|47
|
|t:|1743826858
|move|p1a: Raging Bolt|Dragon Pulse|p2a: Sinistcha
|-damage|p2a: Sinistcha|43/100
|move|p2a: Sinistcha|Matcha Gotcha|p1a: Raging Bolt
|-damage|p1a: Raging Bolt|0 fnt
|-heal|p2a: Sinistcha|52/100|[from] drain|[of] p1a: Raging Bolt
|faint|p1a: Raging Bolt
|-end|p1a: Raging Bolt|Protosynthesis|[silent]
|
|-heal|p2a: Sinistcha|58/100|[from] item: Leftovers
|upkeep
|
|t:|1743826860
|switch|p1a: Corviknight|Corviknight, F|8/100
|-ability|p1a: Corviknight|Pressure
|turn|48
|-message|Kishon234 forfeited.
|
|win|Power5121
|raw|Kishon234's rating: 1171 &rarr; <strong>1144</strong><br />(-27 for losing)
|raw|Power5121's rating: 1149 &rarr; <strong>1176</strong><br />(+27 for winning)
|l|☆Power5121
|player|p2|
