|j|☆oven828
|j|☆goobx3
|t:|1743784180
|gametype|singles
|player|p1|oven828|lusamine-nihilego|1361
|player|p2|goobx3|iris-gen5bw2|1335
|teamsize|p1|6
|teamsize|p2|6
|gen|9
|tier|[Gen 9] OU
|rated|
|rule|HP Percentage Mod: HP is shown in percentages
|rule|Endless Battle Clause: Forcing endless battles is banned
|rule|Species Clause: Limit one of each Pokémon
|rule|OHKO Clause: OHKO moves are banned
|rule|Evasion Items Clause: Evasion items are banned
|rule|Evasion Moves Clause: Evasion moves are banned
|rule|Sleep Moves Clause: Sleep-inducing moves are banned
|clearpoke
|poke|p1|Great Tusk|
|poke|p1|Exeggutor-Alola, M|
|poke|p1|Hatterene, F|
|poke|p1|Scizor, F|
|poke|p1|Ninetales, F|
|poke|p1|Walking Wake|
|poke|p2|Gliscor, F|
|poke|p2|Slowking-Galar, M|
|poke|p2|Garganacl, M|
|poke|p2|Iron Valiant|
|poke|p2|Ogerpon-Wellspring, F|
|poke|p2|Gholdengo|
|teampreview
|inactive|Battle timer is ON: inactive players will automatically lose when time's up. (requested by goobx3)
|inactive|oven828 has 120 seconds left.
|
|t:|1743784231
|start
|switch|p1a: Exeggutor|Exeggutor-Alola, M|100/100
|switch|p2a: Garganacl|Garganacl, M|100/100
|turn|1
|
|t:|1743784244
|switch|p2a: Gholdengo|Gholdengo|100/100
|move|p1a: Exeggutor|Energy Ball|p2a: Gholdengo
|-resisted|p2a: Gholdengo
|-damage|p2a: Gholdengo|70/100
|
|upkeep
|turn|2
|
|t:|1743784248
|move|p2a: Gholdengo|Nasty Plot|p2a: Gholdengo
|-boost|p2a: Gholdengo|spa|2
|move|p1a: Exeggutor|Flamethrower|p2a: Gholdengo
|-supereffective|p2a: Gholdengo
|-damage|p2a: Gholdengo|0 fnt
|faint|p2a: Gholdengo
|
|upkeep
|
|t:|1743784254
|switch|p2a: Slowking|Slowking-Galar, M|100/100
|turn|3
|
|t:|1743784259
|switch|p1a: Great Tusk|Great Tusk|100/100
|move|p2a: Slowking|Sludge Bomb|p1a: Great Tusk
|-resisted|p1a: Great Tusk
|-damage|p1a: Great Tusk|68/100
|
|upkeep
|turn|4
|
|t:|1743784263
|-end|p1a: Great Tusk|Protosynthesis|[silent]
|switch|p1a: Ninetales|Ninetales, F, shiny|100/100
|-weather|SunnyDay|[from] ability: Drought|[of] p1a: Ninetales
|switch|p2a: Ogerpon|Ogerpon-Wellspring, F|100/100
|
|-weather|SunnyDay|[upkeep]
|upkeep
|turn|5
|
|t:|1743784269
|move|p2a: Ogerpon|Knock Off|p1a: Ninetales
|-damage|p1a: Ninetales|51/100
|-enditem|p1a: Ninetales|Heat Rock|[from] move: Knock Off|[of] p2a: Ogerpon
|move|p1a: Ninetales|Will-O-Wisp|p2a: Ogerpon
|-status|p2a: Ogerpon|brn
|
|-weather|SunnyDay|[upkeep]
|-damage|p2a: Ogerpon|95/100 brn|[from] brn
|upkeep
|turn|6
|
|t:|1743784293
|switch|p1a: Great Tusk|Great Tusk|68/100
|-activate|p1a: Great Tusk|ability: Protosynthesis
|-start|p1a: Great Tusk|protosynthesisatk
|move|p2a: Ogerpon|Knock Off|p1a: Great Tusk
|-resisted|p1a: Great Tusk
|-damage|p1a: Great Tusk|62/100
|-damage|p2a: Ogerpon|78/100 brn|[from] item: Rocky Helmet|[of] p1a: Great Tusk
|-enditem|p1a: Great Tusk|Rocky Helmet|[from] move: Knock Off|[of] p2a: Ogerpon
|
|-weather|SunnyDay|[upkeep]
|-damage|p2a: Ogerpon|72/100 brn|[from] brn
|upkeep
|turn|7
|
|t:|1743784308
|switch|p2a: Gliscor|Gliscor, F|100/100
|move|p1a: Great Tusk|Temper Flare|p2a: Gliscor
|-damage|p2a: Gliscor|70/100
|
|-weather|SunnyDay|[upkeep]
|-status|p2a: Gliscor|tox|[from] item: Toxic Orb
|upkeep
|turn|8
|
|t:|1743784314
|move|p2a: Gliscor|Protect|p2a: Gliscor
|-singleturn|p2a: Gliscor|Protect
|move|p1a: Great Tusk|Ice Spinner|p2a: Gliscor
|-activate|p2a: Gliscor|move: Protect
|
|-weather|SunnyDay|[upkeep]
|-heal|p2a: Gliscor|82/100 tox|[from] ability: Poison Heal
|upkeep
|turn|9
|
|t:|1743784323
|-terastallize|p2a: Gliscor|Water
|move|p1a: Great Tusk|Ice Spinner|p2a: Gliscor
|-resisted|p2a: Gliscor
|-damage|p2a: Gliscor|70/100 tox
|move|p2a: Gliscor|Earthquake|p1a: Great Tusk
|-damage|p1a: Great Tusk|38/100
|
|-weather|SunnyDay|[upkeep]
|-heal|p2a: Gliscor|83/100 tox|[from] ability: Poison Heal
|upkeep
|turn|10
|
|t:|1743784337
|-end|p1a: Great Tusk|Protosynthesis|[silent]
|switch|p1a: Exeggutor|Exeggutor-Alola, M|100/100
|switch|p2a: Slowking|Slowking-Galar, M|100/100
|
|-weather|SunnyDay|[upkeep]
|upkeep
|turn|11
|
|t:|1743784346
|switch|p1a: Scizor|Scizor, F|100/100
|move|p2a: Slowking|Sludge Bomb|p1a: Scizor
|-immune|p1a: Scizor
|
|-weather|none
|upkeep
|turn|12
|
|t:|1743784349
|move|p1a: Scizor|U-turn|p2a: Slowking
|-damage|p2a: Slowking|39/100
|
|t:|1743784352
|switch|p1a: Ninetales|Ninetales, F, shiny|51/100|[from] U-turn
|-weather|SunnyDay|[from] ability: Drought|[of] p1a: Ninetales
|move|p2a: Slowking|Flamethrower|p1a: Ninetales
|-resisted|p1a: Ninetales
|-damage|p1a: Ninetales|32/100
|
|-weather|SunnyDay|[upkeep]
|upkeep
|turn|13
|
|t:|1743784359
|switch|p1a: Walking Wake|Walking Wake|100/100
|-activate|p1a: Walking Wake|ability: Protosynthesis
|-start|p1a: Walking Wake|protosynthesisspa
|switch|p2a: Garganacl|Garganacl, M|100/100
|
|-weather|SunnyDay|[upkeep]
|upkeep
|turn|14
|
|t:|1743784365
|move|p2a: Garganacl|Protect|p2a: Garganacl
|-singleturn|p2a: Garganacl|Protect
|move|p1a: Walking Wake|Dragon Pulse|p2a: Garganacl
|-activate|p2a: Garganacl|move: Protect
|
|-weather|SunnyDay|[upkeep]
|upkeep
|turn|15
|
|t:|1743784370
|-end|p1a: Walking Wake|Protosynthesis|[silent]
|switch|p1a: Scizor|Scizor, F|100/100
|move|p2a: Garganacl|Stealth Rock|p1a: Scizor
|-sidestart|p1: oven828|move: Stealth Rock
|
|-weather|SunnyDay|[upkeep]
|upkeep
|turn|16
|
|t:|1743784376
|switch|p2a: Gliscor|Gliscor, F, tera:Water|83/100 tox
|move|p1a: Scizor|Bullet Punch|p2a: Gliscor
|-resisted|p2a: Gliscor
|-damage|p2a: Gliscor|66/100 tox
|
|-weather|none
|-heal|p2a: Gliscor|79/100 tox|[from] ability: Poison Heal
|upkeep
|turn|17
|
|t:|1743784383
|switch|p1a: Exeggutor|Exeggutor-Alola, M|100/100
|-damage|p1a: Exeggutor|88/100|[from] Stealth Rock
|move|p2a: Gliscor|Knock Off|p1a: Exeggutor
|-damage|p1a: Exeggutor|64/100
|-enditem|p1a: Exeggutor|Custap Berry|[from] move: Knock Off|[of] p2a: Gliscor
|
|-heal|p2a: Gliscor|91/100 tox|[from] ability: Poison Heal
|upkeep
|turn|18
|
|t:|1743784393
|switch|p2a: Slowking|Slowking-Galar, M|73/100
|move|p1a: Exeggutor|Energy Ball|p2a: Slowking
|-resisted|p2a: Slowking
|-crit|p2a: Slowking
|-damage|p2a: Slowking|55/100
|
|upkeep
|turn|19
|
|t:|1743784401
|move|p1a: Exeggutor|Draco Meteor|p2a: Slowking
|-damage|p2a: Slowking|18/100
|-unboost|p1a: Exeggutor|spa|2
|move|p2a: Slowking|Flamethrower|p1a: Exeggutor
|-damage|p1a: Exeggutor|30/100
|
|upkeep
|turn|20
|
|t:|1743784411
|switch|p2a: Garganacl|Garganacl, M|100/100
|move|p1a: Exeggutor|Draco Meteor|p2a: Garganacl
|-damage|p2a: Garganacl|76/100
|-unboost|p1a: Exeggutor|spa|2
|
|-heal|p2a: Garganacl|82/100|[from] item: Leftovers
|upkeep
|turn|21
|
|t:|1743784415
|switch|p1a: Ninetales|Ninetales, F, shiny|32/100
|-damage|p1a: Ninetales|7/100|[from] Stealth Rock
|-weather|SunnyDay|[from] ability: Drought|[of] p1a: Ninetales
|switch|p2a: Slowking|Slowking-Galar, M|51/100
|
|-weather|SunnyDay|[upkeep]
|upkeep
|turn|22
|
|t:|1743784423
|move|p1a: Ninetales|Healing Wish|p1a: Ninetales
|faint|p1a: Ninetales
|move|p2a: Slowking|Sludge Bomb|p1: Ninetales|[notarget]
|-fail|p2a: Slowking
|
|-weather|SunnyDay|[upkeep]
|upkeep
|
|t:|1743784427
|switch|p1a: Great Tusk|Great Tusk|38/100
|-heal|p1a: Great Tusk|100/100|[from] move: Healing Wish
|-damage|p1a: Great Tusk|98/100|[from] Stealth Rock
|-activate|p1a: Great Tusk|ability: Protosynthesis
|-start|p1a: Great Tusk|protosynthesisatk
|turn|23
|
|t:|1743784430
|switch|p2a: Gliscor|Gliscor, F, tera:Water|91/100 tox
|move|p1a: Great Tusk|Rapid Spin|p2a: Gliscor
|-damage|p2a: Gliscor|77/100 tox
|-boost|p1a: Great Tusk|spe|1
|-sideend|p1: oven828|Stealth Rock|[from] move: Rapid Spin|[of] p1a: Great Tusk
|
|-weather|SunnyDay|[upkeep]
|-heal|p2a: Gliscor|89/100 tox|[from] ability: Poison Heal
|upkeep
|turn|24
|
|t:|1743784437
|-end|p1a: Great Tusk|Protosynthesis|[silent]
|switch|p1a: Exeggutor|Exeggutor-Alola, M|30/100
|move|p2a: Gliscor|Swords Dance|p2a: Gliscor
|-boost|p2a: Gliscor|atk|2
|
|-weather|SunnyDay|[upkeep]
|-heal|p2a: Gliscor|100/100 tox|[from] ability: Poison Heal
|upkeep
|turn|25
|
|t:|1743784456
|move|p2a: Gliscor|Knock Off|p1a: Exeggutor
|-damage|p1a: Exeggutor|0 fnt
|faint|p1a: Exeggutor
|
|-weather|none
|upkeep
|-message|oven828 forfeited.
|
|win|goobx3
|raw|oven828's rating: 1361 &rarr; <strong>1340</strong><br />(-21 for losing)
|raw|goobx3's rating: 1335 &rarr; <strong>1356</strong><br />(+21 for winning)
|l|☆oven828
|player|p1|
|l|☆goobx3
|player|p2|
