|j|☆PumpkinShadow
|j|☆tubfrog
|t:|1743825323
|gametype|singles
|player|p1|PumpkinShadow|drayden|1219
|player|p2|tubfrog|170|1254
|teamsize|p1|6
|teamsize|p2|6
|gen|9
|tier|[Gen 9] OU
|rated|
|rule|HP Percentage Mod: HP is shown in percentages
|rule|Endless Battle Clause: Forcing endless battles is banned
|rule|Species Clause: Limit one of each Pokémon
|rule|OHKO Clause: OHKO moves are banned
|rule|Evasion Items Clause: Evasion items are banned
|rule|Evasion Moves Clause: Evasion moves are banned
|rule|Sleep Moves Clause: Sleep-inducing moves are banned
|clearpoke
|poke|p1|Pelipper, M|
|poke|p1|Barraskewda, F|
|poke|p1|Zapdos|
|poke|p1|Corviknight, F|
|poke|p1|Clodsire, M|
|poke|p1|Incineroar, M|
|poke|p2|Pelipper, M|
|poke|p2|Golduck, M|
|poke|p2|Iron Treads|
|poke|p2|Kingdra, M|
|poke|p2|Indeedee, M|
|poke|p2|Barraskewda, M|
|teampreview
|
|t:|1743825332
|start
|switch|p1a: Zapdos|Zapdos, shiny|100/100
|switch|p2a: Indeedee|Indeedee, M|100/100
|-fieldstart|move: Psychic Terrain|[from] ability: Psychic Surge|[of] p2a: Indeedee
|turn|1
|
|t:|1743825348
|switch|p2a: Iron Treads|Iron Treads|100/100
|-enditem|p2a: Iron Treads|Booster Energy
|-activate|p2a: Iron Treads|ability: Quark Drive|[fromitem]
|-start|p2a: Iron Treads|quarkdrivespe
|move|p1a: Zapdos|Volt Switch|p2a: Iron Treads
|-immune|p2a: Iron Treads
|
|upkeep
|turn|2
|
|t:|1743825358
|switch|p1a: Pelipper|Pelipper, M|100/100
|-weather|RainDance|[from] ability: Drizzle|[of] p1a: Pelipper
|move|p2a: Iron Treads|Stealth Rock|p1a: Pelipper
|-sidestart|p1: PumpkinShadow|move: Stealth Rock
|
|-weather|RainDance|[upkeep]
|upkeep
|turn|3
|
|t:|1743825366
|-end|p2a: Iron Treads|Quark Drive|[silent]
|switch|p2a: Golduck|Golduck, M|100/100
|move|p1a: Pelipper|U-turn|p2a: Golduck
|-damage|p2a: Golduck|88/100
|
|t:|1743825373
|switch|p1a: Barraskewda|Barraskewda, F|100/100|[from] U-turn
|-damage|p1a: Barraskewda|88/100|[from] Stealth Rock
|
|-weather|RainDance|[upkeep]
|upkeep
|turn|4
|
|t:|1743825406
|-terastallize|p1a: Barraskewda|Water
|move|p1a: Barraskewda|Liquidation|p2a: Golduck
|-resisted|p2a: Golduck
|-damage|p2a: Golduck|0 fnt
|faint|p2a: Golduck
|
|-weather|RainDance|[upkeep]
|upkeep
|
|t:|1743825427
|switch|p2a: Barraskewda|Barraskewda, M|100/100
|turn|5
|
|t:|1743825449
|switch|p1a: Corviknight|Corviknight, F, shiny|100/100
|-damage|p1a: Corviknight|88/100|[from] Stealth Rock
|-ability|p1a: Corviknight|Pressure
|-terastallize|p2a: Barraskewda|Water
|move|p2a: Barraskewda|Close Combat|p1a: Corviknight
|-damage|p1a: Corviknight|55/100
|-unboost|p2a: Barraskewda|def|1
|-unboost|p2a: Barraskewda|spd|1
|-damage|p2a: Barraskewda|84/100|[from] item: Rocky Helmet|[of] p1a: Corviknight
|-damage|p2a: Barraskewda|74/100|[from] item: Life Orb
|
|-weather|RainDance|[upkeep]
|upkeep
|turn|6
|
|t:|1743825493
|switch|p1a: Clodsire|Clodsire, M|100/100
|-damage|p1a: Clodsire|94/100|[from] Stealth Rock
|move|p2a: Barraskewda|Liquidation|p1a: Clodsire
|-heal|p1a: Clodsire|100/100|[from] ability: Water Absorb|[of] p2a: Barraskewda
|
|-weather|RainDance|[upkeep]
|upkeep
|turn|7
|
|t:|1743825505
|switch|p1a: Incineroar|Incineroar, M, shiny|100/100
|-ability|p1a: Incineroar|Intimidate|boost
|-unboost|p2a: Barraskewda|atk|1
|move|p2a: Barraskewda|Psychic Fangs|p1a: Incineroar
|-immune|p1a: Incineroar
|
|-weather|RainDance|[upkeep]
|upkeep
|turn|8
|
|t:|1743825521
|switch|p1a: Corviknight|Corviknight, F, shiny|55/100
|-damage|p1a: Corviknight|43/100|[from] Stealth Rock
|-ability|p1a: Corviknight|Pressure
|move|p2a: Barraskewda|Psychic Fangs|p1a: Corviknight
|-resisted|p1a: Corviknight
|-damage|p1a: Corviknight|33/100
|-damage|p2a: Barraskewda|58/100|[from] item: Rocky Helmet|[of] p1a: Corviknight
|-damage|p2a: Barraskewda|48/100|[from] item: Life Orb
|
|-weather|RainDance|[upkeep]
|-fieldend|move: Psychic Terrain
|upkeep
|turn|9
|
|t:|1743825534
|switch|p1a: Clodsire|Clodsire, M|100/100
|-damage|p1a: Clodsire|94/100|[from] Stealth Rock
|move|p2a: Barraskewda|Close Combat|p1a: Clodsire
|-resisted|p1a: Clodsire
|-damage|p1a: Clodsire|74/100
|-unboost|p2a: Barraskewda|def|1
|-unboost|p2a: Barraskewda|spd|1
|-damage|p2a: Barraskewda|38/100|[from] item: Life Orb
|
|-weather|none
|-heal|p1a: Clodsire|80/100|[from] item: Leftovers
|upkeep
|turn|10
|
|t:|1743825545
|switch|p2a: Indeedee|Indeedee, M|100/100
|-fieldstart|move: Psychic Terrain|[from] ability: Psychic Surge|[of] p2a: Indeedee
|move|p1a: Clodsire|Earthquake|p2a: Indeedee
|-damage|p2a: Indeedee|40/100
|
|-heal|p1a: Clodsire|86/100|[from] item: Leftovers
|upkeep
|turn|11
|
|t:|1743825555
|switch|p1a: Incineroar|Incineroar, M, shiny|100/100
|-ability|p1a: Incineroar|Intimidate|boost
|-unboost|p2a: Indeedee|atk|1
|move|p2a: Indeedee|Healing Wish|p2a: Indeedee
|faint|p2a: Indeedee
|
|upkeep
|
|t:|1743825560
|switch|p2a: Barraskewda|Barraskewda, M, tera:Water|38/100
|-heal|p2a: Barraskewda|100/100|[from] move: Healing Wish
|turn|12
|
|t:|1743825575
|switch|p2a: Pelipper|Pelipper, M|100/100
|-weather|RainDance|[from] ability: Drizzle|[of] p2a: Pelipper
|move|p1a: Incineroar|Will-O-Wisp|p2a: Pelipper
|-status|p2a: Pelipper|brn
|
|-weather|RainDance|[upkeep]
|-damage|p2a: Pelipper|94/100 brn|[from] brn
|upkeep
|turn|13
|
|t:|1743825589
|move|p1a: Incineroar|Parting Shot|p2a: Pelipper
|-unboost|p2a: Pelipper|atk|1
|-unboost|p2a: Pelipper|spa|1
|
|t:|1743825593
|switch|p1a: Zapdos|Zapdos, shiny|100/100|[from] Parting Shot
|move|p2a: Pelipper|Surf|p1a: Zapdos
|-damage|p1a: Zapdos|52/100
|
|-weather|RainDance|[upkeep]
|-damage|p2a: Pelipper|88/100 brn|[from] brn
|upkeep
|turn|14
|
|t:|1743825600
|move|p1a: Zapdos|Weather Ball|p2a: Pelipper
|-resisted|p2a: Pelipper
|-damage|p2a: Pelipper|49/100 brn
|move|p2a: Pelipper|Knock Off|p1a: Zapdos
|-damage|p1a: Zapdos|46/100
|-enditem|p1a: Zapdos|Heavy-Duty Boots|[from] move: Knock Off|[of] p2a: Pelipper
|
|-weather|RainDance|[upkeep]
|-damage|p2a: Pelipper|43/100 brn|[from] brn
|upkeep
|turn|15
|
|t:|1743825615
|switch|p2a: Kingdra|Kingdra, M|100/100
|move|p1a: Zapdos|Hurricane|p2a: Kingdra
|-damage|p2a: Kingdra|31/100
|
|-weather|RainDance|[upkeep]
|upkeep
|turn|16
|
|t:|1743825646
|switch|p1a: Clodsire|Clodsire, M|86/100
|-damage|p1a: Clodsire|80/100|[from] Stealth Rock
|move|p2a: Kingdra|Draco Meteor|p1a: Clodsire
|-damage|p1a: Clodsire|39/100
|-unboost|p2a: Kingdra|spa|2
|-damage|p2a: Kingdra|21/100|[from] item: Life Orb
|
|-weather|RainDance|[upkeep]
|-heal|p1a: Clodsire|45/100|[from] item: Leftovers
|upkeep
|turn|17
|
|t:|1743825662
|move|p2a: Kingdra|Hurricane|p1a: Clodsire
|-damage|p1a: Clodsire|33/100
|-start|p1a: Clodsire|confusion
|-damage|p2a: Kingdra|11/100|[from] item: Life Orb
|-activate|p1a: Clodsire|confusion
|move|p1a: Clodsire|Recover|p1a: Clodsire
|-heal|p1a: Clodsire|83/100
|
|-weather|RainDance|[upkeep]
|-heal|p1a: Clodsire|89/100|[from] item: Leftovers
|-fieldend|move: Psychic Terrain
|upkeep
|turn|18
|
|t:|1743825673
|switch|p2a: Iron Treads|Iron Treads|100/100
|-end|p1a: Clodsire|confusion
|move|p1a: Clodsire|Stealth Rock|p2a: Iron Treads
|-sidestart|p2: tubfrog|move: Stealth Rock
|
|-weather|RainDance|[upkeep]
|-heal|p1a: Clodsire|96/100|[from] item: Leftovers
|upkeep
|turn|19
|
|t:|1743825678
|switch|p1a: Corviknight|Corviknight, F, shiny|33/100
|-damage|p1a: Corviknight|21/100|[from] Stealth Rock
|-ability|p1a: Corviknight|Pressure
|move|p2a: Iron Treads|Rapid Spin|p1a: Corviknight
|-resisted|p1a: Corviknight
|-damage|p1a: Corviknight|16/100
|-boost|p2a: Iron Treads|spe|1
|-damage|p2a: Iron Treads|84/100|[from] item: Rocky Helmet|[of] p1a: Corviknight
|-sideend|p2: tubfrog|Stealth Rock|[from] move: Rapid Spin|[of] p2a: Iron Treads
|
|-weather|none
|upkeep
|turn|20
|
|t:|1743825690
|move|p2a: Iron Treads|Knock Off|p1a: Corviknight
|-damage|p1a: Corviknight|0 fnt
|-damage|p2a: Iron Treads|67/100|[from] item: Rocky Helmet|[of] p1a: Corviknight
|-enditem|p1a: Corviknight|Rocky Helmet|[from] move: Knock Off|[of] p2a: Iron Treads
|faint|p1a: Corviknight
|
|upkeep
|
|t:|1743825698
|switch|p1a: Barraskewda|Barraskewda, F, tera:Water|88/100
|-damage|p1a: Barraskewda|76/100|[from] Stealth Rock
|turn|21
|
|t:|1743825711
|move|p1a: Barraskewda|Aqua Jet|p2a: Iron Treads
|-supereffective|p2a: Iron Treads
|-damage|p2a: Iron Treads|0 fnt
|faint|p2a: Iron Treads
|-end|p2a: Iron Treads|Quark Drive|[silent]
|
|upkeep
|
|t:|1743825722
|switch|p2a: Barraskewda|Barraskewda, M, tera:Water|100/100
|turn|22
|
|t:|1743825729
|switch|p1a: Zapdos|Zapdos, shiny|46/100
|-damage|p1a: Zapdos|21/100|[from] Stealth Rock
|move|p2a: Barraskewda|Poison Jab|p1a: Zapdos
|-damage|p1a: Zapdos|0 fnt
|faint|p1a: Zapdos
|-damage|p2a: Barraskewda|91/100|[from] item: Life Orb
|
|upkeep
|
|t:|1743825740
|switch|p1a: Clodsire|Clodsire, M|96/100
|-damage|p1a: Clodsire|89/100|[from] Stealth Rock
|turn|23
|
|t:|1743825753
|move|p2a: Barraskewda|Psychic Fangs|p1a: Clodsire
|-supereffective|p1a: Clodsire
|-damage|p1a: Clodsire|0 fnt
|faint|p1a: Clodsire
|-damage|p2a: Barraskewda|81/100|[from] item: Life Orb
|
|upkeep
|
|t:|1743825759
|switch|p1a: Incineroar|Incineroar, M, shiny|100/100
|-ability|p1a: Incineroar|Intimidate|boost
|-unboost|p2a: Barraskewda|atk|1
|turn|24
|
|t:|1743825778
|move|p2a: Barraskewda|Close Combat|p1a: Incineroar
|-supereffective|p1a: Incineroar
|-damage|p1a: Incineroar|48/100
|-unboost|p2a: Barraskewda|def|1
|-unboost|p2a: Barraskewda|spd|1
|-damage|p2a: Barraskewda|71/100|[from] item: Life Orb
|move|p1a: Incineroar|Knock Off|p2a: Barraskewda
|-damage|p2a: Barraskewda|0 fnt
|-enditem|p2a: Barraskewda|Life Orb|[from] move: Knock Off|[of] p1a: Incineroar
|faint|p2a: Barraskewda
|
|upkeep
|
|t:|1743825785
|switch|p2a: Pelipper|Pelipper, M|43/100 brn
|-weather|RainDance|[from] ability: Drizzle|[of] p2a: Pelipper
|turn|25
|
|t:|1743825792
|move|p1a: Incineroar|Knock Off|p2a: Pelipper
|-damage|p2a: Pelipper|0 fnt
|-enditem|p2a: Pelipper|Damp Rock|[from] move: Knock Off|[of] p1a: Incineroar
|faint|p2a: Pelipper
|
|-weather|RainDance|[upkeep]
|upkeep
|
|t:|1743825796
|switch|p2a: Kingdra|Kingdra, M|11/100
|turn|26
|
|t:|1743825800
|move|p2a: Kingdra|Weather Ball|p1a: Incineroar
|-supereffective|p1a: Incineroar
|-damage|p1a: Incineroar|0 fnt
|faint|p1a: Incineroar
|-damage|p2a: Kingdra|1/100|[from] item: Life Orb
|
|-weather|RainDance|[upkeep]
|upkeep
|
|t:|1743825803
|switch|p1a: Barraskewda|Barraskewda, F, tera:Water|76/100
|-damage|p1a: Barraskewda|64/100|[from] Stealth Rock
|turn|27
|
|t:|1743825806
|move|p1a: Barraskewda|Liquidation|p2a: Kingdra
|-resisted|p2a: Kingdra
|-damage|p2a: Kingdra|0 fnt
|faint|p2a: Kingdra
|
|win|PumpkinShadow
|raw|PumpkinShadow's rating: 1219 &rarr; <strong>1247</strong><br />(+28 for winning)
|raw|tubfrog's rating: 1254 &rarr; <strong>1226</strong><br />(-28 for losing)
|l|☆PumpkinShadow
|player|p1|
|l|☆tubfrog
|player|p2|
