|j|☆FittedCrib04
|j|☆ThunderClapYaMama
|t:|1743869437
|gametype|singles
|player|p1|FittedCrib04|wallace|1508
|player|p2|ThunderClapYaMama|ltsurge|1604
|teamsize|p1|6
|teamsize|p2|6
|gen|9
|tier|[Gen 9] OU
|rated|
|rule|HP Percentage Mod: HP is shown in percentages
|rule|Endless Battle Clause: Forcing endless battles is banned
|rule|Species Clause: Limit one of each Pokémon
|rule|OHKO Clause: OHKO moves are banned
|rule|Evasion Items Clause: Evasion items are banned
|rule|Evasion Moves Clause: Evasion moves are banned
|rule|Sleep Moves Clause: Sleep-inducing moves are banned
|clearpoke
|poke|p1|Suicune|
|poke|p1|Corviknight, F|
|poke|p1|Cresselia, F|
|poke|p1|Darkrai|
|poke|p1|Hydrapple, F|
|poke|p1|Skeledirge, M|
|poke|p2|Great Tusk|
|poke|p2|Landorus-Therian, M|
|poke|p2|Ting-Lu|
|poke|p2|Ogerpon-Wellspring, F|
|poke|p2|Gholdengo|
|poke|p2|Raging Bolt|
|teampreview
|
|t:|1743869459
|start
|switch|p1a: The Menace|Darkrai|100/100
|switch|p2a: Raging Bolt|Raging Bolt|100/100
|turn|1
|
|t:|1743869475
|switch|p1a: Hydrapple|Hydrapple, F, shiny|100/100
|move|p2a: Raging Bolt|Draco Meteor|p1a: Hydrapple
|-supereffective|p1a: Hydrapple
|-damage|p1a: Hydrapple|32/100
|-unboost|p2a: Raging Bolt|spa|2
|
|upkeep
|turn|2
|
|t:|1743869487
|switch|p1a: The Menace|Darkrai|100/100
|move|p2a: Raging Bolt|Volt Switch|p1a: The Menace
|-damage|p1a: The Menace|76/100
|
|t:|1743869493
|-end|p2a: Raging Bolt|Protosynthesis|[silent]
|switch|p2a: Ting-Lu|Ting-Lu|100/100|[from] Volt Switch
|-ability|p2a: Ting-Lu|Vessel of Ruin
|
|-heal|p1a: The Menace|82/100|[from] item: Leftovers
|upkeep
|turn|3
|
|t:|1743869500
|move|p1a: The Menace|Will-O-Wisp|p2a: Ting-Lu
|-status|p2a: Ting-Lu|brn
|move|p2a: Ting-Lu|Ruination|p1a: The Menace
|-damage|p1a: The Menace|41/100
|
|-heal|p1a: The Menace|47/100|[from] item: Leftovers
|-damage|p2a: Ting-Lu|94/100 brn|[from] brn
|upkeep
|turn|4
|
|t:|1743869511
|switch|p1a: Hydrapple|Hydrapple, F, shiny|65/100
|move|p2a: Ting-Lu|Stealth Rock|p1a: Hydrapple
|-sidestart|p1: FittedCrib04|move: Stealth Rock
|
|-heal|p2a: Ting-Lu|100/100 brn|[from] item: Leftovers
|-damage|p2a: Ting-Lu|94/100 brn|[from] brn
|upkeep
|turn|5
|inactive|Battle timer is ON: inactive players will automatically lose when time's up. (requested by ThunderClapYaMama)
|
|t:|1743869572
|switch|p2a: Gholdengo|Gholdengo|100/100
|move|p1a: Hydrapple|Giga Drain|p2a: Gholdengo
|-resisted|p2a: Gholdengo
|-damage|p2a: Gholdengo|85/100
|-heal|p1a: Hydrapple|72/100|[from] drain|[of] p2a: Gholdengo
|
|upkeep
|turn|6
|
|t:|1743869588
|move|p2a: Gholdengo|Nasty Plot|p2a: Gholdengo
|-boost|p2a: Gholdengo|spa|2
|move|p1a: Hydrapple|Dragon Tail|p2a: Gholdengo
|-resisted|p2a: Gholdengo
|-damage|p2a: Gholdengo|78/100
|drag|p2a: Raging Bolt|Raging Bolt|100/100
|
|upkeep
|turn|7
|
|t:|1743869610
|switch|p1a: The Light|Cresselia, F|100/100
|-damage|p1a: The Light|88/100|[from] Stealth Rock
|move|p2a: Raging Bolt|Volt Switch|p1a: The Light
|-damage|p1a: The Light|64/100
|
|t:|1743869615
|-end|p2a: Raging Bolt|Protosynthesis|[silent]
|switch|p2a: Landorus|Landorus-Therian, M|100/100|[from] Volt Switch
|-ability|p2a: Landorus|Intimidate|boost
|-unboost|p1a: The Light|atk|1
|
|upkeep
|turn|8
|
|t:|1743869618
|move|p1a: The Light|Icy Wind|p2a: Landorus|[miss]
|-miss|p1a: The Light|p2a: Landorus
|move|p2a: Landorus|Taunt|p1a: The Light
|-start|p1a: The Light|move: Taunt
|
|upkeep
|turn|9
|
|t:|1743869625
|switch|p2a: Gholdengo|Gholdengo|78/100
|move|p1a: The Light|Icy Wind|p2a: Gholdengo
|-resisted|p2a: Gholdengo
|-damage|p2a: Gholdengo|73/100
|-unboost|p2a: Gholdengo|spe|1
|
|upkeep
|turn|10
|
|t:|1743869641
|switch|p1a: Hydrapple|Hydrapple, F, shiny|100/100
|-damage|p1a: Hydrapple|88/100|[from] Stealth Rock
|switch|p2a: Raging Bolt|Raging Bolt|100/100
|
|upkeep
|turn|11
|
|t:|1743869647
|move|p2a: Raging Bolt|Draco Meteor|p1a: Hydrapple
|-supereffective|p1a: Hydrapple
|-damage|p1a: Hydrapple|22/100
|-unboost|p2a: Raging Bolt|spa|2
|move|p1a: Hydrapple|Earth Power|p2a: Raging Bolt
|-supereffective|p2a: Raging Bolt
|-damage|p2a: Raging Bolt|52/100
|
|upkeep
|turn|12
|
|t:|1743869655
|move|p2a: Raging Bolt|Volt Switch|p1a: Hydrapple
|-resisted|p1a: Hydrapple
|-damage|p1a: Hydrapple|19/100
|
|t:|1743869663
|-end|p2a: Raging Bolt|Protosynthesis|[silent]
|switch|p2a: Landorus|Landorus-Therian, M|100/100|[from] Volt Switch
|-ability|p2a: Landorus|Intimidate|boost
|-unboost|p1a: Hydrapple|atk|1
|move|p1a: Hydrapple|Dragon Tail|p2a: Landorus
|-damage|p2a: Landorus|88/100
|drag|p2a: Raging Bolt|Raging Bolt|52/100
|
|upkeep
|turn|13
|
|t:|1743869678
|switch|p1a: The Replacement|Corviknight, F|100/100
|-damage|p1a: The Replacement|88/100|[from] Stealth Rock
|-ability|p1a: The Replacement|Pressure
|move|p2a: Raging Bolt|Calm Mind|p2a: Raging Bolt
|-boost|p2a: Raging Bolt|spa|1
|-boost|p2a: Raging Bolt|spd|1
|
|upkeep
|turn|14
|
|t:|1743869689
|switch|p1a: The Unbothered|Skeledirge, M|100/100
|move|p2a: Raging Bolt|Volt Switch|p1a: The Unbothered
|-damage|p1a: The Unbothered|74/100
|
|t:|1743869710
|-end|p2a: Raging Bolt|Protosynthesis|[silent]
|switch|p2a: Great Tusk|Great Tusk|100/100|[from] Volt Switch
|
|upkeep
|turn|15
|
|t:|1743869713
|switch|p1a: The Replacement|Corviknight, F|88/100
|-damage|p1a: The Replacement|75/100|[from] Stealth Rock
|-ability|p1a: The Replacement|Pressure
|move|p2a: Great Tusk|Knock Off|p1a: The Replacement
|-damage|p1a: The Replacement|56/100
|-damage|p2a: Great Tusk|84/100|[from] item: Rocky Helmet|[of] p1a: The Replacement
|-enditem|p1a: The Replacement|Rocky Helmet|[from] move: Knock Off|[of] p2a: Great Tusk
|
|upkeep
|turn|16
|
|t:|1743869730
|-end|p2a: Great Tusk|Protosynthesis|[silent]
|switch|p2a: Raging Bolt|Raging Bolt|52/100
|move|p1a: The Replacement|Roost|p1a: The Replacement
|-heal|p1a: The Replacement|100/100
|-singleturn|p1a: The Replacement|move: Roost
|
|upkeep
|turn|17
|
|t:|1743869737
|switch|p1a: The Indomitable|Suicune|100/100
|-damage|p1a: The Indomitable|88/100|[from] Stealth Rock
|-ability|p1a: The Indomitable|Pressure
|move|p2a: Raging Bolt|Calm Mind|p2a: Raging Bolt
|-boost|p2a: Raging Bolt|spa|1
|-boost|p2a: Raging Bolt|spd|1
|
|-heal|p1a: The Indomitable|94/100|[from] item: Leftovers
|upkeep
|turn|18
|
|t:|1743869745
|move|p2a: Raging Bolt|Volt Switch|p1a: The Indomitable
|-supereffective|p1a: The Indomitable
|-damage|p1a: The Indomitable|25/100
|
|t:|1743869748
|-end|p2a: Raging Bolt|Protosynthesis|[silent]
|switch|p2a: Ogerpon|Ogerpon-Wellspring, F|100/100|[from] Volt Switch
|move|p1a: The Indomitable|Substitute|p1a: The Indomitable
|-fail|p1a: The Indomitable|move: Substitute|[weak]
|
|-heal|p1a: The Indomitable|32/100|[from] item: Leftovers
|upkeep
|turn|19
|
|t:|1743869755
|move|p1a: The Indomitable|Protect|p1a: The Indomitable
|-singleturn|p1a: The Indomitable|Protect
|move|p2a: Ogerpon|Knock Off|p1a: The Indomitable
|-activate|p1a: The Indomitable|move: Protect
|
|-heal|p1a: The Indomitable|38/100|[from] item: Leftovers
|upkeep
|turn|20
|
|t:|1743869760
|switch|p1a: The Light|Cresselia, F|64/100
|-damage|p1a: The Light|51/100|[from] Stealth Rock
|move|p2a: Ogerpon|Swords Dance|p2a: Ogerpon
|-boost|p2a: Ogerpon|atk|2
|
|upkeep
|turn|21
|
|t:|1743869765
|move|p1a: The Light|Thunder Wave|p2a: Ogerpon
|-status|p2a: Ogerpon|par
|move|p2a: Ogerpon|Knock Off|p1a: The Light
|-supereffective|p1a: The Light
|-damage|p1a: The Light|0 fnt
|-enditem|p1a: The Light|Choice Scarf|[from] move: Knock Off|[of] p2a: Ogerpon
|faint|p1a: The Light
|
|upkeep
|
|t:|1743869772
|switch|p1a: The Menace|Darkrai|47/100
|-damage|p1a: The Menace|35/100|[from] Stealth Rock
|turn|22
|
|t:|1743869781
|switch|p2a: Ting-Lu|Ting-Lu|94/100 brn
|-ability|p2a: Ting-Lu|Vessel of Ruin
|move|p1a: The Menace|Dark Pulse|p2a: Ting-Lu
|-resisted|p2a: Ting-Lu
|-damage|p2a: Ting-Lu|85/100 brn
|
|-heal|p1a: The Menace|41/100|[from] item: Leftovers
|-heal|p2a: Ting-Lu|92/100 brn|[from] item: Leftovers
|-damage|p2a: Ting-Lu|85/100 brn|[from] brn
|upkeep
|turn|23
|
|t:|1743869789
|switch|p1a: Hydrapple|Hydrapple, F, shiny|52/100
|-damage|p1a: Hydrapple|40/100|[from] Stealth Rock
|switch|p2a: Gholdengo|Gholdengo|73/100
|
|upkeep
|turn|24
|
|t:|1743869798
|move|p2a: Gholdengo|Recover|p2a: Gholdengo
|-heal|p2a: Gholdengo|100/100
|move|p1a: Hydrapple|Earth Power|p2a: Gholdengo
|-supereffective|p2a: Gholdengo
|-enditem|p2a: Gholdengo|Shuca Berry|[eat]
|-enditem|p2a: Gholdengo|Shuca Berry|[weaken]
|-damage|p2a: Gholdengo|79/100
|
|upkeep
|turn|25
|
|t:|1743869812
|switch|p2a: Ting-Lu|Ting-Lu|85/100 brn
|-ability|p2a: Ting-Lu|Vessel of Ruin
|move|p1a: Hydrapple|Dragon Tail|p2a: Ting-Lu
|-damage|p2a: Ting-Lu|77/100 brn
|drag|p2a: Great Tusk|Great Tusk|84/100
|
|upkeep
|turn|26
|
|t:|1743869823
|-end|p2a: Great Tusk|Protosynthesis|[silent]
|switch|p2a: Raging Bolt|Raging Bolt|52/100
|switch|p1a: The Replacement|Corviknight, F|100/100
|-damage|p1a: The Replacement|88/100|[from] Stealth Rock
|-ability|p1a: The Replacement|Pressure
|
|upkeep
|turn|27
|
|t:|1743869841
|switch|p1a: Hydrapple|Hydrapple, F, shiny|73/100
|-damage|p1a: Hydrapple|61/100|[from] Stealth Rock
|move|p2a: Raging Bolt|Volt Switch|p1a: Hydrapple
|-resisted|p1a: Hydrapple
|-damage|p1a: Hydrapple|56/100
|
|t:|1743869849
|-end|p2a: Raging Bolt|Protosynthesis|[silent]
|switch|p2a: Landorus|Landorus-Therian, M|88/100|[from] Volt Switch
|-ability|p2a: Landorus|Intimidate|boost
|-unboost|p1a: Hydrapple|atk|1
|
|upkeep
|turn|28
|
|t:|1743869854
|move|p2a: Landorus|U-turn|p1a: Hydrapple
|-supereffective|p1a: Hydrapple
|-damage|p1a: Hydrapple|16/100
|
|t:|1743869861
|switch|p2a: Gholdengo|Gholdengo|79/100|[from] U-turn
|move|p1a: Hydrapple|Giga Drain|p2a: Gholdengo
|-resisted|p2a: Gholdengo
|-damage|p2a: Gholdengo|63/100
|-heal|p1a: Hydrapple|23/100|[from] drain|[of] p2a: Gholdengo
|
|upkeep
|turn|29
|
|t:|1743869867
|switch|p1a: The Menace|Darkrai|41/100
|-damage|p1a: The Menace|29/100|[from] Stealth Rock
|move|p2a: Gholdengo|Nasty Plot|p2a: Gholdengo
|-boost|p2a: Gholdengo|spa|2
|
|-heal|p1a: The Menace|35/100|[from] item: Leftovers
|upkeep
|turn|30
|
|t:|1743869883
|switch|p2a: Ting-Lu|Ting-Lu|77/100 brn
|-ability|p2a: Ting-Lu|Vessel of Ruin
|move|p1a: The Menace|Dark Pulse|p2a: Ting-Lu
|-resisted|p2a: Ting-Lu
|-damage|p2a: Ting-Lu|68/100 brn
|
|-heal|p1a: The Menace|41/100|[from] item: Leftovers
|-heal|p2a: Ting-Lu|74/100 brn|[from] item: Leftovers
|-damage|p2a: Ting-Lu|68/100 brn|[from] brn
|upkeep
|turn|31
|
|t:|1743869892
|move|p1a: The Menace|Nasty Plot|p1a: The Menace
|-boost|p1a: The Menace|spa|2
|move|p2a: Ting-Lu|Spikes|p1a: The Menace
|-sidestart|p1: FittedCrib04|Spikes
|
|-heal|p1a: The Menace|47/100|[from] item: Leftovers
|-heal|p2a: Ting-Lu|74/100 brn|[from] item: Leftovers
|-damage|p2a: Ting-Lu|68/100 brn|[from] brn
|upkeep
|turn|32
|
|t:|1743869898
|move|p1a: The Menace|Dark Pulse|p2a: Ting-Lu
|-resisted|p2a: Ting-Lu
|-damage|p2a: Ting-Lu|49/100 brn
|move|p2a: Ting-Lu|Whirlwind|p1a: The Menace
|drag|p1a: The Indomitable|Suicune|38/100
|-damage|p1a: The Indomitable|25/100|[from] Stealth Rock
|-damage|p1a: The Indomitable|13/100|[from] Spikes
|-ability|p1a: The Indomitable|Pressure
|
|-heal|p1a: The Indomitable|19/100|[from] item: Leftovers
|-heal|p2a: Ting-Lu|55/100 brn|[from] item: Leftovers
|-damage|p2a: Ting-Lu|49/100 brn|[from] brn
|upkeep
|turn|33
|-message|FittedCrib04 forfeited.
|
|win|ThunderClapYaMama
|raw|FittedCrib04's rating: 1508 &rarr; <strong>1493</strong><br />(-15 for losing)
|raw|ThunderClapYaMama's rating: 1604 &rarr; <strong>1619</strong><br />(+15 for winning)
|l|☆FittedCrib04
|player|p1|
|l|☆ThunderClapYaMama
|player|p2|
