|j|☆ricky135
|j|☆4kazter
|t:|1743827816
|gametype|singles
|player|p1|ricky135|ghetsis-gen5bw|1601
|player|p2|4kazter|102|1659
|teamsize|p1|6
|teamsize|p2|6
|gen|9
|tier|[Gen 9] OU
|rated|
|rule|HP Percentage Mod: HP is shown in percentages
|rule|Endless Battle Clause: Forcing endless battles is banned
|rule|Species Clause: Limit one of each Pokémon
|rule|OHKO Clause: OHKO moves are banned
|rule|Evasion Items Clause: Evasion items are banned
|rule|Evasion Moves Clause: Evasion moves are banned
|rule|Sleep Moves Clause: Sleep-inducing moves are banned
|clearpoke
|poke|p1|Iron Valiant|
|poke|p1|Kingambit, M|
|poke|p1|Araquanid, F|
|poke|p1|Great Tusk|
|poke|p1|Porygon-Z|
|poke|p1|Gholdengo|
|poke|p2|Iron Crown|
|poke|p2|Haxorus, F|
|poke|p2|Indeedee, M|
|poke|p2|Hoopa-Unbound|
|poke|p2|Kyurem|
|poke|p2|Slowking-Galar, M|
|teampreview
|inactive|Battle timer is ON: inactive players will automatically lose when time's up. (requested by ricky135)
|
|t:|1743827841
|start
|switch|p1a: Araquanid|Araquanid, F|100/100
|switch|p2a: Haxorus|Haxorus, F|100/100
|-ability|p2a: Haxorus|Mold Breaker
|turn|1
|
|t:|1743827847
|move|p2a: Haxorus|Swords Dance|p2a: Haxorus
|-boost|p2a: Haxorus|atk|2
|move|p1a: Araquanid|Sticky Web|p2a: Haxorus
|-sidestart|p2: 4kazter|move: Sticky Web
|
|upkeep
|turn|2
|
|t:|1743827852
|move|p1a: Araquanid|Endure|p1a: Araquanid
|-singleturn|p1a: Araquanid|move: Endure
|move|p2a: Haxorus|Scale Shot|p1a: Araquanid
|-damage|p1a: Araquanid|67/100
|-damage|p1a: Araquanid|33/100
|-activate|p1a: Araquanid|move: Endure
|-damage|p1a: Araquanid|1/100
|-activate|p1a: Araquanid|move: Endure
|-damage|p1a: Araquanid|1/100
|-activate|p1a: Araquanid|move: Endure
|-damage|p1a: Araquanid|1/100
|-hitcount|p1a: Araquanid|5
|-unboost|p2a: Haxorus|def|1
|-boost|p2a: Haxorus|spe|1
|
|upkeep
|turn|3
|-enditem|p1a: Araquanid|Custap Berry|[eat]
|-activate|p1a: Araquanid|item: Custap Berry|[consumed]
|
|t:|1743827864
|move|p1a: Araquanid|Endeavor|p2a: Haxorus
|-damage|p2a: Haxorus|1/100
|move|p2a: Haxorus|Scale Shot|p1a: Araquanid
|-damage|p1a: Araquanid|0 fnt
|faint|p1a: Araquanid
|-hitcount|p1: Araquanid|1
|-unboost|p2a: Haxorus|def|1
|-boost|p2a: Haxorus|spe|1
|
|upkeep
|
|t:|1743827889
|switch|p1a: Kingambit|Kingambit, M|100/100
|-activate|p1a: Kingambit|ability: Supreme Overlord
|-start|p1a: Kingambit|fallen1|[silent]
|turn|4
|
|t:|1743827893
|switch|p2a: Indeedee|Indeedee, M|100/100
|-activate|p2a: Indeedee|move: Sticky Web
|-unboost|p2a: Indeedee|spe|1
|-fieldstart|move: Psychic Terrain|[from] ability: Psychic Surge|[of] p2a: Indeedee
|move|p1a: Kingambit|Sucker Punch||[still]
|-fail|p1a: Kingambit
|
|upkeep
|turn|5
|
|t:|1743827900
|move|p2a: Indeedee|Encore|p1a: Kingambit
|-start|p1a: Kingambit|Encore
|move|p1a: Kingambit|Sucker Punch||[still]
|-fail|p1a: Kingambit
|
|upkeep
|turn|6
|
|t:|1743827905
|switch|p2a: Hoopa|Hoopa-Unbound|100/100
|-activate|p2a: Hoopa|move: Sticky Web
|-unboost|p2a: Hoopa|spe|1
|-end|p1a: Kingambit|fallen1|[silent]
|switch|p1a: Porygon-Z|Porygon-Z|100/100
|-ability|p1a: Porygon-Z|Download|boost
|-boost|p1a: Porygon-Z|atk|1
|
|upkeep
|turn|7
|
|t:|1743827913
|move|p1a: Porygon-Z|Tera Blast|p2a: Hoopa
|-damage|p2a: Hoopa|66/100
|move|p2a: Hoopa|Trick Room|p2a: Hoopa
|-fieldstart|move: Trick Room|[of] p2a: Hoopa
|
|upkeep
|turn|8
|
|t:|1743827921
|move|p2a: Hoopa|Expanding Force|p1a: Porygon-Z
|-damage|p1a: Porygon-Z|0 fnt
|faint|p1a: Porygon-Z
|-damage|p2a: Hoopa|56/100|[from] item: Life Orb
|
|upkeep
|
|t:|1743827928
|switch|p1a: Kingambit|Kingambit, M|100/100
|-activate|p1a: Kingambit|ability: Supreme Overlord
|-start|p1a: Kingambit|fallen2|[silent]
|turn|9
|
|t:|1743827933
|-end|p1a: Kingambit|fallen2|[silent]
|switch|p1a: Great Tusk|Great Tusk|100/100
|-enditem|p1a: Great Tusk|Booster Energy
|-activate|p1a: Great Tusk|ability: Protosynthesis|[fromitem]
|-start|p1a: Great Tusk|protosynthesisspe
|move|p2a: Hoopa|Brick Break|p1a: Great Tusk
|-damage|p1a: Great Tusk|72/100
|-damage|p2a: Hoopa|46/100|[from] item: Life Orb
|
|upkeep
|turn|10
|
|t:|1743827942
|-end|p1a: Great Tusk|Protosynthesis|[silent]
|switch|p1a: Kingambit|Kingambit, M|100/100
|-activate|p1a: Kingambit|ability: Supreme Overlord
|-start|p1a: Kingambit|fallen2|[silent]
|move|p2a: Hoopa|Hyperspace Fury|p1a: Kingambit
|-resisted|p1a: Kingambit
|-damage|p1a: Kingambit|63/100
|-unboost|p2a: Hoopa|def|1
|-damage|p2a: Hoopa|36/100|[from] item: Life Orb
|
|-heal|p1a: Kingambit|69/100|[from] item: Leftovers
|upkeep
|turn|11
|
|t:|1743827952
|move|p2a: Hoopa|Brick Break|p1a: Kingambit
|-supereffective|p1a: Kingambit
|-damage|p1a: Kingambit|0 fnt
|faint|p1a: Kingambit
|-end|p1a: Kingambit|fallen2|[silent]
|-damage|p2a: Hoopa|26/100|[from] item: Life Orb
|
|-fieldend|move: Trick Room
|-fieldend|move: Psychic Terrain
|upkeep
|
|t:|1743827960
|switch|p1a: Great Tusk|Great Tusk|72/100
|turn|12
|
|t:|1743827966
|switch|p2a: Haxorus|Haxorus, F|1/100
|-activate|p2a: Haxorus|move: Sticky Web
|-unboost|p2a: Haxorus|spe|1
|-ability|p2a: Haxorus|Mold Breaker
|move|p1a: Great Tusk|Rapid Spin|p2a: Haxorus
|-damage|p2a: Haxorus|0 fnt
|-boost|p1a: Great Tusk|spe|1
|faint|p2a: Haxorus
|
|upkeep
|
|t:|1743827975
|switch|p2a: Slowking|Slowking-Galar, M|100/100
|-activate|p2a: Slowking|move: Sticky Web
|-unboost|p2a: Slowking|spe|1
|turn|13
|
|t:|1743827979
|-terastallize|p2a: Slowking|Psychic
|move|p1a: Great Tusk|Bulk Up|p1a: Great Tusk
|-boost|p1a: Great Tusk|atk|1
|-boost|p1a: Great Tusk|def|1
|move|p2a: Slowking|Trick Room|p2a: Slowking
|-fieldstart|move: Trick Room|[of] p2a: Slowking
|
|upkeep
|turn|14
|
|t:|1743827985
|switch|p2a: Indeedee|Indeedee, M|100/100
|-activate|p2a: Indeedee|move: Sticky Web
|-unboost|p2a: Indeedee|spe|1
|-fieldstart|move: Psychic Terrain|[from] ability: Psychic Surge|[of] p2a: Indeedee
|move|p1a: Great Tusk|Headlong Rush|p2a: Indeedee
|-damage|p2a: Indeedee|0 fnt
|-unboost|p1a: Great Tusk|def|1
|-unboost|p1a: Great Tusk|spd|1
|faint|p2a: Indeedee
|
|upkeep
|
|t:|1743828001
|switch|p2a: Slowking|Slowking-Galar, M, tera:Psychic|100/100
|-activate|p2a: Slowking|move: Sticky Web
|-unboost|p2a: Slowking|spe|1
|turn|15
|
|t:|1743828005
|-end|p1a: Great Tusk|Protosynthesis|[silent]
|switch|p1a: Gholdengo|Gholdengo|100/100
|-item|p1a: Gholdengo|Air Balloon
|move|p2a: Slowking|Expanding Force|p1a: Gholdengo
|-resisted|p1a: Gholdengo
|-damage|p1a: Gholdengo|29/100
|-enditem|p1a: Gholdengo|Air Balloon
|-damage|p2a: Slowking|91/100|[from] item: Life Orb
|
|upkeep
|turn|16
|
|t:|1743828022
|switch|p1a: Great Tusk|Great Tusk|72/100
|move|p2a: Slowking|Expanding Force|p1a: Great Tusk
|-supereffective|p1a: Great Tusk
|-damage|p1a: Great Tusk|0 fnt
|faint|p1a: Great Tusk
|-end|p1a: Great Tusk|Protosynthesis|[silent]
|-damage|p2a: Slowking|81/100|[from] item: Life Orb
|
|upkeep
|
|t:|1743828037
|switch|p1a: Iron Valiant|Iron Valiant|100/100
|-enditem|p1a: Iron Valiant|Booster Energy
|-activate|p1a: Iron Valiant|ability: Quark Drive|[fromitem]
|-start|p1a: Iron Valiant|quarkdrivespe
|turn|17
|
|t:|1743828043
|switch|p2a: Hoopa|Hoopa-Unbound|26/100
|-activate|p2a: Hoopa|move: Sticky Web
|-unboost|p2a: Hoopa|spe|1
|move|p1a: Iron Valiant|Knock Off|p2a: Hoopa
|-damage|p2a: Hoopa|0 fnt
|-enditem|p2a: Hoopa|Life Orb|[from] move: Knock Off|[of] p1a: Iron Valiant
|faint|p2a: Hoopa
|
|-fieldend|move: Trick Room
|upkeep
|
|t:|1743828055
|switch|p2a: Slowking|Slowking-Galar, M, tera:Psychic|100/100
|-activate|p2a: Slowking|move: Sticky Web
|-unboost|p2a: Slowking|spe|1
|turn|18
|
|t:|1743828063
|move|p1a: Iron Valiant|Knock Off|p2a: Slowking
|-supereffective|p2a: Slowking
|-damage|p2a: Slowking|44/100
|-enditem|p2a: Slowking|Life Orb|[from] move: Knock Off|[of] p1a: Iron Valiant
|move|p2a: Slowking|Trick Room|p2a: Slowking
|-fieldstart|move: Trick Room|[of] p2a: Slowking
|
|upkeep
|turn|19
|
|t:|1743828069
|move|p2a: Slowking|Expanding Force|p1a: Iron Valiant
|-supereffective|p1a: Iron Valiant
|-damage|p1a: Iron Valiant|0 fnt
|faint|p1a: Iron Valiant
|-end|p1a: Iron Valiant|Quark Drive|[silent]
|
|upkeep
|
|t:|1743828070
|switch|p1a: Gholdengo|Gholdengo|29/100
|turn|20
|
|t:|1743828074
|move|p2a: Slowking|Expanding Force|p1a: Gholdengo
|-resisted|p1a: Gholdengo
|-damage|p1a: Gholdengo|0 fnt
|faint|p1a: Gholdengo
|
|win|4kazter
|raw|ricky135's rating: 1601 &rarr; <strong>1584</strong><br />(-17 for losing)
|raw|4kazter's rating: 1659 &rarr; <strong>1676</strong><br />(+17 for winning)
|l|☆ricky135
|player|p1|
|l|☆4kazter
|player|p2|
