|j|☆Lsoma
|j|☆Excelio21
|t:|1743787969
|gametype|singles
|player|p1|Lsoma|red|1309
|player|p2|Excelio21|riley|1352
|teamsize|p1|6
|teamsize|p2|6
|gen|9
|tier|[Gen 9] OU
|rated|
|rule|HP Percentage Mod: HP is shown in percentages
|rule|Endless Battle Clause: Forcing endless battles is banned
|rule|Species Clause: Limit one of each Pokémon
|rule|OHKO Clause: OHKO moves are banned
|rule|Evasion Items Clause: Evasion items are banned
|rule|Evasion Moves Clause: Evasion moves are banned
|rule|Sleep Moves Clause: Sleep-inducing moves are banned
|clearpoke
|poke|p1|Great Tusk|
|poke|p1|Gholdengo|
|poke|p1|Meowscarada, M|
|poke|p1|Primarina, F|
|poke|p1|Moltres|
|poke|p1|Raging Bolt|
|poke|p2|Ogerpon-Wellspring, F|
|poke|p2|Pelipper, M|
|poke|p2|Klefki, F|
|poke|p2|Grimmsnarl, M|
|poke|p2|Barraskewda, M|
|poke|p2|Walking Wake|
|teampreview
|inactive|Battle timer is ON: inactive players will automatically lose when time's up. (requested by Excelio21)
|
|t:|1743787983
|start
|switch|p1a: Raging Bolt|Raging Bolt|100/100
|switch|p2a: Walking Wake|Walking Wake|100/100
|turn|1
|
|t:|1743787994
|-terastallize|p1a: Raging Bolt|Fairy
|move|p2a: Walking Wake|Scald|p1a: Raging Bolt
|-damage|p1a: Raging Bolt|45/100
|move|p1a: Raging Bolt|Calm Mind|p1a: Raging Bolt
|-boost|p1a: Raging Bolt|spa|1
|-boost|p1a: Raging Bolt|spd|1
|
|upkeep
|turn|2
|
|t:|1743788002
|-end|p2a: Walking Wake|Protosynthesis|[silent]
|switch|p2a: Klefki|Klefki, F|100/100
|move|p1a: Raging Bolt|Thunderclap||[still]
|-fail|p1a: Raging Bolt
|
|upkeep
|turn|3
|
|t:|1743788006
|move|p2a: Klefki|Switcheroo|p1a: Raging Bolt
|-activate|p2a: Klefki|move: Trick|[of] p1a: Raging Bolt
|-item|p1a: Raging Bolt|Choice Specs|[from] move: Switcheroo
|-item|p2a: Klefki|Magnet|[from] move: Switcheroo
|move|p1a: Raging Bolt|Thunderbolt|p2a: Klefki
|-damage|p2a: Klefki|0 fnt
|faint|p2a: Klefki
|
|upkeep
|
|t:|1743788020
|switch|p2a: Ogerpon|Ogerpon-Wellspring, F|100/100
|turn|4
|
|t:|1743788025
|-end|p1a: Raging Bolt|Protosynthesis|[silent]
|switch|p1a: Primarina|Primarina, F|100/100
|move|p2a: Ogerpon|Ivy Cudgel|p1a: Primarina|[anim] Ivy Cudgel Water
|-resisted|p1a: Primarina
|-damage|p1a: Primarina|52/100
|
|upkeep
|turn|5
|
|t:|1743788031
|move|p2a: Ogerpon|Horn Leech|p1a: Primarina
|-supereffective|p1a: Primarina
|-damage|p1a: Primarina|0 fnt
|faint|p1a: Primarina
|
|upkeep
|
|t:|1743788040
|switch|p1a: Meowscarada|Meowscarada, M|100/100
|turn|6
|
|t:|1743788046
|switch|p2a: Pelipper|Pelipper, M|100/100
|-weather|RainDance|[from] ability: Drizzle|[of] p2a: Pelipper
|move|p1a: Meowscarada|Triple Axel|p2a: Pelipper
|-start|p1a: Meowscarada|typechange|Ice|[from] ability: Protean
|-damage|p2a: Pelipper|90/100
|-damage|p2a: Pelipper|71/100
|-damage|p2a: Pelipper|40/100
|-hitcount|p2a: Pelipper|3
|
|-weather|RainDance|[upkeep]
|upkeep
|turn|7
|
|t:|1743788054
|move|p1a: Meowscarada|Triple Axel|p2a: Pelipper
|-damage|p2a: Pelipper|31/100
|-damage|p2a: Pelipper|10/100
|-damage|p2a: Pelipper|0 fnt
|faint|p2a: Pelipper
|-hitcount|p2: Pelipper|3
|
|-weather|RainDance|[upkeep]
|upkeep
|
|t:|1743788057
|switch|p2a: Barraskewda|Barraskewda, M|100/100
|turn|8
|
|t:|1743788067
|switch|p1a: Great Tusk|Great Tusk|100/100
|move|p2a: Barraskewda|Liquidation|p1a: Great Tusk
|-supereffective|p1a: Great Tusk
|-damage|p1a: Great Tusk|0 fnt
|-damage|p2a: Barraskewda|84/100|[from] item: Rocky Helmet|[of] p1a: Great Tusk
|faint|p1a: Great Tusk
|-end|p1a: Great Tusk|Protosynthesis|[silent]
|-damage|p2a: Barraskewda|74/100|[from] item: Life Orb
|
|-weather|RainDance|[upkeep]
|upkeep
|
|t:|1743788069
|switch|p1a: Raging Bolt|Raging Bolt, tera:Fairy|45/100
|turn|9
|
|t:|1743788076
|switch|p2a: Grimmsnarl|Grimmsnarl, M|100/100
|move|p1a: Raging Bolt|Thunderclap||[still]
|-fail|p1a: Raging Bolt
|
|-weather|RainDance|[upkeep]
|upkeep
|turn|10
|
|t:|1743788079
|-end|p1a: Raging Bolt|Protosynthesis|[silent]
|switch|p1a: Gholdengo|Gholdengo|100/100
|move|p2a: Grimmsnarl|Play Rough|p1a: Gholdengo
|-resisted|p1a: Gholdengo
|-damage|p1a: Gholdengo|57/100
|
|-weather|RainDance|[upkeep]
|upkeep
|turn|11
|
|t:|1743788086
|switch|p2a: Barraskewda|Barraskewda, M|74/100
|move|p1a: Gholdengo|Make It Rain|p2a: Barraskewda
|-resisted|p2a: Barraskewda
|-damage|p2a: Barraskewda|5/100
|-unboost|p1a: Gholdengo|spa|1
|
|-weather|RainDance|[upkeep]
|upkeep
|turn|12
|
|t:|1743788094
|move|p2a: Barraskewda|Liquidation|p1a: Gholdengo
|-damage|p1a: Gholdengo|0 fnt
|faint|p1a: Gholdengo
|-damage|p2a: Barraskewda|0 fnt|[from] item: Life Orb
|faint|p2a: Barraskewda
|
|-weather|RainDance|[upkeep]
|upkeep
|
|t:|1743788108
|switch|p2a: Grimmsnarl|Grimmsnarl, M|100/100
|switch|p1a: Meowscarada|Meowscarada, M|100/100
|turn|13
|
|t:|1743788123
|move|p1a: Meowscarada|U-turn|p2a: Grimmsnarl
|-start|p1a: Meowscarada|typechange|Bug|[from] ability: Protean
|-damage|p2a: Grimmsnarl|58/100
|
|t:|1743788126
|switch|p1a: Moltres|Moltres, shiny|100/100|[from] U-turn
|move|p2a: Grimmsnarl|Play Rough|p1a: Moltres|[miss]
|-miss|p2a: Grimmsnarl|p1a: Moltres
|
|-weather|none
|upkeep
|turn|14
|
|t:|1743788133
|switch|p2a: Walking Wake|Walking Wake|100/100
|move|p1a: Moltres|Will-O-Wisp|p2a: Walking Wake
|-status|p2a: Walking Wake|brn
|
|-damage|p2a: Walking Wake|94/100 brn|[from] brn
|upkeep
|turn|15
|
|t:|1743788138
|move|p2a: Walking Wake|Scald|p1a: Moltres
|-supereffective|p1a: Moltres
|-crit|p1a: Moltres
|-damage|p1a: Moltres|0 fnt
|faint|p1a: Moltres
|
|-damage|p2a: Walking Wake|88/100 brn|[from] brn
|upkeep
|
|t:|1743788142
|switch|p1a: Meowscarada|Meowscarada, M|100/100
|turn|16
|
|t:|1743788148
|move|p1a: Meowscarada|Flower Trick|p2a: Walking Wake
|-start|p1a: Meowscarada|typechange|Grass|[from] ability: Protean
|-crit|p2a: Walking Wake
|-damage|p2a: Walking Wake|30/100 brn
|move|p2a: Walking Wake|Scald|p1a: Meowscarada
|-resisted|p1a: Meowscarada
|-damage|p1a: Meowscarada|49/100
|-status|p1a: Meowscarada|brn
|
|-damage|p1a: Meowscarada|43/100 brn|[from] brn
|-damage|p2a: Walking Wake|24/100 brn|[from] brn
|upkeep
|turn|17
|
|t:|1743788162
|move|p1a: Meowscarada|Flower Trick|p2a: Walking Wake
|-crit|p2a: Walking Wake
|-damage|p2a: Walking Wake|0 fnt
|faint|p2a: Walking Wake
|-end|p2a: Walking Wake|Protosynthesis|[silent]
|
|-damage|p1a: Meowscarada|37/100 brn|[from] brn
|upkeep
|
|t:|1743788166
|switch|p2a: Grimmsnarl|Grimmsnarl, M|58/100
|turn|18
|
|t:|1743788172
|move|p1a: Meowscarada|Flower Trick|p2a: Grimmsnarl
|-crit|p2a: Grimmsnarl
|-damage|p2a: Grimmsnarl|25/100
|move|p2a: Grimmsnarl|Crunch|p1a: Meowscarada
|-damage|p1a: Meowscarada|0 fnt
|faint|p1a: Meowscarada
|
|upkeep
|
|t:|1743788175
|switch|p1a: Raging Bolt|Raging Bolt, tera:Fairy|45/100
|turn|19
|
|t:|1743788179
|move|p1a: Raging Bolt|Calm Mind|p1a: Raging Bolt
|-boost|p1a: Raging Bolt|spa|1
|-boost|p1a: Raging Bolt|spd|1
|move|p2a: Grimmsnarl|Crunch|p1a: Raging Bolt
|-resisted|p1a: Raging Bolt
|-damage|p1a: Raging Bolt|14/100
|
|upkeep
|turn|20
|c|☆Lsoma|shit i forgot..
|c|☆Lsoma|gg
|-message|Lsoma forfeited.
|
|win|Excelio21
|raw|Lsoma's rating: 1309 &rarr; <strong>1291</strong><br />(-18 for losing)
|raw|Excelio21's rating: 1352 &rarr; <strong>1370</strong><br />(+18 for winning)
|l|☆Lsoma
|player|p1|
|c|☆Excelio21|Hhhh
