|j|☆Raydex0123
|j|☆Kainoa55
|t:|1743784738
|gametype|singles
|player|p1|Raydex0123|lucas|1219
|player|p2|Kainoa55|ingo|1198
|teamsize|p1|6
|teamsize|p2|6
|gen|9
|tier|[Gen 9] OU
|rated|
|rule|HP Percentage Mod: HP is shown in percentages
|rule|Endless Battle Clause: Forcing endless battles is banned
|rule|Species Clause: Limit one of each Pokémon
|rule|OHKO Clause: OHKO moves are banned
|rule|Evasion Items Clause: Evasion items are banned
|rule|Evasion Moves Clause: Evasion moves are banned
|rule|Sleep Moves Clause: Sleep-inducing moves are banned
|clearpoke
|poke|p1|Iron Valiant|
|poke|p1|Dragapult, M|
|poke|p1|Cobalion|
|poke|p1|Sylveon, M|
|poke|p1|Corviknight, M|
|poke|p1|Alomomola, M|
|poke|p2|Eelektross, M|
|poke|p2|Gallade, M|
|poke|p2|Ursaluna, F|
|poke|p2|Salamence, M|
|poke|p2|Froslass, F|
|poke|p2|Krookodile, F|
|teampreview
|inactive|Battle timer is ON: inactive players will automatically lose when time's up. (requested by Kainoa55)
|
|t:|1743784742
|start
|switch|p1a: Cobalion|Cobalion, shiny|100/100
|switch|p2a: Eelektross|Eelektross, M|100/100
|turn|1
|
|t:|1743784751
|move|p1a: Cobalion|Iron Defense|p1a: Cobalion
|-boost|p1a: Cobalion|def|2
|move|p2a: Eelektross|Volt Switch|p1a: Cobalion
|-damage|p1a: Cobalion|36/100
|
|t:|1743784762
|switch|p2a: Gallade|Gallade, M|100/100|[from] Volt Switch
|
|-heal|p1a: Cobalion|42/100|[from] item: Leftovers
|upkeep
|turn|2
|
|t:|1743784773
|-terastallize|p1a: Cobalion|Flying
|move|p1a: Cobalion|Iron Head|p2a: Gallade
|-damage|p2a: Gallade|56/100
|cant|p2a: Gallade|flinch
|
|-heal|p1a: Cobalion|48/100|[from] item: Leftovers
|upkeep
|turn|3
|
|t:|1743784783
|move|p1a: Cobalion|Iron Defense|p1a: Cobalion
|-boost|p1a: Cobalion|def|2
|move|p2a: Gallade|Sacred Sword|p1a: Cobalion
|-resisted|p1a: Cobalion
|-damage|p1a: Cobalion|30/100
|
|-heal|p1a: Cobalion|36/100|[from] item: Leftovers
|upkeep
|turn|4
|
|t:|1743784800
|switch|p2a: Froslass|Froslass, F|100/100
|move|p1a: Cobalion|Body Press|p2a: Froslass
|-immune|p2a: Froslass
|
|-heal|p1a: Cobalion|42/100|[from] item: Leftovers
|upkeep
|turn|5
|
|t:|1743784812
|switch|p1a: Corviknight|Corviknight, M, shiny|100/100
|-ability|p1a: Corviknight|Pressure
|move|p2a: Froslass|Trick|p1a: Corviknight
|-activate|p2a: Froslass|move: Trick|[of] p1a: Corviknight
|-item|p1a: Corviknight|Choice Band|[from] move: Trick
|-item|p2a: Froslass|Rocky Helmet|[from] move: Trick
|
|upkeep
|turn|6
|
|t:|1743784827
|switch|p2a: Eelektross|Eelektross, M|100/100
|switch|p1a: Sylveon|Sylveon, M, shiny|100/100
|
|upkeep
|turn|7
|
|t:|1743784833
|move|p1a: Sylveon|Wish|p1a: Sylveon
|move|p2a: Eelektross|Thunderbolt|p1a: Sylveon
|-damage|p1a: Sylveon|55/100
|
|-heal|p1a: Sylveon|61/100|[from] item: Leftovers
|upkeep
|turn|8
|
|t:|1743784842
|move|p1a: Sylveon|Calm Mind|p1a: Sylveon
|-boost|p1a: Sylveon|spa|1
|-boost|p1a: Sylveon|spd|1
|move|p2a: Eelektross|Thunderbolt|p1a: Sylveon
|-damage|p1a: Sylveon|32/100
|-status|p1a: Sylveon|par
|
|-heal|p1a: Sylveon|82/100 par|[from] move: Wish|[wisher] Sylveon
|-heal|p1a: Sylveon|89/100 par|[from] item: Leftovers
|upkeep
|turn|9
|
|t:|1743784851
|switch|p2a: Ursaluna|Ursaluna, F|100/100
|move|p1a: Sylveon|Hyper Voice|p2a: Ursaluna
|-damage|p2a: Ursaluna|32/100
|
|-heal|p1a: Sylveon|95/100 par|[from] item: Leftovers
|-status|p2a: Ursaluna|brn|[from] item: Flame Orb
|upkeep
|turn|10
|
|t:|1743784863
|move|p2a: Ursaluna|Gunk Shot|p1a: Sylveon
|-supereffective|p1a: Sylveon
|-damage|p1a: Sylveon|0 fnt
|faint|p1a: Sylveon
|
|-damage|p2a: Ursaluna|26/100 brn|[from] brn
|upkeep
|
|t:|1743784870
|switch|p1a: Iron Valiant|Iron Valiant|100/100
|-enditem|p1a: Iron Valiant|Booster Energy
|-activate|p1a: Iron Valiant|ability: Quark Drive|[fromitem]
|-start|p1a: Iron Valiant|quarkdrivespe
|turn|11
|
|t:|1743784875
|move|p1a: Iron Valiant|Moonblast|p2a: Ursaluna
|-damage|p2a: Ursaluna|0 fnt
|faint|p2a: Ursaluna
|
|upkeep
|
|t:|1743784880
|switch|p2a: Gallade|Gallade, M|56/100
|turn|12
|
|t:|1743784883
|-terastallize|p2a: Gallade|Water
|move|p1a: Iron Valiant|Moonblast|p2a: Gallade
|-damage|p2a: Gallade|26/100
|move|p2a: Gallade|Psycho Cut|p1a: Iron Valiant
|-supereffective|p1a: Iron Valiant
|-damage|p1a: Iron Valiant|0 fnt
|faint|p1a: Iron Valiant
|-end|p1a: Iron Valiant|Quark Drive|[silent]
|
|upkeep
|
|t:|1743784892
|switch|p1a: Dragapult|Dragapult, M, shiny|100/100
|turn|13
|
|t:|1743784895
|move|p2a: Gallade|Shadow Sneak|p1a: Dragapult
|-supereffective|p1a: Dragapult
|-damage|p1a: Dragapult|56/100
|move|p1a: Dragapult|Shadow Ball|p2a: Gallade
|-damage|p2a: Gallade|0 fnt
|faint|p2a: Gallade
|-damage|p1a: Dragapult|47/100|[from] item: Life Orb
|
|upkeep
|
|t:|1743784905
|switch|p2a: Krookodile|Krookodile, F|100/100
|turn|14
|
|t:|1743784921
|move|p1a: Dragapult|U-turn|p2a: Krookodile
|-supereffective|p2a: Krookodile
|-damage|p2a: Krookodile|50/100
|-damage|p1a: Dragapult|37/100|[from] item: Life Orb
|
|t:|1743784925
|switch|p1a: Corviknight|Corviknight, M, shiny|100/100|[from] U-turn
|-ability|p1a: Corviknight|Pressure
|move|p2a: Krookodile|Scale Shot|p1a: Corviknight
|-resisted|p1a: Corviknight
|-damage|p1a: Corviknight|97/100
|-resisted|p1a: Corviknight
|-damage|p1a: Corviknight|93/100
|-resisted|p1a: Corviknight
|-damage|p1a: Corviknight|89/100
|-resisted|p1a: Corviknight
|-damage|p1a: Corviknight|86/100
|-resisted|p1a: Corviknight
|-damage|p1a: Corviknight|82/100
|-hitcount|p1a: Corviknight|5
|-unboost|p2a: Krookodile|def|1
|-boost|p2a: Krookodile|spe|1
|
|upkeep
|turn|15
|inactive|Kainoa55 has 120 seconds left.
|
|t:|1743784962
|move|p2a: Krookodile|Low Kick|p1a: Corviknight
|-damage|p1a: Corviknight|59/100
|move|p1a: Corviknight|Defog|p2a: Krookodile
|-unboost|p2a: Krookodile|evasion|1
|
|upkeep
|turn|16
|inactive|Kainoa55 has 120 seconds left.
|
|t:|1743784975
|switch|p1a: Dragapult|Dragapult, M, shiny|37/100
|move|p2a: Krookodile|Low Kick|p1a: Dragapult
|-immune|p1a: Dragapult
|
|upkeep
|turn|17
|
|t:|1743784981
|move|p2a: Krookodile|Earthquake|p1a: Dragapult
|-damage|p1a: Dragapult|0 fnt
|faint|p1a: Dragapult
|-ability|p2a: Krookodile|Moxie|boost
|-boost|p2a: Krookodile|atk|1
|
|upkeep
|
|t:|1743784987
|switch|p1a: Alomomola|Alomomola, M|100/100
|turn|18
|
|t:|1743784993
|move|p2a: Krookodile|Knock Off|p1a: Alomomola
|-damage|p1a: Alomomola|57/100
|-enditem|p1a: Alomomola|Heavy-Duty Boots|[from] move: Knock Off|[of] p2a: Krookodile
|move|p1a: Alomomola|Scald|p2a: Krookodile
|-supereffective|p2a: Krookodile
|-damage|p2a: Krookodile|15/100
|-status|p2a: Krookodile|brn
|
|-damage|p2a: Krookodile|9/100 brn|[from] brn
|upkeep
|turn|19
|
|t:|1743785005
|move|p2a: Krookodile|Earthquake|p1a: Alomomola
|-damage|p1a: Alomomola|35/100
|move|p1a: Alomomola|Wish|p1a: Alomomola
|
|-damage|p2a: Krookodile|3/100 brn|[from] brn
|upkeep
|turn|20
|
|t:|1743785011
|move|p1a: Alomomola|Protect|p1a: Alomomola
|-singleturn|p1a: Alomomola|Protect
|move|p2a: Krookodile|Earthquake|p1a: Alomomola
|-activate|p1a: Alomomola|move: Protect
|
|-heal|p1a: Alomomola|85/100|[from] move: Wish|[wisher] Alomomola
|-damage|p2a: Krookodile|0 fnt|[from] brn
|faint|p2a: Krookodile
|upkeep
|
|t:|1743785014
|switch|p2a: Eelektross|Eelektross, M|100/100
|turn|21
|
|t:|1743785024
|move|p1a: Alomomola|Wish|p1a: Alomomola
|move|p2a: Eelektross|Thunderbolt|p1a: Alomomola
|-supereffective|p1a: Alomomola
|-damage|p1a: Alomomola|0 fnt
|faint|p1a: Alomomola
|
|upkeep
|
|t:|1743785029
|switch|p1a: Corviknight|Corviknight, M, shiny|59/100
|-ability|p1a: Corviknight|Pressure
|turn|22
|
|t:|1743785035
|move|p1a: Corviknight|Body Press|p2a: Eelektross
|-damage|p2a: Eelektross|70/100
|move|p2a: Eelektross|Thunderbolt|p1a: Corviknight
|-supereffective|p1a: Corviknight
|-damage|p1a: Corviknight|0 fnt
|faint|p1a: Corviknight
|
|upkeep
|
|t:|1743785042
|switch|p1a: Cobalion|Cobalion, shiny, tera:Flying|42/100
|turn|23
|
|t:|1743785045
|move|p1a: Cobalion|Body Press|p2a: Eelektross
|-damage|p2a: Eelektross|20/100
|move|p2a: Eelektross|Thunderbolt|p1a: Cobalion
|-supereffective|p1a: Cobalion
|-damage|p1a: Cobalion|0 fnt
|faint|p1a: Cobalion
|
|win|Kainoa55
|raw|Raydex0123's rating: 1219 &rarr; <strong>1192</strong><br />(-27 for losing)
|raw|Kainoa55's rating: 1198 &rarr; <strong>1225</strong><br />(+27 for winning)
|l|☆Kainoa55
|player|p2|
|l|☆Raydex0123
|player|p1|
