|j|☆Pontifice
|j|☆popswrong4laughing
|t:|1743908521
|gametype|singles
|player|p1|Pontifice|266|1301
|player|p2|popswrong4laughing|galacticgrunt|1354
|teamsize|p1|6
|teamsize|p2|6
|gen|9
|tier|[Gen 9] OU
|rated|
|rule|HP Percentage Mod: HP is shown in percentages
|rule|Endless Battle Clause: Forcing endless battles is banned
|rule|Species Clause: Limit one of each Pokémon
|rule|OHKO Clause: OHKO moves are banned
|rule|Evasion Items Clause: Evasion items are banned
|rule|Evasion Moves Clause: Evasion moves are banned
|rule|Sleep Moves Clause: Sleep-inducing moves are banned
|clearpoke
|poke|p1|Milotic, M|
|poke|p1|Darkrai|
|poke|p1|Raging Bolt|
|poke|p1|Kingambit, F|
|poke|p1|Moltres|
|poke|p1|Great Tusk|
|poke|p2|Meowscarada, F|
|poke|p2|Ting-Lu|
|poke|p2|Weezing-Galar, F|
|poke|p2|Scizor, F|
|poke|p2|Primarina, F|
|poke|p2|Gliscor, F|
|teampreview
|
|t:|1743908539
|start
|switch|p1a: Great Tusk|Great Tusk|100/100
|switch|p2a: Meowscarada|Meowscarada, F|100/100
|turn|1
|
|t:|1743908548
|-end|p1a: Great Tusk|Protosynthesis|[silent]
|switch|p1a: Moltres|Moltres|100/100
|move|p2a: Meowscarada|Knock Off|p1a: Moltres
|-start|p2a: Meowscarada|typechange|Dark|[from] ability: Protean
|-damage|p1a: Moltres|56/100
|-status|p2a: Meowscarada|brn|[from] ability: Flame Body|[of] p1a: Moltres
|-enditem|p1a: Moltres|Heavy-Duty Boots|[from] move: Knock Off|[of] p2a: Meowscarada
|
|-damage|p2a: Meowscarada|94/100 brn|[from] brn
|upkeep
|turn|2
|
|t:|1743908555
|switch|p2a: Primarina|Primarina, F|100/100
|move|p1a: Moltres|Roost|p1a: Moltres
|-heal|p1a: Moltres|100/100
|-singleturn|p1a: Moltres|move: Roost
|
|upkeep
|turn|3
|
|t:|1743908571
|switch|p1a: Raging Bolt|Raging Bolt|100/100
|-enditem|p1a: Raging Bolt|Booster Energy
|-activate|p1a: Raging Bolt|ability: Protosynthesis|[fromitem]
|-start|p1a: Raging Bolt|protosynthesisspa
|move|p2a: Primarina|Draining Kiss|p1a: Raging Bolt
|-supereffective|p1a: Raging Bolt
|-damage|p1a: Raging Bolt|51/100
|
|upkeep
|turn|4
|
|t:|1743908579
|switch|p2a: Ting-Lu|Ting-Lu|100/100
|-ability|p2a: Ting-Lu|Vessel of Ruin
|move|p1a: Raging Bolt|Thunderbolt|p2a: Ting-Lu
|-immune|p2a: Ting-Lu
|
|upkeep
|turn|5
|
|t:|1743908586
|-end|p1a: Raging Bolt|Protosynthesis|[silent]
|switch|p1a: Great Tusk|Great Tusk|100/100
|move|p2a: Ting-Lu|Earthquake|p1a: Great Tusk
|-damage|p1a: Great Tusk|73/100
|
|upkeep
|turn|6
|
|t:|1743908588
|switch|p2a: Meowscarada|Meowscarada, F|94/100 brn
|move|p1a: Great Tusk|Rapid Spin|p2a: Meowscarada
|-damage|p2a: Meowscarada|68/100 brn
|-boost|p1a: Great Tusk|spe|1
|
|-damage|p2a: Meowscarada|62/100 brn|[from] brn
|upkeep
|turn|7
|
|t:|1743908597
|move|p1a: Great Tusk|Ice Spinner|p2a: Meowscarada
|-supereffective|p2a: Meowscarada
|-damage|p2a: Meowscarada|0 fnt
|faint|p2a: Meowscarada
|
|upkeep
|
|t:|1743908605
|switch|p2a: Primarina|Primarina, F|100/100
|turn|8
|
|t:|1743908612
|-end|p1a: Great Tusk|Protosynthesis|[silent]
|switch|p1a: Kingambit|Kingambit, F|100/100
|move|p2a: Primarina|Surf|p1a: Kingambit
|-damage|p1a: Kingambit|60/100
|
|-heal|p1a: Kingambit|66/100|[from] item: Leftovers
|upkeep
|turn|9
|
|t:|1743908617
|switch|p2a: Gliscor|Gliscor, F|100/100
|move|p1a: Kingambit|Iron Head|p2a: Gliscor
|-damage|p2a: Gliscor|73/100
|
|-heal|p1a: Kingambit|72/100|[from] item: Leftovers
|-status|p2a: Gliscor|tox|[from] item: Toxic Orb
|upkeep
|turn|10
|
|t:|1743908621
|-end|p1a: Kingambit|fallenundefined|[silent]
|switch|p1a: Milotic|Milotic, M|100/100
|move|p2a: Gliscor|Stealth Rock|p1a: Milotic
|-sidestart|p1: Pontifice|move: Stealth Rock
|
|-heal|p2a: Gliscor|86/100 tox|[from] ability: Poison Heal
|-status|p1a: Milotic|brn|[from] item: Flame Orb
|upkeep
|turn|11
|
|t:|1743908624
|switch|p2a: Primarina|Primarina, F|100/100
|move|p1a: Milotic|Surf|p2a: Primarina
|-resisted|p2a: Primarina
|-damage|p2a: Primarina|87/100
|
|-heal|p2a: Primarina|93/100|[from] item: Leftovers
|-damage|p1a: Milotic|94/100 brn|[from] brn
|upkeep
|turn|12
|
|t:|1743908627
|move|p1a: Milotic|Ice Beam|p2a: Primarina
|-resisted|p2a: Primarina
|-damage|p2a: Primarina|84/100
|move|p2a: Primarina|Substitute|p2a: Primarina
|-start|p2a: Primarina|Substitute
|-damage|p2a: Primarina|59/100
|
|-heal|p2a: Primarina|65/100|[from] item: Leftovers
|-damage|p1a: Milotic|88/100 brn|[from] brn
|upkeep
|turn|13
|
|t:|1743908633
|move|p1a: Milotic|Ice Beam|p2a: Primarina
|-resisted|p2a: Primarina
|-activate|p2a: Primarina|move: Substitute|[damage]
|move|p2a: Primarina|Calm Mind|p2a: Primarina
|-boost|p2a: Primarina|spa|1
|-boost|p2a: Primarina|spd|1
|
|-heal|p2a: Primarina|71/100|[from] item: Leftovers
|-damage|p1a: Milotic|82/100 brn|[from] brn
|upkeep
|turn|14
|
|t:|1743908637
|move|p1a: Milotic|Alluring Voice|p2a: Primarina
|-damage|p2a: Primarina|60/100
|move|p2a: Primarina|Calm Mind|p2a: Primarina
|-boost|p2a: Primarina|spa|1
|-boost|p2a: Primarina|spd|1
|
|-heal|p2a: Primarina|66/100|[from] item: Leftovers
|-damage|p1a: Milotic|76/100 brn|[from] brn
|upkeep
|turn|15
|
|t:|1743908644
|move|p1a: Milotic|Surf|p2a: Primarina
|-resisted|p2a: Primarina
|-activate|p2a: Primarina|move: Substitute|[damage]
|move|p2a: Primarina|Draining Kiss|p1a: Milotic
|-damage|p1a: Milotic|45/100 brn
|-heal|p2a: Primarina|91/100|[from] drain|[of] p1a: Milotic
|
|-heal|p2a: Primarina|97/100|[from] item: Leftovers
|-damage|p1a: Milotic|39/100 brn|[from] brn
|upkeep
|turn|16
|
|t:|1743908649
|move|p1a: Milotic|Surf|p2a: Primarina
|-resisted|p2a: Primarina
|-end|p2a: Primarina|Substitute
|move|p2a: Primarina|Calm Mind|p2a: Primarina
|-boost|p2a: Primarina|spa|1
|-boost|p2a: Primarina|spd|1
|
|-heal|p2a: Primarina|100/100|[from] item: Leftovers
|-damage|p1a: Milotic|33/100 brn|[from] brn
|upkeep
|turn|17
|
|t:|1743908653
|switch|p1a: Raging Bolt|Raging Bolt|51/100
|-damage|p1a: Raging Bolt|39/100|[from] Stealth Rock
|move|p2a: Primarina|Substitute|p2a: Primarina
|-start|p2a: Primarina|Substitute
|-damage|p2a: Primarina|76/100
|
|-heal|p2a: Primarina|82/100|[from] item: Leftovers
|upkeep
|turn|18
|
|t:|1743908665
|move|p1a: Raging Bolt|Thunderbolt|p2a: Primarina
|-supereffective|p2a: Primarina
|-end|p2a: Primarina|Substitute
|move|p2a: Primarina|Draining Kiss|p1a: Raging Bolt
|-supereffective|p1a: Raging Bolt
|-damage|p1a: Raging Bolt|0 fnt
|-heal|p2a: Primarina|100/100|[from] drain|[of] p1a: Raging Bolt
|faint|p1a: Raging Bolt
|-end|p1a: Raging Bolt|Protosynthesis|[silent]
|
|upkeep
|
|t:|1743908672
|switch|p1a: Kingambit|Kingambit, F|72/100
|-damage|p1a: Kingambit|66/100|[from] Stealth Rock
|-activate|p1a: Kingambit|ability: Supreme Overlord
|-start|p1a: Kingambit|fallen1|[silent]
|turn|19
|
|t:|1743908676
|move|p2a: Primarina|Draining Kiss|p1a: Kingambit
|-damage|p1a: Kingambit|11/100
|move|p1a: Kingambit|Iron Head|p2a: Primarina
|-damage|p2a: Primarina|41/100
|
|-heal|p2a: Primarina|47/100|[from] item: Leftovers
|-heal|p1a: Kingambit|17/100|[from] item: Leftovers
|upkeep
|turn|20
|
|t:|1743908684
|move|p1a: Kingambit|Sucker Punch|p2a: Primarina
|-resisted|p2a: Primarina
|-damage|p2a: Primarina|21/100
|move|p2a: Primarina|Draining Kiss|p1a: Kingambit
|-damage|p1a: Kingambit|0 fnt
|-heal|p2a: Primarina|35/100|[from] drain|[of] p1a: Kingambit
|faint|p1a: Kingambit
|-end|p1a: Kingambit|fallen1|[silent]
|
|-heal|p2a: Primarina|41/100|[from] item: Leftovers
|upkeep
|
|t:|1743908687
|switch|p1a: Darkrai|Darkrai|100/100
|-damage|p1a: Darkrai|88/100|[from] Stealth Rock
|turn|21
|
|t:|1743908690
|move|p1a: Darkrai|Sludge Bomb|p2a: Primarina
|-supereffective|p2a: Primarina
|-damage|p2a: Primarina|19/100
|move|p2a: Primarina|Surf|p1a: Darkrai
|-damage|p1a: Darkrai|0 fnt
|faint|p1a: Darkrai
|
|-heal|p2a: Primarina|25/100|[from] item: Leftovers
|upkeep
|
|t:|1743908695
|switch|p1a: Great Tusk|Great Tusk|73/100
|-damage|p1a: Great Tusk|70/100|[from] Stealth Rock
|turn|22
|
|t:|1743908697
|move|p1a: Great Tusk|Headlong Rush|p2a: Primarina
|-damage|p2a: Primarina|0 fnt
|-unboost|p1a: Great Tusk|def|1
|-unboost|p1a: Great Tusk|spd|1
|faint|p2a: Primarina
|
|upkeep
|
|t:|1743908701
|switch|p2a: Weezing|Weezing-Galar, F|100/100
|-ability|p2a: Weezing|Neutralizing Gas
|turn|23
|
|t:|1743908706
|-terastallize|p2a: Weezing|Flying
|move|p1a: Great Tusk|Headlong Rush|p2a: Weezing
|-immune|p2a: Weezing
|move|p2a: Weezing|Strange Steam|p1a: Great Tusk
|-supereffective|p1a: Great Tusk
|-damage|p1a: Great Tusk|0 fnt
|faint|p1a: Great Tusk
|-end|p1a: Great Tusk|Protosynthesis|[silent]
|
|upkeep
|
|t:|1743908710
|switch|p1a: Milotic|Milotic, M|33/100 brn
|-damage|p1a: Milotic|20/100 brn|[from] Stealth Rock
|turn|24
|
|t:|1743908717
|move|p1a: Milotic|Recover|p1a: Milotic
|-heal|p1a: Milotic|70/100 brn
|move|p2a: Weezing|Strange Steam|p1a: Milotic
|-damage|p1a: Milotic|52/100 brn
|-start|p1a: Milotic|confusion
|
|-damage|p1a: Milotic|46/100 brn|[from] brn
|upkeep
|turn|25
|
|t:|1743908719
|-end|p2a: Weezing|ability: Neutralizing Gas
|switch|p2a: Scizor|Scizor, F|100/100
|-activate|p1a: Milotic|confusion
|move|p1a: Milotic|Recover|p1a: Milotic
|-heal|p1a: Milotic|96/100 brn
|
|-damage|p1a: Milotic|90/100 brn|[from] brn
|upkeep
|turn|26
|
|t:|1743908723
|move|p2a: Scizor|Close Combat|p1a: Milotic
|-damage|p1a: Milotic|43/100 brn
|-unboost|p2a: Scizor|def|1
|-unboost|p2a: Scizor|spd|1
|-activate|p1a: Milotic|confusion
|move|p1a: Milotic|Surf|p2a: Scizor
|-damage|p2a: Scizor|19/100
|
|-damage|p1a: Milotic|37/100 brn|[from] brn
|upkeep
|turn|27
|
|t:|1743908734
|switch|p2a: Ting-Lu|Ting-Lu|100/100
|-ability|p2a: Ting-Lu|Vessel of Ruin
|-activate|p1a: Milotic|confusion
|-damage|p1a: Milotic|33/100 brn|[from] confusion
|
|-damage|p1a: Milotic|27/100 brn|[from] brn
|upkeep
|turn|28
|
|t:|1743908737
|-end|p1a: Milotic|confusion
|move|p1a: Milotic|Recover|p1a: Milotic
|-heal|p1a: Milotic|77/100 brn
|move|p2a: Ting-Lu|Payback|p1a: Milotic
|-damage|p1a: Milotic|53/100 brn
|
|-damage|p1a: Milotic|46/100 brn|[from] brn
|upkeep
|turn|29
|
|t:|1743908739
|move|p1a: Milotic|Recover|p1a: Milotic
|-heal|p1a: Milotic|96/100 brn
|move|p2a: Ting-Lu|Earthquake|p1a: Milotic
|-damage|p1a: Milotic|71/100 brn
|
|-damage|p1a: Milotic|65/100 brn|[from] brn
|upkeep
|turn|30
|
|t:|1743908744
|switch|p2a: Scizor|Scizor, F|19/100
|move|p1a: Milotic|Surf|p2a: Scizor
|-damage|p2a: Scizor|0 fnt
|faint|p2a: Scizor
|
|-damage|p1a: Milotic|59/100 brn|[from] brn
|upkeep
|
|t:|1743908748
|switch|p2a: Weezing|Weezing-Galar, F, tera:Flying|100/100
|-ability|p2a: Weezing|Neutralizing Gas
|turn|31
|
|t:|1743908750
|move|p1a: Milotic|Recover|p1a: Milotic
|-heal|p1a: Milotic|100/100 brn
|move|p2a: Weezing|Strange Steam|p1a: Milotic
|-damage|p1a: Milotic|83/100 brn
|
|-damage|p1a: Milotic|77/100 brn|[from] brn
|upkeep
|turn|32
|
|t:|1743908764
|move|p1a: Milotic|Ice Beam|p2a: Weezing
|-supereffective|p2a: Weezing
|-damage|p2a: Weezing|32/100
|move|p2a: Weezing|Strange Steam|p1a: Milotic
|-damage|p1a: Milotic|56/100 brn
|
|-damage|p1a: Milotic|50/100 brn|[from] brn
|upkeep
|turn|33
|
|t:|1743908767
|-end|p2a: Weezing|ability: Neutralizing Gas
|switch|p2a: Gliscor|Gliscor, F|86/100 tox
|move|p1a: Milotic|Ice Beam|p2a: Gliscor
|-supereffective|p2a: Gliscor
|-damage|p2a: Gliscor|0 fnt
|faint|p2a: Gliscor
|
|-damage|p1a: Milotic|44/100 brn|[from] brn
|upkeep
|
|t:|1743908770
|switch|p2a: Ting-Lu|Ting-Lu|100/100
|-ability|p2a: Ting-Lu|Vessel of Ruin
|turn|34
|
|t:|1743908772
|move|p1a: Milotic|Recover|p1a: Milotic
|-heal|p1a: Milotic|94/100 brn
|move|p2a: Ting-Lu|Earthquake|p1a: Milotic
|-damage|p1a: Milotic|68/100 brn
|
|-damage|p1a: Milotic|62/100 brn|[from] brn
|upkeep
|turn|35
|
|t:|1743908774
|move|p1a: Milotic|Surf|p2a: Ting-Lu
|-supereffective|p2a: Ting-Lu
|-crit|p2a: Ting-Lu
|-damage|p2a: Ting-Lu|48/100
|move|p2a: Ting-Lu|Earthquake|p1a: Milotic
|-damage|p1a: Milotic|34/100 brn
|
|-heal|p2a: Ting-Lu|54/100|[from] item: Leftovers
|-damage|p1a: Milotic|28/100 brn|[from] brn
|upkeep
|turn|36
|
|t:|1743908779
|move|p1a: Milotic|Recover|p1a: Milotic
|-heal|p1a: Milotic|78/100 brn
|move|p2a: Ting-Lu|Rest|p2a: Ting-Lu
|-status|p2a: Ting-Lu|slp|[from] move: Rest
|-heal|p2a: Ting-Lu|100/100 slp|[silent]
|
|-damage|p1a: Milotic|72/100 brn|[from] brn
|upkeep
|turn|37
|
|t:|1743908783
|move|p1a: Milotic|Surf|p2a: Ting-Lu
|-supereffective|p2a: Ting-Lu
|-damage|p2a: Ting-Lu|65/100 slp
|cant|p2a: Ting-Lu|slp
|move|p2a: Ting-Lu|Sleep Talk|p2a: Ting-Lu
|move|p2a: Ting-Lu|Earthquake|p1a: Milotic|[from] move: Sleep Talk
|-damage|p1a: Milotic|47/100 brn
|
|-heal|p2a: Ting-Lu|71/100 slp|[from] item: Leftovers
|-damage|p1a: Milotic|41/100 brn|[from] brn
|upkeep
|turn|38
|
|t:|1743908788
|move|p1a: Milotic|Recover|p1a: Milotic
|-heal|p1a: Milotic|91/100 brn
|cant|p2a: Ting-Lu|slp
|move|p2a: Ting-Lu|Sleep Talk|p2a: Ting-Lu
|move|p2a: Ting-Lu|Earthquake|p1a: Milotic|[from] move: Sleep Talk
|-damage|p1a: Milotic|64/100 brn
|
|-heal|p2a: Ting-Lu|78/100 slp|[from] item: Leftovers
|-damage|p1a: Milotic|58/100 brn|[from] brn
|upkeep
|turn|39
|
|t:|1743908793
|move|p1a: Milotic|Surf|p2a: Ting-Lu
|-supereffective|p2a: Ting-Lu
|-damage|p2a: Ting-Lu|46/100 slp
|-curestatus|p2a: Ting-Lu|slp|[msg]
|move|p2a: Ting-Lu|Earthquake|p1a: Milotic
|-damage|p1a: Milotic|35/100 brn
|
|-heal|p2a: Ting-Lu|52/100|[from] item: Leftovers
|-damage|p1a: Milotic|29/100 brn|[from] brn
|upkeep
|turn|40
|
|t:|1743908797
|move|p1a: Milotic|Surf|p2a: Ting-Lu
|-supereffective|p2a: Ting-Lu
|-damage|p2a: Ting-Lu|18/100
|move|p2a: Ting-Lu|Rest|p2a: Ting-Lu
|-status|p2a: Ting-Lu|slp|[from] move: Rest
|-heal|p2a: Ting-Lu|100/100 slp|[silent]
|
|-damage|p1a: Milotic|23/100 brn|[from] brn
|upkeep
|turn|41
|
|t:|1743908800
|move|p1a: Milotic|Surf|p2a: Ting-Lu
|-supereffective|p2a: Ting-Lu
|-damage|p2a: Ting-Lu|66/100 slp
|cant|p2a: Ting-Lu|slp
|move|p2a: Ting-Lu|Sleep Talk|p2a: Ting-Lu
|move|p2a: Ting-Lu|Payback|p1a: Milotic|[from] move: Sleep Talk
|-damage|p1a: Milotic|0 fnt
|faint|p1a: Milotic
|
|-heal|p2a: Ting-Lu|72/100 slp|[from] item: Leftovers
|upkeep
|
|t:|1743908803
|switch|p1a: Moltres|Moltres|100/100
|-damage|p1a: Moltres|51/100|[from] Stealth Rock
|turn|42
|
|t:|1743908808
|switch|p2a: Weezing|Weezing-Galar, F, tera:Flying|32/100
|-ability|p2a: Weezing|Neutralizing Gas
|move|p1a: Moltres|Roost|p1a: Moltres
|-heal|p1a: Moltres|100/100
|-singleturn|p1a: Moltres|move: Roost
|
|upkeep
|turn|43
|
|t:|1743908812
|move|p1a: Moltres|Flamethrower|p2a: Weezing
|-damage|p2a: Weezing|0 fnt
|faint|p2a: Weezing
|-end|p2a: Weezing|ability: Neutralizing Gas
|
|upkeep
|
|t:|1743908814
|switch|p2a: Ting-Lu|Ting-Lu|72/100 slp
|-ability|p2a: Ting-Lu|Vessel of Ruin
|turn|44
|
|t:|1743908815
|move|p1a: Moltres|Flamethrower|p2a: Ting-Lu
|-damage|p2a: Ting-Lu|58/100 slp
|cant|p2a: Ting-Lu|slp
|move|p2a: Ting-Lu|Sleep Talk|p2a: Ting-Lu
|move|p2a: Ting-Lu|Earthquake|p1a: Moltres|[from] move: Sleep Talk
|-immune|p1a: Moltres
|
|-heal|p2a: Ting-Lu|64/100 slp|[from] item: Leftovers
|upkeep
|turn|45
|inactive|Battle timer is ON: inactive players will automatically lose when time's up. (requested by Pontifice)
|
|t:|1743908826
|move|p1a: Moltres|Air Slash|p2a: Ting-Lu
|-damage|p2a: Ting-Lu|52/100 slp
|-curestatus|p2a: Ting-Lu|slp|[msg]
|cant|p2a: Ting-Lu|flinch
|
|-heal|p2a: Ting-Lu|58/100|[from] item: Leftovers
|upkeep
|turn|46
|
|t:|1743908831
|move|p1a: Moltres|Will-O-Wisp|p2a: Ting-Lu
|-status|p2a: Ting-Lu|brn
|move|p2a: Ting-Lu|Earthquake|p1a: Moltres
|-immune|p1a: Moltres
|
|-heal|p2a: Ting-Lu|64/100 brn|[from] item: Leftovers
|-damage|p2a: Ting-Lu|58/100 brn|[from] brn
|upkeep
|turn|47
|
|t:|1743908839
|move|p1a: Moltres|Flamethrower|p2a: Ting-Lu
|-damage|p2a: Ting-Lu|43/100 brn
|move|p2a: Ting-Lu|Payback|p1a: Moltres
|-damage|p1a: Moltres|88/100
|
|-heal|p2a: Ting-Lu|50/100 brn|[from] item: Leftovers
|-damage|p2a: Ting-Lu|43/100 brn|[from] brn
|upkeep
|turn|48
|
|t:|1743908845
|move|p1a: Moltres|Air Slash|p2a: Ting-Lu
|-damage|p2a: Ting-Lu|29/100 brn
|move|p2a: Ting-Lu|Payback|p1a: Moltres
|-damage|p1a: Moltres|75/100
|
|-heal|p2a: Ting-Lu|36/100 brn|[from] item: Leftovers
|-damage|p2a: Ting-Lu|29/100 brn|[from] brn
|upkeep
|turn|49
|
|t:|1743908850
|move|p1a: Moltres|Air Slash|p2a: Ting-Lu
|-damage|p2a: Ting-Lu|17/100 brn
|move|p2a: Ting-Lu|Rest|p2a: Ting-Lu
|-status|p2a: Ting-Lu|slp|[from] move: Rest
|-heal|p2a: Ting-Lu|100/100 slp|[silent]
|
|upkeep
|turn|50
|
|t:|1743908861
|move|p1a: Moltres|Flamethrower|p2a: Ting-Lu
|-damage|p2a: Ting-Lu|84/100 slp
|cant|p2a: Ting-Lu|slp
|move|p2a: Ting-Lu|Sleep Talk|p2a: Ting-Lu
|move|p2a: Ting-Lu|Rest||[from] move: Sleep Talk|[still]
|-fail|p2a: Ting-Lu
|
|-heal|p2a: Ting-Lu|90/100 slp|[from] item: Leftovers
|upkeep
|turn|51
|
|t:|1743908867
|move|p1a: Moltres|Will-O-Wisp||[still]
|-fail|p1a: Moltres
|cant|p2a: Ting-Lu|slp
|move|p2a: Ting-Lu|Sleep Talk|p2a: Ting-Lu
|move|p2a: Ting-Lu|Payback|p1a: Moltres|[from] move: Sleep Talk
|-damage|p1a: Moltres|49/100
|
|-heal|p2a: Ting-Lu|97/100 slp|[from] item: Leftovers
|upkeep
|turn|52
|
|t:|1743908873
|move|p1a: Moltres|Will-O-Wisp||[still]
|-fail|p1a: Moltres
|-curestatus|p2a: Ting-Lu|slp|[msg]
|move|p2a: Ting-Lu|Earthquake|p1a: Moltres
|-immune|p1a: Moltres
|
|-heal|p2a: Ting-Lu|100/100|[from] item: Leftovers
|upkeep
|turn|53
|
|t:|1743908876
|move|p1a: Moltres|Roost|p1a: Moltres
|-heal|p1a: Moltres|99/100
|-singleturn|p1a: Moltres|move: Roost
|move|p2a: Ting-Lu|Payback|p1a: Moltres
|-damage|p1a: Moltres|72/100
|
|upkeep
|turn|54
|
|t:|1743908879
|move|p1a: Moltres|Flamethrower|p2a: Ting-Lu
|-damage|p2a: Ting-Lu|86/100
|move|p2a: Ting-Lu|Payback|p1a: Moltres
|-damage|p1a: Moltres|47/100
|
|-heal|p2a: Ting-Lu|92/100|[from] item: Leftovers
|upkeep
|turn|55
|
|t:|1743908883
|move|p1a: Moltres|Will-O-Wisp|p2a: Ting-Lu
|-status|p2a: Ting-Lu|brn
|move|p2a: Ting-Lu|Earthquake|p1a: Moltres
|-immune|p1a: Moltres
|
|-heal|p2a: Ting-Lu|98/100 brn|[from] item: Leftovers
|-damage|p2a: Ting-Lu|92/100 brn|[from] brn
|upkeep
|turn|56
|
|t:|1743908885
|move|p1a: Moltres|Roost|p1a: Moltres
|-heal|p1a: Moltres|97/100
|-singleturn|p1a: Moltres|move: Roost
|move|p2a: Ting-Lu|Earthquake|p1a: Moltres
|-supereffective|p1a: Moltres
|-damage|p1a: Moltres|70/100
|
|-heal|p2a: Ting-Lu|98/100 brn|[from] item: Leftovers
|-damage|p2a: Ting-Lu|92/100 brn|[from] brn
|upkeep
|turn|57
|
|t:|1743908894
|move|p1a: Moltres|Flamethrower|p2a: Ting-Lu
|-damage|p2a: Ting-Lu|77/100 brn
|move|p2a: Ting-Lu|Payback|p1a: Moltres
|-damage|p1a: Moltres|57/100
|
|-heal|p2a: Ting-Lu|83/100 brn|[from] item: Leftovers
|-damage|p2a: Ting-Lu|77/100 brn|[from] brn
|upkeep
|turn|58
|
|t:|1743908900
|move|p1a: Moltres|Flamethrower|p2a: Ting-Lu
|-damage|p2a: Ting-Lu|62/100 brn
|move|p2a: Ting-Lu|Payback|p1a: Moltres
|-damage|p1a: Moltres|44/100
|
|-heal|p2a: Ting-Lu|68/100 brn|[from] item: Leftovers
|-damage|p2a: Ting-Lu|62/100 brn|[from] brn
|upkeep
|turn|59
|
|t:|1743908906
|move|p1a: Moltres|Roost|p1a: Moltres
|-heal|p1a: Moltres|94/100
|-singleturn|p1a: Moltres|move: Roost
|move|p2a: Ting-Lu|Earthquake|p1a: Moltres
|-supereffective|p1a: Moltres
|-damage|p1a: Moltres|70/100
|
|-heal|p2a: Ting-Lu|68/100 brn|[from] item: Leftovers
|-damage|p2a: Ting-Lu|62/100 brn|[from] brn
|upkeep
|turn|60
|
|t:|1743908909
|move|p1a: Moltres|Flamethrower|p2a: Ting-Lu
|-damage|p2a: Ting-Lu|46/100 brn
|move|p2a: Ting-Lu|Rest|p2a: Ting-Lu
|-status|p2a: Ting-Lu|slp|[from] move: Rest
|-heal|p2a: Ting-Lu|100/100 slp|[silent]
|
|upkeep
|turn|61
|
|t:|1743908913
|move|p1a: Moltres|Air Slash|p2a: Ting-Lu
|-damage|p2a: Ting-Lu|87/100 slp
|cant|p2a: Ting-Lu|slp
|move|p2a: Ting-Lu|Sleep Talk|p2a: Ting-Lu
|move|p2a: Ting-Lu|Earthquake|p1a: Moltres|[from] move: Sleep Talk
|-immune|p1a: Moltres
|
|-heal|p2a: Ting-Lu|93/100 slp|[from] item: Leftovers
|upkeep
|turn|62
|
|t:|1743908916
|move|p1a: Moltres|Air Slash|p2a: Ting-Lu
|-damage|p2a: Ting-Lu|80/100 slp
|cant|p2a: Ting-Lu|slp
|cant|p2a: Ting-Lu|flinch
|
|-heal|p2a: Ting-Lu|86/100 slp|[from] item: Leftovers
|upkeep
|turn|63
|
|t:|1743908918
|move|p1a: Moltres|Air Slash|p2a: Ting-Lu
|-damage|p2a: Ting-Lu|74/100 slp
|-curestatus|p2a: Ting-Lu|slp|[msg]
|move|p2a: Ting-Lu|Payback|p1a: Moltres
|-damage|p1a: Moltres|43/100
|-status|p2a: Ting-Lu|brn|[from] ability: Flame Body|[of] p1a: Moltres
|
|-heal|p2a: Ting-Lu|80/100 brn|[from] item: Leftovers
|-damage|p2a: Ting-Lu|74/100 brn|[from] brn
|upkeep
|turn|64
|
|t:|1743908926
|move|p1a: Moltres|Roost|p1a: Moltres
|-heal|p1a: Moltres|93/100
|-singleturn|p1a: Moltres|move: Roost
|move|p2a: Ting-Lu|Rest|p2a: Ting-Lu
|-status|p2a: Ting-Lu|slp|[from] move: Rest
|-heal|p2a: Ting-Lu|100/100 slp|[silent]
|
|upkeep
|turn|65
|
|t:|1743908928
|move|p1a: Moltres|Air Slash|p2a: Ting-Lu
|-damage|p2a: Ting-Lu|88/100 slp
|cant|p2a: Ting-Lu|slp
|move|p2a: Ting-Lu|Sleep Talk|p2a: Ting-Lu
|move|p2a: Ting-Lu|Payback|p1a: Moltres|[from] move: Sleep Talk
|-damage|p1a: Moltres|66/100
|
|-heal|p2a: Ting-Lu|94/100 slp|[from] item: Leftovers
|upkeep
|turn|66
|
|t:|1743908934
|move|p1a: Moltres|Air Slash|p2a: Ting-Lu
|-damage|p2a: Ting-Lu|81/100 slp
|cant|p2a: Ting-Lu|slp
|cant|p2a: Ting-Lu|flinch
|
|-heal|p2a: Ting-Lu|87/100 slp|[from] item: Leftovers
|upkeep
|turn|67
|
|t:|1743908940
|move|p1a: Moltres|Air Slash|p2a: Ting-Lu
|-damage|p2a: Ting-Lu|75/100 slp
|-curestatus|p2a: Ting-Lu|slp|[msg]
|cant|p2a: Ting-Lu|flinch
|
|-heal|p2a: Ting-Lu|81/100|[from] item: Leftovers
|upkeep
|turn|68
|
|t:|1743908945
|move|p1a: Moltres|Air Slash|p2a: Ting-Lu
|-damage|p2a: Ting-Lu|67/100
|cant|p2a: Ting-Lu|flinch
|
|-heal|p2a: Ting-Lu|73/100|[from] item: Leftovers
|upkeep
|turn|69
|
|t:|1743908948
|move|p1a: Moltres|Air Slash|p2a: Ting-Lu
|-damage|p2a: Ting-Lu|60/100
|cant|p2a: Ting-Lu|flinch
|
|-heal|p2a: Ting-Lu|66/100|[from] item: Leftovers
|upkeep
|turn|70
|
|t:|1743908951
|move|p1a: Moltres|Air Slash|p2a: Ting-Lu
|-damage|p2a: Ting-Lu|54/100
|cant|p2a: Ting-Lu|flinch
|
|-heal|p2a: Ting-Lu|60/100|[from] item: Leftovers
|upkeep
|turn|71
|
|t:|1743908956
|move|p1a: Moltres|Air Slash|p2a: Ting-Lu
|-damage|p2a: Ting-Lu|47/100
|cant|p2a: Ting-Lu|flinch
|
|-heal|p2a: Ting-Lu|53/100|[from] item: Leftovers
|upkeep
|turn|72
|c|☆popswrong4laughing|gang
|
|t:|1743908967
|move|p1a: Moltres|Air Slash|p2a: Ting-Lu
|-damage|p2a: Ting-Lu|40/100
|move|p2a: Ting-Lu|Payback|p1a: Moltres
|-damage|p1a: Moltres|40/100
|
|-heal|p2a: Ting-Lu|46/100|[from] item: Leftovers
|upkeep
|turn|73
|
|t:|1743908971
|move|p1a: Moltres|Flamethrower|p2a: Ting-Lu
|-damage|p2a: Ting-Lu|31/100
|move|p2a: Ting-Lu|Earthquake|p1a: Moltres
|-immune|p1a: Moltres
|
|-heal|p2a: Ting-Lu|37/100|[from] item: Leftovers
|upkeep
|turn|74
|
|t:|1743908976
|move|p1a: Moltres|Flamethrower|p2a: Ting-Lu
|-damage|p2a: Ting-Lu|23/100
|move|p2a: Ting-Lu|Rest|p2a: Ting-Lu
|-status|p2a: Ting-Lu|slp|[from] move: Rest
|-heal|p2a: Ting-Lu|100/100 slp|[silent]
|
|upkeep
|turn|75
|
|t:|1743908978
|move|p1a: Moltres|Roost|p1a: Moltres
|-heal|p1a: Moltres|90/100
|-singleturn|p1a: Moltres|move: Roost
|cant|p2a: Ting-Lu|slp
|move|p2a: Ting-Lu|Sleep Talk|p2a: Ting-Lu
|move|p2a: Ting-Lu|Rest||[from] move: Sleep Talk|[still]
|-fail|p2a: Ting-Lu
|
|upkeep
|turn|76
|
|t:|1743908981
|move|p1a: Moltres|Flamethrower|p2a: Ting-Lu
|-damage|p2a: Ting-Lu|85/100 slp
|cant|p2a: Ting-Lu|slp
|move|p2a: Ting-Lu|Sleep Talk|p2a: Ting-Lu
|move|p2a: Ting-Lu|Rest||[from] move: Sleep Talk|[still]
|-fail|p2a: Ting-Lu
|
|-heal|p2a: Ting-Lu|92/100 slp|[from] item: Leftovers
|upkeep
|turn|77
|
|t:|1743908984
|move|p1a: Moltres|Flamethrower|p2a: Ting-Lu
|-damage|p2a: Ting-Lu|76/100 slp
|-curestatus|p2a: Ting-Lu|slp|[msg]
|move|p2a: Ting-Lu|Payback|p1a: Moltres
|-damage|p1a: Moltres|65/100
|
|-heal|p2a: Ting-Lu|83/100|[from] item: Leftovers
|upkeep
|turn|78
|
|t:|1743908987
|move|p1a: Moltres|Will-O-Wisp|p2a: Ting-Lu
|-status|p2a: Ting-Lu|brn
|move|p2a: Ting-Lu|Payback|p1a: Moltres
|-damage|p1a: Moltres|53/100
|
|-heal|p2a: Ting-Lu|89/100 brn|[from] item: Leftovers
|-damage|p2a: Ting-Lu|83/100 brn|[from] brn
|upkeep
|turn|79
|
|t:|1743908993
|move|p1a: Moltres|Flamethrower|p2a: Ting-Lu
|-damage|p2a: Ting-Lu|67/100 brn
|move|p2a: Ting-Lu|Rest|p2a: Ting-Lu
|-status|p2a: Ting-Lu|slp|[from] move: Rest
|-heal|p2a: Ting-Lu|100/100 slp|[silent]
|
|upkeep
|turn|80
|
|t:|1743908997
|move|p1a: Moltres|Will-O-Wisp||[still]
|-fail|p1a: Moltres
|cant|p2a: Ting-Lu|slp
|move|p2a: Ting-Lu|Sleep Talk|p2a: Ting-Lu
|move|p2a: Ting-Lu|Rest||[from] move: Sleep Talk|[still]
|-fail|p2a: Ting-Lu
|
|upkeep
|turn|81
|
|t:|1743909000
|move|p1a: Moltres|Will-O-Wisp||[still]
|-fail|p1a: Moltres
|cant|p2a: Ting-Lu|slp
|move|p2a: Ting-Lu|Sleep Talk|p2a: Ting-Lu
|move|p2a: Ting-Lu|Payback|p1a: Moltres|[from] move: Sleep Talk
|-damage|p1a: Moltres|29/100
|
|upkeep
|turn|82
|
|t:|1743909008
|move|p1a: Moltres|Roost|p1a: Moltres
|-heal|p1a: Moltres|80/100
|-singleturn|p1a: Moltres|move: Roost
|-curestatus|p2a: Ting-Lu|slp|[msg]
|move|p2a: Ting-Lu|Earthquake|p1a: Moltres
|-supereffective|p1a: Moltres
|-damage|p1a: Moltres|29/100
|
|upkeep
|turn|83
|
|t:|1743909018
|move|p1a: Moltres|Flamethrower|p2a: Ting-Lu
|-damage|p2a: Ting-Lu|84/100
|move|p2a: Ting-Lu|Payback|p1a: Moltres
|-damage|p1a: Moltres|6/100
|
|-heal|p2a: Ting-Lu|90/100|[from] item: Leftovers
|upkeep
|turn|84
|
|t:|1743909021
|move|p1a: Moltres|Air Slash|p2a: Ting-Lu
|-damage|p2a: Ting-Lu|77/100
|move|p2a: Ting-Lu|Payback|p1a: Moltres
|-damage|p1a: Moltres|0 fnt
|faint|p1a: Moltres
|
|win|popswrong4laughing
|raw|Pontifice's rating: 1301 &rarr; <strong>1284</strong><br />(-17 for losing)
|raw|popswrong4laughing's rating: 1354 &rarr; <strong>1371</strong><br />(+17 for winning)
