|j|☆ooiiaa
|j|☆MrDrProfFuckface
|t:|1743784093
|gametype|singles
|player|p1|ooiiaa|clown|1348
|player|p2|MrDrProfFuckface|swimmer-gen4dp|1255
|teamsize|p1|6
|teamsize|p2|6
|gen|9
|tier|[Gen 9] OU
|rated|
|rule|HP Percentage Mod: HP is shown in percentages
|rule|Endless Battle Clause: Forcing endless battles is banned
|rule|Species Clause: Limit one of each Pokémon
|rule|OHKO Clause: OHKO moves are banned
|rule|Evasion Items Clause: Evasion items are banned
|rule|Evasion Moves Clause: Evasion moves are banned
|rule|Sleep Moves Clause: Sleep-inducing moves are banned
|clearpoke
|poke|p1|Zapdos|
|poke|p1|Iron Crown|
|poke|p1|Garganacl, F|
|poke|p1|Great Tusk|
|poke|p1|Samurott-Hisui, F|
|poke|p1|Dragapult, F|
|poke|p2|Dondozo, F|
|poke|p2|Great Tusk|
|poke|p2|Muk-Alola, M|
|poke|p2|Goodra-Hisui, F|
|poke|p2|Avalugg, M|
|poke|p2|Bastiodon, F|
|teampreview
|inactive|Battle timer is ON: inactive players will automatically lose when time's up. (requested by MrDrProfFuckface)
|
|t:|1743784103
|start
|switch|p1a: Samurott|Samurott-Hisui, F|100/100
|switch|p2a: Bastard Face|Bastiodon, F, shiny|100/100
|turn|1
|
|t:|1743784109
|-terastallize|p2a: Bastard Face|Fighting
|move|p1a: Samurott|Razor Shell|p2a: Bastard Face
|-damage|p2a: Bastard Face|72/100
|move|p2a: Bastard Face|Stealth Rock|p1a: Samurott
|-sidestart|p1: ooiiaa|move: Stealth Rock
|
|-heal|p2a: Bastard Face|79/100|[from] item: Leftovers
|upkeep
|turn|2
|
|t:|1743784120
|switch|p1a: Zapdos|Zapdos|100/100
|move|p2a: Bastard Face|Body Press|p1a: Zapdos
|-resisted|p1a: Zapdos
|-damage|p1a: Zapdos|81/100
|
|-heal|p2a: Bastard Face|85/100|[from] item: Leftovers
|upkeep
|turn|3
|
|t:|1743784126
|move|p1a: Zapdos|Hurricane|p2a: Bastard Face
|-supereffective|p2a: Bastard Face
|-damage|p2a: Bastard Face|17/100
|move|p2a: Bastard Face|Roar|p1a: Zapdos
|drag|p1a: Iron Crown|Iron Crown|100/100
|-damage|p1a: Iron Crown|94/100|[from] Stealth Rock
|
|-heal|p2a: Bastard Face|24/100|[from] item: Leftovers
|upkeep
|turn|4
|
|t:|1743784133
|switch|p2a: Jerry|Goodra-Hisui, F, shiny|100/100
|move|p1a: Iron Crown|Tachyon Cutter|p2a: Jerry
|-resisted|p2a: Jerry
|-damage|p2a: Jerry|92/100
|-resisted|p2a: Jerry
|-damage|p2a: Jerry|85/100
|-hitcount|p2a: Jerry|2
|
|upkeep
|turn|5
|
|t:|1743784142
|move|p1a: Iron Crown|Tachyon Cutter|p2a: Jerry
|-resisted|p2a: Jerry
|-damage|p2a: Jerry|77/100
|-resisted|p2a: Jerry
|-damage|p2a: Jerry|69/100
|-hitcount|p2a: Jerry|2
|move|p2a: Jerry|Earthquake|p1a: Iron Crown
|-supereffective|p1a: Iron Crown
|-damage|p1a: Iron Crown|43/100
|
|upkeep
|turn|6
|
|t:|1743784146
|-end|p1a: Iron Crown|Quark Drive|[silent]
|switch|p1a: Zapdos|Zapdos|81/100
|move|p2a: Jerry|Ice Beam|p1a: Zapdos
|-supereffective|p1a: Zapdos
|-damage|p1a: Zapdos|23/100
|
|upkeep
|turn|7
|
|t:|1743784151
|move|p1a: Zapdos|Roost|p1a: Zapdos
|-heal|p1a: Zapdos|73/100
|-singleturn|p1a: Zapdos|move: Roost
|move|p2a: Jerry|Earthquake|p1a: Zapdos
|-supereffective|p1a: Zapdos
|-damage|p1a: Zapdos|40/100
|
|upkeep
|turn|8
|
|t:|1743784154
|move|p1a: Zapdos|Roost|p1a: Zapdos
|-heal|p1a: Zapdos|90/100
|-singleturn|p1a: Zapdos|move: Roost
|move|p2a: Jerry|Ice Beam|p1a: Zapdos
|-damage|p1a: Zapdos|61/100
|
|upkeep
|turn|9
|
|t:|1743784158
|move|p1a: Zapdos|Volt Switch|p2a: Jerry
|-resisted|p2a: Jerry
|-damage|p2a: Jerry|63/100
|
|t:|1743784170
|switch|p1a: Great Tusk|Great Tusk|100/100|[from] Volt Switch
|move|p2a: Jerry|Ice Beam|p1a: Great Tusk
|-supereffective|p1a: Great Tusk
|-damage|p1a: Great Tusk|1/100
|
|upkeep
|turn|10
|
|t:|1743784175
|switch|p2a: Table Top|Avalugg, M, shiny|100/100
|move|p1a: Great Tusk|Headlong Rush|p2a: Table Top
|-damage|p2a: Table Top|76/100
|-unboost|p1a: Great Tusk|def|1
|-unboost|p1a: Great Tusk|spd|1
|-damage|p1a: Great Tusk|0 fnt|[from] item: Rocky Helmet|[of] p2a: Table Top
|faint|p1a: Great Tusk
|-end|p1a: Great Tusk|Protosynthesis|[silent]
|
|upkeep
|-message|ooiiaa forfeited.
|
|win|MrDrProfFuckface
|raw|ooiiaa's rating: 1348 &rarr; <strong>1323</strong><br />(-25 for losing)
|raw|MrDrProfFuckface's rating: 1255 &rarr; <strong>1287</strong><br />(+32 for winning)
|l|☆ooiiaa
|player|p1|
|l|☆MrDrProfFuckface
|player|p2|
