|j|☆Luizmkit
|j|☆turborotom2000
|t:|1743862625
|gametype|singles
|player|p1|Luizmkit|170|1054
|player|p2|turborotom2000|workerice|1086
|teamsize|p1|6
|teamsize|p2|6
|gen|9
|tier|[Gen 9] OU
|rated|
|rule|HP Percentage Mod: HP is shown in percentages
|rule|Endless Battle Clause: Forcing endless battles is banned
|rule|Species Clause: Limit one of each Pokémon
|rule|OHKO Clause: OHKO moves are banned
|rule|Evasion Items Clause: Evasion items are banned
|rule|Evasion Moves Clause: Evasion moves are banned
|rule|Sleep Moves Clause: Sleep-inducing moves are banned
|clearpoke
|poke|p1|Magnezone|
|poke|p1|Landorus-Therian, M|
|poke|p1|Gardevoir, M|
|poke|p1|Weavile, M|
|poke|p1|Zamazenta-*|
|poke|p1|Moltres-Galar|
|poke|p2|Cresselia, F|
|poke|p2|Ribombee, F|
|poke|p2|Rotom-Wash|
|poke|p2|Gastrodon, F|
|poke|p2|Chandelure, F|
|poke|p2|Glaceon, F|
|teampreview
|
|t:|1743862658
|start
|switch|p1a: Landorus|Landorus-Therian, M|100/100
|switch|p2a: Rotom|Rotom-Wash|100/100
|-ability|p1a: Landorus|Intimidate|boost
|-unboost|p2a: Rotom|atk|1
|turn|1
|
|t:|1743862672
|move|p1a: Landorus|U-turn|p2a: Rotom
|-damage|p2a: Rotom|64/100
|
|t:|1743862685
|switch|p1a: Magnezone|Magnezone|100/100|[from] U-turn
|move|p2a: Rotom|Discharge|p1a: Magnezone
|-resisted|p1a: Magnezone
|-damage|p1a: Magnezone|76/100
|
|upkeep
|turn|2
|
|t:|1743862701
|move|p2a: Rotom|Hydro Pump|p1a: Magnezone
|-damage|p1a: Magnezone|7/100
|move|p1a: Magnezone|Volt Switch|p2a: Rotom
|-damage|p2a: Rotom|0 fnt
|faint|p2a: Rotom
|l|☆Luizmkit
|player|p1|
|inactive|Battle timer is ON: inactive players will automatically lose when time's up. (requested by turborotom2000)
|j|☆Luizmkit
|inactive|Luizmkit reconnected and has 150 seconds left.
|player|p1|Luizmkit|170|
|
|t:|1743862738
|switch|p1a: Landorus|Landorus-Therian, M|100/100|[from] Volt Switch
|
|upkeep
|
|t:|1743862768
|switch|p2a: Glaceon|Glaceon, F|100/100
|turn|3
|
|t:|1743862778
|move|p1a: Landorus|U-turn|p2a: Glaceon
|-damage|p2a: Glaceon|76/100
|
|t:|1743862786
|switch|p1a: Zamazenta|Zamazenta|100/100|[from] U-turn
|-ability|p1a: Zamazenta|Dauntless Shield|boost
|-boost|p1a: Zamazenta|def|1
|move|p2a: Glaceon|Ice Beam|p1a: Zamazenta
|-damage|p1a: Zamazenta|51/100
|
|upkeep
|turn|4
|inactive|turborotom2000 has 120 seconds left.
|
|t:|1743862814
|move|p1a: Zamazenta|Iron Head|p2a: Glaceon
|-supereffective|p2a: Glaceon
|-damage|p2a: Glaceon|7/100
|-damage|p1a: Zamazenta|41/100|[from] item: Life Orb
|move|p2a: Glaceon|Ice Beam|p1a: Zamazenta
|-damage|p1a: Zamazenta|0 fnt
|faint|p1a: Zamazenta
|
|upkeep
|
|t:|1743862829
|switch|p1a: Landorus|Landorus-Therian, M|100/100
|-ability|p1a: Landorus|Intimidate|boost
|-unboost|p2a: Glaceon|atk|1
|turn|5
|inactive|turborotom2000 has 120 seconds left.
|
|t:|1743862844
|move|p1a: Landorus|U-turn|p2a: Glaceon
|-damage|p2a: Glaceon|0 fnt
|faint|p2a: Glaceon
|
|t:|1743862851
|switch|p1a: Weavile|Weavile, M|100/100|[from] U-turn
|-ability|p1a: Weavile|Pressure
|
|upkeep
|
|t:|1743862860
|switch|p2a: Ribombee|Ribombee, F|100/100
|turn|6
|
|t:|1743862866
|move|p1a: Weavile|Fake Out|p2a: Ribombee
|-damage|p2a: Ribombee|78/100
|cant|p2a: Ribombee|flinch
|
|upkeep
|turn|7
|
|t:|1743862872
|move|p1a: Weavile|Substitute|p1a: Weavile
|-start|p1a: Weavile|Substitute
|-damage|p1a: Weavile|76/100
|move|p2a: Ribombee|Alluring Voice|p1a: Weavile
|-supereffective|p1a: Weavile
|-damage|p1a: Weavile|7/100
|
|upkeep
|turn|8
|
|t:|1743862889
|move|p1a: Weavile|Icicle Spear|p2a: Ribombee
|-damage|p2a: Ribombee|57/100
|-damage|p2a: Ribombee|34/100
|-damage|p2a: Ribombee|11/100
|-damage|p2a: Ribombee|0 fnt
|faint|p2a: Ribombee
|-hitcount|p2: Ribombee|4
|
|upkeep
|
|t:|1743862898
|switch|p2a: Cresselia|Cresselia, F|100/100
|turn|9
|
|t:|1743862904
|move|p1a: Weavile|Foul Play|p2a: Cresselia
|-supereffective|p2a: Cresselia
|-damage|p2a: Cresselia|76/100
|move|p2a: Cresselia|Calm Mind|p2a: Cresselia
|-boost|p2a: Cresselia|spa|1
|-boost|p2a: Cresselia|spd|1
|
|-heal|p2a: Cresselia|82/100|[from] item: Leftovers
|upkeep
|turn|10
|
|t:|1743862916
|move|p1a: Weavile|Foul Play|p2a: Cresselia
|-supereffective|p2a: Cresselia
|-damage|p2a: Cresselia|55/100
|move|p2a: Cresselia|Moonblast|p1a: Weavile
|-supereffective|p1a: Weavile
|-end|p1a: Weavile|Substitute
|
|-heal|p2a: Cresselia|61/100|[from] item: Leftovers
|upkeep
|turn|11
|
|t:|1743862926
|move|p1a: Weavile|Foul Play|p2a: Cresselia
|-supereffective|p2a: Cresselia
|-crit|p2a: Cresselia
|-damage|p2a: Cresselia|19/100
|move|p2a: Cresselia|Moonblast|p1a: Weavile
|-supereffective|p1a: Weavile
|-damage|p1a: Weavile|0 fnt
|faint|p1a: Weavile
|
|-heal|p2a: Cresselia|25/100|[from] item: Leftovers
|upkeep
|
|t:|1743862937
|switch|p1a: Landorus|Landorus-Therian, M|100/100
|-ability|p1a: Landorus|Intimidate|boost
|-unboost|p2a: Cresselia|atk|1
|turn|12
|
|t:|1743862945
|-terastallize|p2a: Cresselia|Fairy
|move|p1a: Landorus|U-turn|p2a: Cresselia
|-resisted|p2a: Cresselia
|-damage|p2a: Cresselia|16/100
|
|t:|1743862952
|switch|p1a: Magnezone|Magnezone|7/100|[from] U-turn
|move|p2a: Cresselia|Moonlight|p2a: Cresselia
|-heal|p2a: Cresselia|66/100
|
|-heal|p2a: Cresselia|72/100|[from] item: Leftovers
|upkeep
|turn|13
|
|t:|1743862961
|move|p2a: Cresselia|Psychic|p1a: Magnezone
|-resisted|p1a: Magnezone
|-damage|p1a: Magnezone|0 fnt
|faint|p1a: Magnezone
|
|-heal|p2a: Cresselia|78/100|[from] item: Leftovers
|upkeep
|
|t:|1743862985
|switch|p1a: Gardevoir|Gardevoir, M|100/100
|turn|14
|
|t:|1743862996
|move|p2a: Cresselia|Calm Mind|p2a: Cresselia
|-boost|p2a: Cresselia|spa|1
|-boost|p2a: Cresselia|spd|1
|move|p1a: Gardevoir|Calm Mind|p1a: Gardevoir
|-boost|p1a: Gardevoir|spa|1
|-boost|p1a: Gardevoir|spd|1
|
|-heal|p2a: Cresselia|84/100|[from] item: Leftovers
|upkeep
|turn|15
|
|t:|1743863005
|move|p2a: Cresselia|Psychic|p1a: Gardevoir
|-resisted|p1a: Gardevoir
|-damage|p1a: Gardevoir|82/100
|-unboost|p1a: Gardevoir|spd|1
|move|p1a: Gardevoir|Will-O-Wisp|p2a: Cresselia
|-status|p2a: Cresselia|brn
|
|-heal|p2a: Cresselia|90/100 brn|[from] item: Leftovers
|-heal|p1a: Gardevoir|88/100|[from] item: Leftovers
|-damage|p2a: Cresselia|84/100 brn|[from] brn
|upkeep
|turn|16
|
|t:|1743863018
|move|p2a: Cresselia|Moonblast|p1a: Gardevoir
|-damage|p1a: Gardevoir|38/100
|-unboost|p1a: Gardevoir|spa|1
|move|p1a: Gardevoir|Calm Mind|p1a: Gardevoir
|-boost|p1a: Gardevoir|spa|1
|-boost|p1a: Gardevoir|spd|1
|
|-heal|p2a: Cresselia|90/100 brn|[from] item: Leftovers
|-heal|p1a: Gardevoir|44/100|[from] item: Leftovers
|-damage|p2a: Cresselia|84/100 brn|[from] brn
|upkeep
|turn|17
|
|t:|1743863032
|move|p2a: Cresselia|Moonblast|p1a: Gardevoir
|-damage|p1a: Gardevoir|4/100
|move|p1a: Gardevoir|Moonblast|p2a: Cresselia
|-damage|p2a: Cresselia|60/100 brn
|
|-heal|p2a: Cresselia|66/100 brn|[from] item: Leftovers
|-heal|p1a: Gardevoir|10/100|[from] item: Leftovers
|-damage|p2a: Cresselia|60/100 brn|[from] brn
|upkeep
|turn|18
|
|t:|1743863042
|move|p2a: Cresselia|Moonblast|p1a: Gardevoir
|-damage|p1a: Gardevoir|0 fnt
|faint|p1a: Gardevoir
|
|-heal|p2a: Cresselia|66/100 brn|[from] item: Leftovers
|-damage|p2a: Cresselia|60/100 brn|[from] brn
|upkeep
|
|t:|1743863058
|switch|p1a: Moltres|Moltres-Galar|100/100
|turn|19
|
|t:|1743863070
|move|p1a: Moltres|Brave Bird|p2a: Cresselia
|-damage|p2a: Cresselia|26/100 brn
|-damage|p1a: Moltres|85/100|[from] Recoil
|move|p2a: Cresselia|Moonblast|p1a: Moltres
|-supereffective|p1a: Moltres
|-damage|p1a: Moltres|0 fnt
|faint|p1a: Moltres
|
|-heal|p2a: Cresselia|32/100 brn|[from] item: Leftovers
|-damage|p2a: Cresselia|26/100 brn|[from] brn
|upkeep
|
|t:|1743863082
|switch|p1a: Landorus|Landorus-Therian, M|100/100
|-ability|p1a: Landorus|Intimidate|boost
|-unboost|p2a: Cresselia|atk|1
|turn|20
|
|t:|1743863092
|move|p1a: Landorus|Stone Edge|p2a: Cresselia
|-damage|p2a: Cresselia|0 fnt
|faint|p2a: Cresselia
|
|upkeep
|
|t:|1743863097
|switch|p2a: Chandelure|Chandelure, F, shiny|100/100
|-item|p2a: Chandelure|Air Balloon
|turn|21
|
|t:|1743863111
|move|p1a: Landorus|Stone Edge|p2a: Chandelure
|-supereffective|p2a: Chandelure
|-damage|p2a: Chandelure|0 fnt
|-enditem|p2a: Chandelure|Air Balloon
|faint|p2a: Chandelure
|
|upkeep
|
|t:|1743863114
|switch|p2a: Gastrodon|Gastrodon, F|100/100
|-item|p2a: Gastrodon|Air Balloon
|turn|22
|
|t:|1743863125
|move|p1a: Landorus|Stone Edge|p2a: Gastrodon
|-resisted|p2a: Gastrodon
|-damage|p2a: Gastrodon|80/100
|-enditem|p2a: Gastrodon|Air Balloon
|move|p2a: Gastrodon|Hydro Pump|p1a: Landorus
|-supereffective|p1a: Landorus
|-damage|p1a: Landorus|5/100
|
|upkeep
|turn|23
|
|t:|1743863133
|move|p1a: Landorus|Stone Edge|p2a: Gastrodon|[miss]
|-miss|p1a: Landorus|p2a: Gastrodon
|move|p2a: Gastrodon|Hydro Pump|p1a: Landorus|[miss]
|-miss|p2a: Gastrodon|p1a: Landorus
|
|upkeep
|turn|24
|
|t:|1743863140
|move|p1a: Landorus|Stone Edge|p2a: Gastrodon|[miss]
|-miss|p1a: Landorus|p2a: Gastrodon
|move|p2a: Gastrodon|Hydro Pump|p1a: Landorus|[miss]
|-miss|p2a: Gastrodon|p1a: Landorus
|
|upkeep
|turn|25
|
|t:|1743863147
|move|p1a: Landorus|Stone Edge|p2a: Gastrodon
|-resisted|p2a: Gastrodon
|-damage|p2a: Gastrodon|58/100
|move|p2a: Gastrodon|Hydro Pump|p1a: Landorus|[miss]
|-miss|p2a: Gastrodon|p1a: Landorus
|
|upkeep
|turn|26
|
|t:|1743863154
|move|p1a: Landorus|Stone Edge|p2a: Gastrodon
|-resisted|p2a: Gastrodon
|-damage|p2a: Gastrodon|39/100
|move|p2a: Gastrodon|Hydro Pump|p1a: Landorus
|-supereffective|p1a: Landorus
|-damage|p1a: Landorus|0 fnt
|faint|p1a: Landorus
|
|win|turborotom2000
|raw|Luizmkit's rating: 1054 &rarr; <strong>1038</strong><br />(-16 for losing)
|raw|turborotom2000's rating: 1086 &rarr; <strong>1111</strong><br />(+25 for winning)
|l|☆turborotom2000
|player|p2|
|l|☆Luizmkit
|player|p1|
