|j|☆ridlostar
|j|☆YoungBaconBoy
|t:|1743778234
|gametype|singles
|player|p1|ridlostar|hilbert|1539
|player|p2|YoungBaconBoy|2|1567
|teamsize|p1|6
|teamsize|p2|6
|gen|9
|tier|[Gen 9] OU
|rated|
|rule|HP Percentage Mod: HP is shown in percentages
|rule|Endless Battle Clause: Forcing endless battles is banned
|rule|Species Clause: Limit one of each Pokémon
|rule|OHKO Clause: OHKO moves are banned
|rule|Evasion Items Clause: Evasion items are banned
|rule|Evasion Moves Clause: Evasion moves are banned
|rule|Sleep Moves Clause: Sleep-inducing moves are banned
|clearpoke
|poke|p1|Darkrai|
|poke|p1|Alomomola, M|
|poke|p1|Clodsire, M|
|poke|p1|Dragonite, M|
|poke|p1|Cresselia, F|
|poke|p1|Toedscruel, M|
|poke|p2|Araquanid, F|
|poke|p2|Raging Bolt|
|poke|p2|Iron Moth|
|poke|p2|Great Tusk|
|poke|p2|Gholdengo|
|poke|p2|Kingambit, M|
|teampreview
|inactive|Battle timer is ON: inactive players will automatically lose when time's up. (requested by ridlostar)
|
|t:|1743778247
|start
|switch|p1a: a fish|Alomomola, M|100/100
|switch|p2a: Araquanid|Araquanid, F|100/100
|turn|1
|
|t:|1743778254
|move|p2a: Araquanid|Sticky Web|p1a: a fish
|-sidestart|p1: ridlostar|move: Sticky Web
|move|p1a: a fish|Flip Turn|p2a: Araquanid
|-resisted|p2a: Araquanid
|-damage|p2a: Araquanid|93/100
|
|t:|1743778259
|switch|p1a: Squidward?|Toedscruel, M|100/100|[from] Flip Turn
|-activate|p1a: Squidward?|move: Sticky Web
|-unboost|p1a: Squidward?|spe|1
|
|upkeep
|turn|2
|
|t:|1743778266
|move|p1a: Squidward?|Giga Drain|p2a: Araquanid
|-damage|p2a: Araquanid|74/100
|move|p2a: Araquanid|Lunge|p1a: Squidward?
|-supereffective|p1a: Squidward?
|-damage|p1a: Squidward?|34/100
|-unboost|p1a: Squidward?|atk|1
|
|-heal|p1a: Squidward?|40/100|[from] item: Leftovers
|upkeep
|turn|3
|
|t:|1743778278
|switch|p1a: a fish|Alomomola, M|100/100
|move|p2a: Araquanid|Lunge|p1a: a fish
|-damage|p1a: a fish|86/100
|-unboost|p1a: a fish|atk|1
|
|upkeep
|turn|4
|
|t:|1743778287
|move|p2a: Araquanid|Lunge|p1a: a fish
|-damage|p1a: a fish|72/100
|-unboost|p1a: a fish|atk|1
|move|p1a: a fish|Wish|p1a: a fish
|
|upkeep
|turn|5
|
|t:|1743778295
|move|p2a: Araquanid|Lunge|p1a: a fish
|-crit|p1a: a fish
|-damage|p1a: a fish|50/100
|-unboost|p1a: a fish|atk|1
|move|p1a: a fish|Flip Turn|p2a: Araquanid
|-resisted|p2a: Araquanid
|-damage|p2a: Araquanid|71/100
|
|t:|1743778299
|switch|p1a: Squidward?|Toedscruel, M|40/100|[from] Flip Turn
|-activate|p1a: Squidward?|move: Sticky Web
|-unboost|p1a: Squidward?|spe|1
|
|-heal|p1a: Squidward?|100/100|[from] move: Wish|[wisher] a fish
|upkeep
|turn|6
|
|t:|1743778310
|move|p1a: Squidward?|Earth Power|p2a: Araquanid
|-resisted|p2a: Araquanid
|-damage|p2a: Araquanid|58/100
|move|p2a: Araquanid|Lunge|p1a: Squidward?
|-supereffective|p1a: Squidward?
|-damage|p1a: Squidward?|40/100
|-unboost|p1a: Squidward?|atk|1
|
|-heal|p1a: Squidward?|46/100|[from] item: Leftovers
|upkeep
|turn|7
|
|t:|1743778320
|switch|p1a: a fish|Alomomola, M|84/100
|move|p2a: Araquanid|Lunge|p1a: a fish
|-damage|p1a: a fish|69/100
|-unboost|p1a: a fish|atk|1
|
|upkeep
|turn|8
|
|t:|1743778323
|move|p2a: Araquanid|Lunge|p1a: a fish
|-damage|p1a: a fish|55/100
|-unboost|p1a: a fish|atk|1
|move|p1a: a fish|Flip Turn|p2a: Araquanid
|-resisted|p2a: Araquanid
|-damage|p2a: Araquanid|54/100
|
|t:|1743778329
|switch|p1a: Big Man|Clodsire, M|100/100|[from] Flip Turn
|-activate|p1a: Big Man|move: Sticky Web
|-unboost|p1a: Big Man|spe|1
|
|upkeep
|turn|9
|
|t:|1743778333
|move|p2a: Araquanid|Liquidation|p1a: Big Man
|-supereffective|p1a: Big Man
|-damage|p1a: Big Man|34/100
|-unboost|p1a: Big Man|def|1
|move|p1a: Big Man|Toxic|p2a: Araquanid
|-status|p2a: Araquanid|tox
|
|-heal|p1a: Big Man|40/100|[from] item: Leftovers
|-damage|p2a: Araquanid|48/100 tox|[from] psn
|upkeep
|turn|10
|
|t:|1743778337
|switch|p1a: a fish|Alomomola, M|88/100
|move|p2a: Araquanid|Liquidation|p1a: a fish
|-resisted|p1a: a fish
|-damage|p1a: a fish|74/100
|
|-damage|p2a: Araquanid|36/100 tox|[from] psn
|upkeep
|turn|11
|
|t:|1743778343
|move|p2a: Araquanid|Lunge|p1a: a fish
|-damage|p1a: a fish|61/100
|-unboost|p1a: a fish|atk|1
|move|p1a: a fish|Wish|p1a: a fish
|
|-damage|p2a: Araquanid|17/100 tox|[from] psn
|upkeep
|turn|12
|-enditem|p2a: Araquanid|Custap Berry|[eat]
|-activate|p2a: Araquanid|item: Custap Berry|[consumed]
|
|t:|1743778349
|move|p2a: Araquanid|Lunge|p1a: a fish
|-damage|p1a: a fish|47/100
|-unboost|p1a: a fish|atk|1
|move|p1a: a fish|Flip Turn|p2a: Araquanid
|-resisted|p2a: Araquanid
|-damage|p2a: Araquanid|13/100 tox
|
|t:|1743778359
|switch|p1a: Squidward?|Toedscruel, M|46/100|[from] Flip Turn
|-activate|p1a: Squidward?|move: Sticky Web
|-unboost|p1a: Squidward?|spe|1
|
|-heal|p1a: Squidward?|100/100|[from] move: Wish|[wisher] a fish
|-damage|p2a: Araquanid|0 fnt|[from] psn
|faint|p2a: Araquanid
|upkeep
|
|t:|1743778375
|switch|p2a: Iron Moth|Iron Moth|100/100
|-enditem|p2a: Iron Moth|Booster Energy
|-activate|p2a: Iron Moth|ability: Quark Drive|[fromitem]
|-start|p2a: Iron Moth|quarkdrivespa
|turn|13
|
|t:|1743778379
|move|p2a: Iron Moth|Fiery Dance|p1a: Squidward?
|-supereffective|p1a: Squidward?
|-damage|p1a: Squidward?|0 fnt
|faint|p1a: Squidward?
|
|upkeep
|
|t:|1743778394
|switch|p1a: a fish|Alomomola, M|81/100
|turn|14
|
|t:|1743778401
|-end|p2a: Iron Moth|Quark Drive|[silent]
|switch|p2a: Raging Bolt|Raging Bolt|100/100
|-enditem|p2a: Raging Bolt|Booster Energy
|-activate|p2a: Raging Bolt|ability: Protosynthesis|[fromitem]
|-start|p2a: Raging Bolt|protosynthesisspa
|move|p1a: a fish|Healing Wish|p1a: a fish
|faint|p1a: a fish
|
|upkeep
|
|t:|1743778403
|switch|p1a: Big Man|Clodsire, M|40/100
|-heal|p1a: Big Man|100/100|[from] move: Healing Wish
|-activate|p1a: Big Man|move: Sticky Web
|-unboost|p1a: Big Man|spe|1
|turn|15
|
|t:|1743778418
|switch|p1a: Shadow|Darkrai|100/100
|-activate|p1a: Shadow|move: Sticky Web
|-unboost|p1a: Shadow|spe|1
|move|p2a: Raging Bolt|Dragon Pulse|p1a: Shadow
|-damage|p1a: Shadow|18/100
|
|upkeep
|turn|16
|
|t:|1743778425
|move|p2a: Raging Bolt|Thunderclap|p1a: Shadow
|-damage|p1a: Shadow|0 fnt
|faint|p1a: Shadow
|
|upkeep
|
|t:|1743778436
|switch|p1a: Big Man|Clodsire, M|100/100
|-activate|p1a: Big Man|move: Sticky Web
|-unboost|p1a: Big Man|spe|1
|turn|17
|
|t:|1743778439
|move|p2a: Raging Bolt|Dragon Pulse|p1a: Big Man
|-damage|p1a: Big Man|49/100
|move|p1a: Big Man|Stockpile|p1a: Big Man
|-start|p1a: Big Man|stockpile1
|-boost|p1a: Big Man|def|1
|-boost|p1a: Big Man|spd|1
|
|-heal|p1a: Big Man|55/100|[from] item: Leftovers
|upkeep
|turn|18
|
|t:|1743778443
|move|p2a: Raging Bolt|Dragon Pulse|p1a: Big Man
|-damage|p1a: Big Man|21/100
|move|p1a: Big Man|Recover|p1a: Big Man
|-heal|p1a: Big Man|71/100
|
|-heal|p1a: Big Man|77/100|[from] item: Leftovers
|upkeep
|turn|19
|
|t:|1743778446
|move|p2a: Raging Bolt|Calm Mind|p2a: Raging Bolt
|-boost|p2a: Raging Bolt|spa|1
|-boost|p2a: Raging Bolt|spd|1
|move|p1a: Big Man|Stockpile|p1a: Big Man
|-start|p1a: Big Man|stockpile2
|-boost|p1a: Big Man|def|1
|-boost|p1a: Big Man|spd|1
|
|-heal|p1a: Big Man|83/100|[from] item: Leftovers
|upkeep
|turn|20
|
|t:|1743778449
|move|p2a: Raging Bolt|Dragon Pulse|p1a: Big Man
|-damage|p1a: Big Man|58/100
|move|p1a: Big Man|Stockpile|p1a: Big Man
|-start|p1a: Big Man|stockpile3
|-boost|p1a: Big Man|def|1
|-boost|p1a: Big Man|spd|1
|
|-heal|p1a: Big Man|65/100|[from] item: Leftovers
|upkeep
|turn|21
|
|t:|1743778452
|move|p2a: Raging Bolt|Dragon Pulse|p1a: Big Man
|-damage|p1a: Big Man|47/100
|move|p1a: Big Man|Recover|p1a: Big Man
|-heal|p1a: Big Man|97/100
|
|-heal|p1a: Big Man|100/100|[from] item: Leftovers
|upkeep
|turn|22
|
|t:|1743778456
|move|p2a: Raging Bolt|Dragon Pulse|p1a: Big Man
|-damage|p1a: Big Man|80/100
|move|p1a: Big Man|Earthquake|p2a: Raging Bolt
|-supereffective|p2a: Raging Bolt
|-damage|p2a: Raging Bolt|46/100
|
|-heal|p1a: Big Man|87/100|[from] item: Leftovers
|upkeep
|turn|23
|
|t:|1743778460
|move|p2a: Raging Bolt|Dragon Pulse|p1a: Big Man
|-damage|p1a: Big Man|68/100
|move|p1a: Big Man|Earthquake|p2a: Raging Bolt
|-supereffective|p2a: Raging Bolt
|-damage|p2a: Raging Bolt|0 fnt
|faint|p2a: Raging Bolt
|-end|p2a: Raging Bolt|Protosynthesis|[silent]
|
|-heal|p1a: Big Man|75/100|[from] item: Leftovers
|upkeep
|
|t:|1743778489
|switch|p2a: Gholdengo|Gholdengo|100/100
|-item|p2a: Gholdengo|Air Balloon
|turn|24
|
|t:|1743778499
|switch|p1a: him|Dragonite, M|100/100
|move|p2a: Gholdengo|Nasty Plot|p2a: Gholdengo
|-boost|p2a: Gholdengo|spa|2
|
|upkeep
|turn|25
|
|t:|1743778507
|move|p2a: Gholdengo|Dazzling Gleam|p1a: him
|-supereffective|p1a: him
|-damage|p1a: him|50/100
|move|p1a: him|Iron Head|p2a: Gholdengo
|-resisted|p2a: Gholdengo
|-damage|p2a: Gholdengo|86/100
|-enditem|p2a: Gholdengo|Air Balloon
|
|-heal|p1a: him|56/100|[from] item: Leftovers
|upkeep
|turn|26
|
|t:|1743778514
|-terastallize|p2a: Gholdengo|Fairy
|move|p2a: Gholdengo|Dazzling Gleam|p1a: him
|-supereffective|p1a: him
|-damage|p1a: him|0 fnt
|faint|p1a: him
|
|upkeep
|
|t:|1743778518
|switch|p1a: Big Man|Clodsire, M|75/100
|-activate|p1a: Big Man|move: Sticky Web
|-unboost|p1a: Big Man|spe|1
|turn|27
|
|t:|1743778524
|move|p2a: Gholdengo|Psyshock|p1a: Big Man
|-supereffective|p1a: Big Man
|-damage|p1a: Big Man|32/100
|move|p1a: Big Man|Stockpile|p1a: Big Man
|-start|p1a: Big Man|stockpile1
|-boost|p1a: Big Man|def|1
|-boost|p1a: Big Man|spd|1
|
|-heal|p1a: Big Man|38/100|[from] item: Leftovers
|upkeep
|turn|28
|
|t:|1743778529
|move|p2a: Gholdengo|Psyshock|p1a: Big Man
|-supereffective|p1a: Big Man
|-damage|p1a: Big Man|10/100
|move|p1a: Big Man|Recover|p1a: Big Man
|-heal|p1a: Big Man|60/100
|
|-heal|p1a: Big Man|66/100|[from] item: Leftovers
|upkeep
|turn|29
|
|t:|1743778533
|move|p2a: Gholdengo|Nasty Plot|p2a: Gholdengo
|-boost|p2a: Gholdengo|spa|2
|move|p1a: Big Man|Recover|p1a: Big Man
|-heal|p1a: Big Man|100/100
|
|upkeep
|turn|30
|
|t:|1743778535
|move|p2a: Gholdengo|Nasty Plot|p2a: Gholdengo
|-boost|p2a: Gholdengo|spa|2
|move|p1a: Big Man|Stockpile|p1a: Big Man
|-start|p1a: Big Man|stockpile2
|-boost|p1a: Big Man|def|1
|-boost|p1a: Big Man|spd|1
|
|upkeep
|turn|31
|
|t:|1743778537
|move|p2a: Gholdengo|Shadow Ball|p1a: Big Man
|-damage|p1a: Big Man|85/100
|move|p1a: Big Man|Stockpile|p1a: Big Man
|-start|p1a: Big Man|stockpile3
|-boost|p1a: Big Man|def|1
|-boost|p1a: Big Man|spd|1
|
|-heal|p1a: Big Man|92/100|[from] item: Leftovers
|upkeep
|turn|32
|
|t:|1743778542
|move|p2a: Gholdengo|Shadow Ball|p1a: Big Man
|-damage|p1a: Big Man|79/100
|move|p1a: Big Man|Earthquake|p2a: Gholdengo
|-damage|p2a: Gholdengo|56/100
|
|-heal|p1a: Big Man|85/100|[from] item: Leftovers
|upkeep
|turn|33
|
|t:|1743778548
|move|p2a: Gholdengo|Shadow Ball|p1a: Big Man
|-damage|p1a: Big Man|71/100
|move|p1a: Big Man|Earthquake|p2a: Gholdengo
|-crit|p2a: Gholdengo
|-damage|p2a: Gholdengo|8/100
|
|-heal|p1a: Big Man|77/100|[from] item: Leftovers
|upkeep
|turn|34
|
|t:|1743778560
|move|p2a: Gholdengo|Shadow Ball|p1a: Big Man
|-crit|p1a: Big Man
|-damage|p1a: Big Man|28/100
|move|p1a: Big Man|Earthquake|p2a: Gholdengo
|-damage|p2a: Gholdengo|0 fnt
|faint|p2a: Gholdengo
|
|-heal|p1a: Big Man|35/100|[from] item: Leftovers
|upkeep
|
|t:|1743778571
|switch|p2a: Great Tusk|Great Tusk|100/100
|-enditem|p2a: Great Tusk|Booster Energy
|-activate|p2a: Great Tusk|ability: Protosynthesis|[fromitem]
|-start|p2a: Great Tusk|protosynthesisatk
|turn|35
|
|t:|1743778575
|-terastallize|p1a: Big Man|Dark
|move|p2a: Great Tusk|Headlong Rush|p1a: Big Man
|-damage|p1a: Big Man|9/100
|-unboost|p2a: Great Tusk|def|1
|-unboost|p2a: Great Tusk|spd|1
|move|p1a: Big Man|Recover|p1a: Big Man
|-heal|p1a: Big Man|59/100
|
|-heal|p1a: Big Man|65/100|[from] item: Leftovers
|upkeep
|turn|36
|
|t:|1743778587
|move|p2a: Great Tusk|Ice Spinner|p1a: Big Man
|-damage|p1a: Big Man|55/100
|move|p1a: Big Man|Recover|p1a: Big Man
|-heal|p1a: Big Man|100/100
|
|upkeep
|turn|37
|
|t:|1743778592
|move|p2a: Great Tusk|Headlong Rush|p1a: Big Man
|-damage|p1a: Big Man|76/100
|-unboost|p2a: Great Tusk|def|1
|-unboost|p2a: Great Tusk|spd|1
|move|p1a: Big Man|Toxic|p2a: Great Tusk
|-status|p2a: Great Tusk|tox
|
|-heal|p1a: Big Man|82/100|[from] item: Leftovers
|-damage|p2a: Great Tusk|94/100 tox|[from] psn
|upkeep
|turn|38
|
|t:|1743778601
|move|p2a: Great Tusk|Headlong Rush|p1a: Big Man
|-damage|p1a: Big Man|59/100
|-unboost|p2a: Great Tusk|def|1
|-unboost|p2a: Great Tusk|spd|1
|move|p1a: Big Man|Earthquake|p2a: Great Tusk
|-damage|p2a: Great Tusk|75/100 tox
|
|-heal|p1a: Big Man|65/100|[from] item: Leftovers
|-damage|p2a: Great Tusk|62/100 tox|[from] psn
|upkeep
|turn|39
|
|t:|1743778611
|move|p2a: Great Tusk|Headlong Rush|p1a: Big Man
|-damage|p1a: Big Man|43/100
|-unboost|p2a: Great Tusk|def|1
|-unboost|p2a: Great Tusk|spd|1
|move|p1a: Big Man|Recover|p1a: Big Man
|-heal|p1a: Big Man|93/100
|
|-heal|p1a: Big Man|99/100|[from] item: Leftovers
|-damage|p2a: Great Tusk|44/100 tox|[from] psn
|upkeep
|turn|40
|j| Lario
|
|t:|1743778621
|move|p2a: Great Tusk|Headlong Rush|p1a: Big Man
|-damage|p1a: Big Man|74/100
|-unboost|p2a: Great Tusk|def|1
|-unboost|p2a: Great Tusk|spd|1
|move|p1a: Big Man|Earthquake|p2a: Great Tusk
|-damage|p2a: Great Tusk|25/100 tox
|
|-heal|p1a: Big Man|80/100|[from] item: Leftovers
|-damage|p2a: Great Tusk|0 fnt|[from] psn
|faint|p2a: Great Tusk
|-end|p2a: Great Tusk|Protosynthesis|[silent]
|upkeep
|inactive|YoungBaconBoy has 120 seconds left.
|
|t:|1743778654
|switch|p2a: Iron Moth|Iron Moth|100/100
|turn|41
|
|t:|1743778659
|move|p2a: Iron Moth|Dazzling Gleam|p1a: Big Man
|-supereffective|p1a: Big Man
|-damage|p1a: Big Man|63/100
|move|p1a: Big Man|Earthquake|p2a: Iron Moth
|-supereffective|p2a: Iron Moth
|-damage|p2a: Iron Moth|0 fnt
|faint|p2a: Iron Moth
|-end|p2a: Iron Moth|Quark Drive|[silent]
|
|-heal|p1a: Big Man|69/100|[from] item: Leftovers
|upkeep
|
|t:|1743778663
|switch|p2a: Kingambit|Kingambit, M|100/100
|-activate|p2a: Kingambit|ability: Supreme Overlord
|-start|p2a: Kingambit|fallen5|[silent]
|turn|42
|
|t:|1743778668
|move|p2a: Kingambit|Tera Blast|p1a: Big Man
|-damage|p1a: Big Man|64/100
|move|p1a: Big Man|Earthquake|p2a: Kingambit
|-supereffective|p2a: Kingambit
|-damage|p2a: Kingambit|51/100
|
|-heal|p1a: Big Man|71/100|[from] item: Leftovers
|upkeep
|turn|43
|
|t:|1743778675
|move|p2a: Kingambit|Kowtow Cleave|p1a: Big Man
|-resisted|p1a: Big Man
|-damage|p1a: Big Man|60/100
|move|p1a: Big Man|Earthquake|p2a: Kingambit
|-supereffective|p2a: Kingambit
|-damage|p2a: Kingambit|5/100
|
|-heal|p1a: Big Man|66/100|[from] item: Leftovers
|upkeep
|turn|44
|
|t:|1743778703
|move|p2a: Kingambit|Kowtow Cleave|p1a: Big Man
|-resisted|p1a: Big Man
|-damage|p1a: Big Man|55/100
|move|p1a: Big Man|Earthquake|p2a: Kingambit
|-supereffective|p2a: Kingambit
|-damage|p2a: Kingambit|0 fnt
|faint|p2a: Kingambit
|-end|p2a: Kingambit|fallen5|[silent]
|
|win|ridlostar
|raw|ridlostar's rating: 1539 &rarr; <strong>1561</strong><br />(+22 for winning)
|raw|YoungBaconBoy's rating: 1567 &rarr; <strong>1545</strong><br />(-22 for losing)
|c|☆ridlostar|gg
|l| Lario
|l|☆ridlostar
|player|p1|
