|j|☆Princessjosie1001
|j|☆JGabrielCO
|t:|1743798024
|gametype|singles
|player|p1|Princessjosie1001|nurse|1335
|player|p2|JGabrielCO|101|1332
|teamsize|p1|6
|teamsize|p2|6
|gen|9
|tier|[Gen 9] OU
|rated|
|rule|HP Percentage Mod: HP is shown in percentages
|rule|Endless Battle Clause: Forcing endless battles is banned
|rule|Species Clause: Limit one of each Pokémon
|rule|OHKO Clause: OHKO moves are banned
|rule|Evasion Items Clause: Evasion items are banned
|rule|Evasion Moves Clause: Evasion moves are banned
|rule|Sleep Moves Clause: Sleep-inducing moves are banned
|clearpoke
|poke|p1|Cinderace, M|
|poke|p1|Cloyster, F|
|poke|p1|Hatterene, F|
|poke|p1|Espeon, M|
|poke|p1|Jirachi|
|poke|p1|Yanmega, F|
|poke|p2|Slowking-Galar, M|
|poke|p2|Bruxish, M|
|poke|p2|Iron Valiant|
|poke|p2|Meowscarada, F|
|poke|p2|Cinderace, M|
|poke|p2|Landorus-Therian, M|
|teampreview
|
|t:|1743798050
|start
|switch|p1a: Jirachi|Jirachi|100/100
|switch|p2a: Meowscarada|Meowscarada, F|100/100
|turn|1
|
|t:|1743798061
|move|p2a: Meowscarada|Knock Off|p1a: Jirachi
|-start|p2a: Meowscarada|typechange|Dark|[from] ability: Protean
|-supereffective|p1a: Jirachi
|-damage|p1a: Jirachi|15/100
|-enditem|p1a: Jirachi|Choice Scarf|[from] move: Knock Off|[of] p2a: Meowscarada
|move|p1a: Jirachi|U-turn|p2a: Meowscarada
|-supereffective|p2a: Meowscarada
|-damage|p2a: Meowscarada|37/100
|
|t:|1743798070
|switch|p1a: Cloyster|Cloyster, F|100/100|[from] U-turn
|
|upkeep
|turn|2
|
|t:|1743798078
|switch|p2a: Slowking|Slowking-Galar, M|100/100
|move|p1a: Cloyster|Shell Smash|p1a: Cloyster
|-unboost|p1a: Cloyster|def|1
|-unboost|p1a: Cloyster|spd|1
|-boost|p1a: Cloyster|atk|2
|-boost|p1a: Cloyster|spa|2
|-boost|p1a: Cloyster|spe|2
|
|upkeep
|turn|3
|
|t:|1743798086
|move|p1a: Cloyster|Icicle Spear|p2a: Slowking
|-damage|p2a: Slowking|82/100
|-damage|p2a: Slowking|64/100
|-damage|p2a: Slowking|46/100
|-damage|p2a: Slowking|27/100
|-damage|p2a: Slowking|9/100
|-hitcount|p2a: Slowking|5
|move|p2a: Slowking|Thunder Wave|p1a: Cloyster
|-status|p1a: Cloyster|par
|
|-heal|p2a: Slowking|15/100|[from] item: Black Sludge
|upkeep
|turn|4
|
|t:|1743798097
|switch|p2a: Cinderace|Cinderace, M|100/100
|move|p1a: Cloyster|Icicle Spear|p2a: Cinderace
|-resisted|p2a: Cinderace
|-damage|p2a: Cinderace|85/100
|-resisted|p2a: Cinderace
|-damage|p2a: Cinderace|68/100
|-resisted|p2a: Cinderace
|-damage|p2a: Cinderace|50/100
|-resisted|p2a: Cinderace
|-damage|p2a: Cinderace|33/100
|-resisted|p2a: Cinderace
|-damage|p2a: Cinderace|16/100
|-hitcount|p2a: Cinderace|5
|
|upkeep
|turn|5
|
|t:|1743798108
|move|p1a: Cloyster|Ice Shard|p2a: Cinderace
|-resisted|p2a: Cinderace
|-damage|p2a: Cinderace|0 fnt
|faint|p2a: Cinderace
|
|upkeep
|
|t:|1743798114
|switch|p2a: Iron Valiant|Iron Valiant|100/100
|turn|6
|
|t:|1743798117
|move|p2a: Iron Valiant|Focus Blast|p1a: Cloyster
|-supereffective|p1a: Cloyster
|-enditem|p1a: Cloyster|Focus Sash
|-damage|p1a: Cloyster|1/100 par
|move|p1a: Cloyster|Icicle Spear|p2a: Iron Valiant
|-damage|p2a: Iron Valiant|71/100
|-damage|p2a: Iron Valiant|39/100
|-damage|p2a: Iron Valiant|10/100
|-damage|p2a: Iron Valiant|0 fnt
|faint|p2a: Iron Valiant
|-end|p2a: Iron Valiant|Quark Drive|[silent]
|-hitcount|p2: Iron Valiant|4
|
|upkeep
|
|t:|1743798123
|switch|p2a: Bruxish|Bruxish, M|100/100
|turn|7
|-message|JGabrielCO forfeited.
|
|win|Princessjosie1001
|raw|Princessjosie1001's rating: 1335 &rarr; <strong>1355</strong><br />(+20 for winning)
|raw|JGabrielCO's rating: 1332 &rarr; <strong>1312</strong><br />(-20 for losing)
|l|☆JGabrielCO
|player|p2|
|l|☆Princessjosie1001
|player|p1|
