|j|☆BLACKPOWER2457
|j|☆jrandallzzz
|t:|1743896548
|gametype|singles
|player|p1|BLACKPOWER2457|102|1528
|player|p2|jrandallzzz|cynthia-gen4|1501
|teamsize|p1|6
|teamsize|p2|6
|gen|9
|tier|[Gen 9] OU
|rated|
|rule|HP Percentage Mod: HP is shown in percentages
|rule|Endless Battle Clause: Forcing endless battles is banned
|rule|Species Clause: Limit one of each Pokémon
|rule|OHKO Clause: OHKO moves are banned
|rule|Evasion Items Clause: Evasion items are banned
|rule|Evasion Moves Clause: Evasion moves are banned
|rule|Sleep Moves Clause: Sleep-inducing moves are banned
|clearpoke
|poke|p1|Iron Valiant|
|poke|p1|Rotom-Wash|
|poke|p1|Latios, M|
|poke|p1|Ting-Lu|
|poke|p1|Hydreigon, M|
|poke|p1|Gholdengo|
|poke|p2|Garganacl, F|
|poke|p2|Sinistcha-Masterpiece|
|poke|p2|Clodsire, F|
|poke|p2|Moltres|
|poke|p2|Weavile, F|
|poke|p2|Samurott-Hisui, F|
|teampreview
|
|t:|1743896565
|start
|switch|p1a: Rotom|Rotom-Wash|100/100
|switch|p2a: Samurott|Samurott-Hisui, F|100/100
|turn|1
|
|t:|1743896570
|move|p2a: Samurott|Flip Turn|p1a: Rotom
|-resisted|p1a: Rotom
|-damage|p1a: Rotom|90/100
|
|t:|1743896573
|switch|p2a: Clodsire|Clodsire, F|100/100|[from] Flip Turn
|move|p1a: Rotom|Will-O-Wisp|p2a: Clodsire
|-status|p2a: Clodsire|brn
|
|-heal|p1a: Rotom|96/100|[from] item: Leftovers
|-damage|p2a: Clodsire|94/100 brn|[from] brn
|upkeep
|turn|2
|
|t:|1743896584
|switch|p1a: Ting-Lu|Ting-Lu|100/100
|-ability|p1a: Ting-Lu|Vessel of Ruin
|move|p2a: Clodsire|Stealth Rock|p1a: Ting-Lu
|-sidestart|p1: BLACKPOWER2457|move: Stealth Rock
|
|-damage|p2a: Clodsire|88/100 brn|[from] brn
|upkeep
|turn|3
|
|t:|1743896592
|switch|p2a: Moltres|Moltres|100/100
|move|p1a: Ting-Lu|Stealth Rock|p2a: Moltres
|-sidestart|p2: jrandallzzz|move: Stealth Rock
|
|upkeep
|turn|4
|
|t:|1743896598
|move|p2a: Moltres|Will-O-Wisp|p1a: Ting-Lu
|-status|p1a: Ting-Lu|brn
|move|p1a: Ting-Lu|Ruination|p2a: Moltres
|-damage|p2a: Moltres|51/100
|
|-damage|p1a: Ting-Lu|94/100 brn|[from] brn
|upkeep
|turn|5
|
|t:|1743896610
|move|p2a: Moltres|Flamethrower|p1a: Ting-Lu
|-damage|p1a: Ting-Lu|79/100 brn
|move|p1a: Ting-Lu|Whirlwind|p2a: Moltres
|drag|p2a: Samurott|Samurott-Hisui, F|100/100
|-damage|p2a: Samurott|88/100|[from] Stealth Rock
|
|-heal|p1a: Ting-Lu|85/100 brn|[from] item: Leftovers
|-damage|p1a: Ting-Lu|79/100 brn|[from] brn
|upkeep
|turn|6
|
|t:|1743896628
|switch|p1a: Iron Valiant|Iron Valiant|100/100
|move|p2a: Samurott|Aqua Cutter|p1a: Iron Valiant
|-damage|p1a: Iron Valiant|41/100
|
|upkeep
|turn|7
|
|t:|1743896638
|-end|p1a: Iron Valiant|Quark Drive|[silent]
|switch|p1a: Hydreigon|Hydreigon, M|100/100
|-damage|p1a: Hydreigon|88/100|[from] Stealth Rock
|move|p2a: Samurott|Aqua Cutter|p1a: Hydreigon
|-resisted|p1a: Hydreigon
|-damage|p1a: Hydreigon|63/100
|
|upkeep
|turn|8
|
|t:|1743896645
|switch|p2a: Clodsire|Clodsire, F|88/100 brn
|move|p1a: Hydreigon|Draco Meteor|p2a: Clodsire
|-crit|p2a: Clodsire
|-damage|p2a: Clodsire|10/100 brn
|-unboost|p1a: Hydreigon|spa|2
|
|-damage|p2a: Clodsire|4/100 brn|[from] brn
|upkeep
|turn|9
|
|t:|1743896658
|move|p1a: Hydreigon|Draco Meteor|p2a: Clodsire|[miss]
|-miss|p1a: Hydreigon|p2a: Clodsire
|move|p2a: Clodsire|Recover|p2a: Clodsire
|-heal|p2a: Clodsire|54/100 brn
|
|-damage|p2a: Clodsire|48/100 brn|[from] brn
|upkeep
|turn|10
|
|t:|1743896663
|move|p1a: Hydreigon|Draco Meteor|p2a: Clodsire
|-damage|p2a: Clodsire|23/100 brn
|-unboost|p1a: Hydreigon|spa|2
|move|p2a: Clodsire|Recover|p2a: Clodsire
|-heal|p2a: Clodsire|73/100 brn
|
|-damage|p2a: Clodsire|67/100 brn|[from] brn
|upkeep
|turn|11
|
|t:|1743896668
|switch|p1a: Rotom|Rotom-Wash|96/100
|-damage|p1a: Rotom|84/100|[from] Stealth Rock
|move|p2a: Clodsire|Toxic|p1a: Rotom
|-status|p1a: Rotom|tox
|
|-heal|p1a: Rotom|90/100 tox|[from] item: Leftovers
|-damage|p1a: Rotom|84/100 tox|[from] psn
|-damage|p2a: Clodsire|61/100 brn|[from] brn
|upkeep
|turn|12
|
|t:|1743896684
|switch|p1a: Ting-Lu|Ting-Lu|79/100 brn
|-damage|p1a: Ting-Lu|73/100 brn|[from] Stealth Rock
|-ability|p1a: Ting-Lu|Vessel of Ruin
|move|p2a: Clodsire|Earthquake|p1a: Ting-Lu
|-damage|p1a: Ting-Lu|66/100 brn
|
|-heal|p1a: Ting-Lu|72/100 brn|[from] item: Leftovers
|-damage|p1a: Ting-Lu|66/100 brn|[from] brn
|-damage|p2a: Clodsire|55/100 brn|[from] brn
|upkeep
|turn|13
|
|t:|1743896697
|switch|p2a: Moltres|Moltres|51/100
|move|p1a: Ting-Lu|Earthquake|p2a: Moltres
|-immune|p2a: Moltres
|
|-heal|p1a: Ting-Lu|72/100 brn|[from] item: Leftovers
|-damage|p1a: Ting-Lu|66/100 brn|[from] brn
|upkeep
|turn|14
|inactive|Battle timer is ON: inactive players will automatically lose when time's up. (requested by BLACKPOWER2457)
|
|t:|1743896709
|move|p2a: Moltres|Flamethrower|p1a: Ting-Lu
|-damage|p1a: Ting-Lu|50/100 brn
|move|p1a: Ting-Lu|Ruination|p2a: Moltres
|-damage|p2a: Moltres|26/100
|
|-heal|p1a: Ting-Lu|57/100 brn|[from] item: Leftovers
|-damage|p1a: Ting-Lu|50/100 brn|[from] brn
|upkeep
|turn|15
|
|t:|1743896719
|switch|p1a: Hydreigon|Hydreigon, M|63/100
|-damage|p1a: Hydreigon|50/100|[from] Stealth Rock
|move|p2a: Moltres|Roost|p2a: Moltres
|-heal|p2a: Moltres|76/100
|-singleturn|p2a: Moltres|move: Roost
|
|upkeep
|turn|16
|
|t:|1743896731
|-terastallize|p2a: Moltres|Fairy
|move|p1a: Hydreigon|Draco Meteor|p2a: Moltres
|-immune|p2a: Moltres
|move|p2a: Moltres|Will-O-Wisp|p1a: Hydreigon|[miss]
|-miss|p2a: Moltres|p1a: Hydreigon
|
|upkeep
|turn|17
|
|t:|1743896740
|switch|p1a: Ting-Lu|Ting-Lu|50/100 brn
|-damage|p1a: Ting-Lu|44/100 brn|[from] Stealth Rock
|-ability|p1a: Ting-Lu|Vessel of Ruin
|switch|p2a: Clodsire|Clodsire, F|55/100 brn
|
|-heal|p1a: Ting-Lu|50/100 brn|[from] item: Leftovers
|-damage|p1a: Ting-Lu|44/100 brn|[from] brn
|-damage|p2a: Clodsire|49/100 brn|[from] brn
|upkeep
|turn|18
|
|t:|1743896751
|switch|p2a: Sinistcha|Sinistcha-Masterpiece|100/100
|move|p1a: Ting-Lu|Earthquake|p2a: Sinistcha
|-resisted|p2a: Sinistcha
|-damage|p2a: Sinistcha|94/100
|
|-heal|p1a: Ting-Lu|50/100 brn|[from] item: Leftovers
|-damage|p1a: Ting-Lu|44/100 brn|[from] brn
|upkeep
|turn|19
|
|t:|1743896759
|move|p2a: Sinistcha|Calm Mind|p2a: Sinistcha
|-boost|p2a: Sinistcha|spa|1
|-boost|p2a: Sinistcha|spd|1
|move|p1a: Ting-Lu|Ruination|p2a: Sinistcha
|-damage|p2a: Sinistcha|47/100
|
|-heal|p1a: Ting-Lu|50/100 brn|[from] item: Leftovers
|-damage|p1a: Ting-Lu|44/100 brn|[from] brn
|upkeep
|turn|20
|
|t:|1743896765
|move|p2a: Sinistcha|Strength Sap|p1a: Ting-Lu
|-unboost|p1a: Ting-Lu|atk|1
|-heal|p2a: Sinistcha|100/100
|move|p1a: Ting-Lu|Whirlwind|p2a: Sinistcha
|drag|p2a: Clodsire|Clodsire, F|49/100 brn
|
|-heal|p1a: Ting-Lu|50/100 brn|[from] item: Leftovers
|-damage|p1a: Ting-Lu|44/100 brn|[from] brn
|-damage|p2a: Clodsire|43/100 brn|[from] brn
|upkeep
|turn|21
|
|t:|1743896772
|switch|p2a: Sinistcha|Sinistcha-Masterpiece|100/100
|move|p1a: Ting-Lu|Whirlwind|p2a: Sinistcha
|drag|p2a: Weavile|Weavile, F|100/100
|
|-heal|p1a: Ting-Lu|50/100 brn|[from] item: Leftovers
|-damage|p1a: Ting-Lu|44/100 brn|[from] brn
|upkeep
|turn|22
|
|t:|1743896781
|move|p2a: Weavile|Triple Axel|p1a: Ting-Lu
|-supereffective|p1a: Ting-Lu
|-damage|p1a: Ting-Lu|32/100 brn
|-supereffective|p1a: Ting-Lu
|-damage|p1a: Ting-Lu|10/100 brn
|-supereffective|p1a: Ting-Lu
|-damage|p1a: Ting-Lu|0 fnt
|faint|p1a: Ting-Lu
|-hitcount|p1: Ting-Lu|3
|
|upkeep
|
|t:|1743896795
|switch|p1a: Rotom|Rotom-Wash|84/100 tox
|-damage|p1a: Rotom|71/100 tox|[from] Stealth Rock
|turn|23
|
|t:|1743896810
|switch|p2a: Clodsire|Clodsire, F|43/100 brn
|switch|p1a: Hydreigon|Hydreigon, M|50/100
|-damage|p1a: Hydreigon|38/100|[from] Stealth Rock
|
|-damage|p2a: Clodsire|37/100 brn|[from] brn
|upkeep
|turn|24
|
|t:|1743896817
|move|p1a: Hydreigon|Dark Pulse|p2a: Clodsire
|-damage|p2a: Clodsire|6/100 brn
|move|p2a: Clodsire|Recover|p2a: Clodsire
|-heal|p2a: Clodsire|56/100 brn
|
|-damage|p2a: Clodsire|50/100 brn|[from] brn
|upkeep
|turn|25
|
|t:|1743896825
|switch|p2a: Moltres|Moltres, tera:Fairy|76/100
|move|p1a: Hydreigon|Dark Pulse|p2a: Moltres
|-resisted|p2a: Moltres
|-damage|p2a: Moltres|42/100
|
|upkeep
|turn|26
|
|t:|1743896832
|move|p1a: Hydreigon|Dark Pulse|p2a: Moltres
|-resisted|p2a: Moltres
|-damage|p2a: Moltres|9/100
|move|p2a: Moltres|Roost|p2a: Moltres
|-heal|p2a: Moltres|59/100
|
|upkeep
|turn|27
|
|t:|1743896841
|switch|p2a: Samurott|Samurott-Hisui, F|88/100
|-damage|p2a: Samurott|76/100|[from] Stealth Rock
|move|p1a: Hydreigon|Dark Pulse|p2a: Samurott
|-resisted|p2a: Samurott
|-damage|p2a: Samurott|28/100
|
|upkeep
|turn|28
|
|t:|1743896852
|switch|p1a: Rotom|Rotom-Wash|71/100 tox
|-damage|p1a: Rotom|59/100 tox|[from] Stealth Rock
|move|p2a: Samurott|Sacred Sword|p1a: Rotom
|-damage|p1a: Rotom|25/100 tox
|
|-heal|p1a: Rotom|31/100 tox|[from] item: Leftovers
|-damage|p1a: Rotom|25/100 tox|[from] psn
|upkeep
|turn|29
|
|t:|1743896858
|switch|p2a: Clodsire|Clodsire, F|50/100 brn
|move|p1a: Rotom|Pain Split|p2a: Clodsire
|-sethp|p2a: Clodsire|33/100 brn|[from] move: Pain Split|[silent]
|-sethp|p1a: Rotom|50/100 tox|[from] move: Pain Split
|
|-heal|p1a: Rotom|56/100 tox|[from] item: Leftovers
|-damage|p1a: Rotom|44/100 tox|[from] psn
|-damage|p2a: Clodsire|27/100 brn|[from] brn
|upkeep
|turn|30
|
|t:|1743896867
|switch|p1a: Hydreigon|Hydreigon, M|38/100
|-damage|p1a: Hydreigon|26/100|[from] Stealth Rock
|move|p2a: Clodsire|Recover|p2a: Clodsire
|-heal|p2a: Clodsire|77/100 brn
|
|-damage|p2a: Clodsire|71/100 brn|[from] brn
|upkeep
|turn|31
|
|t:|1743896878
|move|p1a: Hydreigon|Dark Pulse|p2a: Clodsire
|-damage|p2a: Clodsire|37/100 brn
|cant|p2a: Clodsire|flinch
|
|-damage|p2a: Clodsire|31/100 brn|[from] brn
|upkeep
|turn|32
|
|t:|1743896895
|move|p1a: Hydreigon|Dark Pulse|p2a: Clodsire
|-damage|p2a: Clodsire|0 fnt
|faint|p2a: Clodsire
|
|upkeep
|
|t:|1743896909
|switch|p2a: Samurott|Samurott-Hisui, F|28/100
|-damage|p2a: Samurott|15/100|[from] Stealth Rock
|turn|33
|
|t:|1743896922
|switch|p1a: Gholdengo|Gholdengo|100/100
|-damage|p1a: Gholdengo|94/100|[from] Stealth Rock
|-item|p1a: Gholdengo|Air Balloon
|move|p2a: Samurott|Flip Turn|p1a: Gholdengo
|-damage|p1a: Gholdengo|74/100
|-enditem|p1a: Gholdengo|Air Balloon
|
|t:|1743896931
|switch|p2a: Weavile|Weavile, F|100/100|[from] Flip Turn
|
|upkeep
|turn|34
|
|t:|1743896941
|move|p2a: Weavile|Knock Off|p1a: Gholdengo
|-supereffective|p1a: Gholdengo
|-damage|p1a: Gholdengo|29/100
|move|p1a: Gholdengo|Thunder Wave|p2a: Weavile
|-status|p2a: Weavile|par
|
|upkeep
|turn|35
|
|t:|1743896949
|move|p1a: Gholdengo|Recover|p1a: Gholdengo
|-heal|p1a: Gholdengo|79/100
|move|p2a: Weavile|Knock Off|p1a: Gholdengo
|-supereffective|p1a: Gholdengo
|-damage|p1a: Gholdengo|36/100
|
|upkeep
|turn|36
|
|t:|1743896956
|switch|p2a: Samurott|Samurott-Hisui, F|15/100
|-damage|p2a: Samurott|3/100|[from] Stealth Rock
|move|p1a: Gholdengo|Make It Rain|p2a: Samurott
|-resisted|p2a: Samurott
|-damage|p2a: Samurott|0 fnt
|-unboost|p1a: Gholdengo|spa|1
|faint|p2a: Samurott
|
|upkeep
|
|t:|1743896964
|switch|p2a: Garganacl|Garganacl, F|100/100
|-damage|p2a: Garganacl|88/100|[from] Stealth Rock
|turn|37
|
|t:|1743896977
|switch|p1a: Iron Valiant|Iron Valiant|41/100
|move|p2a: Garganacl|Earthquake|p1a: Iron Valiant
|-damage|p1a: Iron Valiant|10/100
|
|-heal|p2a: Garganacl|94/100|[from] item: Leftovers
|upkeep
|turn|38
|
|t:|1743896986
|move|p1a: Iron Valiant|Knock Off|p2a: Garganacl
|-damage|p2a: Garganacl|76/100
|-enditem|p2a: Garganacl|Leftovers|[from] move: Knock Off|[of] p1a: Iron Valiant
|move|p2a: Garganacl|Earthquake|p1a: Iron Valiant
|-damage|p1a: Iron Valiant|0 fnt
|faint|p1a: Iron Valiant
|-end|p1a: Iron Valiant|Quark Drive|[silent]
|
|upkeep
|
|t:|1743896991
|switch|p1a: Rotom|Rotom-Wash|44/100 tox
|-damage|p1a: Rotom|31/100 tox|[from] Stealth Rock
|turn|39
|
|t:|1743896996
|switch|p2a: Sinistcha|Sinistcha-Masterpiece|100/100
|move|p1a: Rotom|Pain Split|p2a: Sinistcha
|-sethp|p2a: Sinistcha|64/100|[from] move: Pain Split|[silent]
|-sethp|p1a: Rotom|73/100 tox|[from] move: Pain Split
|
|-heal|p1a: Rotom|79/100 tox|[from] item: Leftovers
|-damage|p1a: Rotom|73/100 tox|[from] psn
|upkeep
|turn|40
|
|t:|1743897005
|switch|p1a: Hydreigon|Hydreigon, M|26/100
|-damage|p1a: Hydreigon|13/100|[from] Stealth Rock
|move|p2a: Sinistcha|Calm Mind|p2a: Sinistcha
|-boost|p2a: Sinistcha|spa|1
|-boost|p2a: Sinistcha|spd|1
|
|upkeep
|turn|41
|
|t:|1743897015
|move|p1a: Hydreigon|Dark Pulse|p2a: Sinistcha
|-supereffective|p2a: Sinistcha
|-damage|p2a: Sinistcha|0 fnt
|faint|p2a: Sinistcha
|
|upkeep
|
|t:|1743897018
|switch|p2a: Weavile|Weavile, F|100/100 par
|turn|42
|
|t:|1743897023
|switch|p1a: Rotom|Rotom-Wash|73/100 tox
|-damage|p1a: Rotom|60/100 tox|[from] Stealth Rock
|cant|p2a: Weavile|par
|
|-heal|p1a: Rotom|66/100 tox|[from] item: Leftovers
|-damage|p1a: Rotom|60/100 tox|[from] psn
|upkeep
|turn|43
|
|t:|1743897032
|switch|p2a: Moltres|Moltres, tera:Fairy|59/100
|move|p1a: Rotom|Volt Switch|p2a: Moltres
|-damage|p2a: Moltres|35/100
|
|t:|1743897038
|switch|p1a: Latios|Latios, M|100/100|[from] Volt Switch
|-damage|p1a: Latios|88/100|[from] Stealth Rock
|
|upkeep
|turn|44
|inactive|BLACKPOWER2457 has 120 seconds left.
|-message|jrandallzzz forfeited.
|
|win|BLACKPOWER2457
|raw|BLACKPOWER2457's rating: 1528 &rarr; <strong>1546</strong><br />(+18 for winning)
|raw|jrandallzzz's rating: 1501 &rarr; <strong>1483</strong><br />(-18 for losing)
|l|☆jrandallzzz
|player|p2|
