|j|☆giulianno
|j|☆pitiani
|t:|1743778226
|gametype|singles
|player|p1|giulianno|red|1301
|player|p2|pitiani|striker|1338
|teamsize|p1|6
|teamsize|p2|6
|gen|9
|tier|[Gen 9] OU
|rated|
|rule|HP Percentage Mod: HP is shown in percentages
|rule|Endless Battle Clause: Forcing endless battles is banned
|rule|Species Clause: Limit one of each Pokémon
|rule|OHKO Clause: OHKO moves are banned
|rule|Evasion Items Clause: Evasion items are banned
|rule|Evasion Moves Clause: Evasion moves are banned
|rule|Sleep Moves Clause: Sleep-inducing moves are banned
|clearpoke
|poke|p1|Chandelure, M|
|poke|p1|Gallade, M|
|poke|p1|Garchomp, M|
|poke|p1|Weavile, M|
|poke|p1|Gyarados, M|
|poke|p1|Magnezone|
|poke|p2|Ogerpon-Wellspring, F|
|poke|p2|Glimmora, M|
|poke|p2|Dragapult, M|
|poke|p2|Blaziken, F|
|poke|p2|Darkrai|
|poke|p2|Primarina, M|
|teampreview
|
|t:|1743778234
|start
|switch|p1a: Weavile|Weavile, M|100/100
|switch|p2a: Glimmora|Glimmora, M|100/100
|-ability|p1a: Weavile|Pressure
|turn|1
|inactive|Battle timer is ON: inactive players will automatically lose when time's up. (requested by giulianno)
|inactive|pitiani has 120 seconds left.
|
|t:|1743778289
|move|p1a: Weavile|Swords Dance|p1a: Weavile
|-boost|p1a: Weavile|atk|2
|move|p2a: Glimmora|Stealth Rock|p1a: Weavile
|-sidestart|p1: giulianno|move: Stealth Rock
|
|upkeep
|turn|2
|
|t:|1743778298
|move|p1a: Weavile|Triple Axel|p2a: Glimmora
|-damage|p2a: Glimmora|75/100
|-activate|p2a: Glimmora|ability: Toxic Debris
|-sidestart|p1: giulianno|move: Toxic Spikes
|-damage|p2a: Glimmora|23/100
|-activate|p2a: Glimmora|ability: Toxic Debris
|-sidestart|p1: giulianno|move: Toxic Spikes
|-damage|p2a: Glimmora|0 fnt
|faint|p2a: Glimmora
|-hitcount|p2: Glimmora|3
|
|upkeep
|inactive|pitiani has 120 seconds left.
|
|t:|1743778339
|switch|p2a: Darkrai|Darkrai|100/100
|turn|3
|
|t:|1743778342
|move|p2a: Darkrai|Focus Blast|p1a: Weavile
|-supereffective|p1a: Weavile
|-enditem|p1a: Weavile|Focus Sash
|-damage|p1a: Weavile|1/100
|move|p1a: Weavile|Triple Axel|p2a: Darkrai
|-damage|p2a: Darkrai|74/100
|-damage|p2a: Darkrai|19/100
|-damage|p2a: Darkrai|0 fnt
|faint|p2a: Darkrai
|-hitcount|p2: Darkrai|3
|
|upkeep
|inactive|pitiani has 120 seconds left.
|
|t:|1743778353
|switch|p2a: Blaziken|Blaziken, F|100/100
|turn|4
|
|t:|1743778362
|move|p2a: Blaziken|Protect|p2a: Blaziken
|-singleturn|p2a: Blaziken|Protect
|move|p1a: Weavile|Swords Dance|p1a: Weavile
|-boost|p1a: Weavile|atk|2
|
|-ability|p2a: Blaziken|Speed Boost|boost
|-boost|p2a: Blaziken|spe|1
|upkeep
|turn|5
|inactive|pitiani has 120 seconds left.
|
|t:|1743778381
|move|p1a: Weavile|Ice Shard|p2a: Blaziken
|-resisted|p2a: Blaziken
|-damage|p2a: Blaziken|54/100
|move|p2a: Blaziken|Close Combat|p1a: Weavile
|-supereffective|p1a: Weavile
|-damage|p1a: Weavile|0 fnt
|-unboost|p2a: Blaziken|def|1
|-unboost|p2a: Blaziken|spd|1
|faint|p1a: Weavile
|
|-ability|p2a: Blaziken|Speed Boost|boost
|-boost|p2a: Blaziken|spe|1
|upkeep
|
|t:|1743778398
|switch|p1a: Gyarados|Gyarados, M|100/100
|-damage|p1a: Gyarados|76/100|[from] Stealth Rock
|turn|6
|
|t:|1743778406
|move|p2a: Blaziken|Flare Blitz|p1a: Gyarados
|-resisted|p1a: Gyarados
|-damage|p1a: Gyarados|38/100
|-damage|p2a: Blaziken|40/100|[from] Recoil
|move|p1a: Gyarados|Dragon Dance|p1a: Gyarados
|-boost|p1a: Gyarados|atk|1
|-boost|p1a: Gyarados|spe|1
|
|-heal|p1a: Gyarados|44/100|[from] item: Leftovers
|-ability|p2a: Blaziken|Speed Boost|boost
|-boost|p2a: Blaziken|spe|1
|upkeep
|turn|7
|
|t:|1743778421
|move|p2a: Blaziken|Flare Blitz|p1a: Gyarados
|-resisted|p1a: Gyarados
|-damage|p1a: Gyarados|1/100
|-damage|p2a: Blaziken|24/100|[from] Recoil
|move|p1a: Gyarados|Earthquake|p2a: Blaziken
|-supereffective|p2a: Blaziken
|-damage|p2a: Blaziken|0 fnt
|faint|p2a: Blaziken
|-ability|p1a: Gyarados|Moxie|boost
|-boost|p1a: Gyarados|atk|1
|
|-heal|p1a: Gyarados|7/100|[from] item: Leftovers
|upkeep
|
|t:|1743778429
|switch|p2a: Ogerpon|Ogerpon-Wellspring, F|100/100
|turn|8
|
|t:|1743778441
|move|p1a: Gyarados|Earthquake|p2a: Ogerpon
|-resisted|p2a: Ogerpon
|-damage|p2a: Ogerpon|57/100
|move|p2a: Ogerpon|Horn Leech|p1a: Gyarados
|-damage|p1a: Gyarados|0 fnt
|-heal|p2a: Ogerpon|61/100|[from] drain|[of] p1a: Gyarados
|faint|p1a: Gyarados
|
|upkeep
|
|t:|1743778457
|switch|p1a: Magnezone|Magnezone|100/100
|-damage|p1a: Magnezone|94/100|[from] Stealth Rock
|-item|p1a: Magnezone|Air Balloon
|turn|9
|
|t:|1743778466
|move|p2a: Ogerpon|Ivy Cudgel|p1a: Magnezone|[anim] Ivy Cudgel Water
|-damage|p1a: Magnezone|39/100
|-enditem|p1a: Magnezone|Air Balloon
|move|p1a: Magnezone|Thunderbolt|p2a: Ogerpon
|-damage|p2a: Ogerpon|1/100
|
|upkeep
|turn|10
|
|t:|1743778480
|move|p2a: Ogerpon|Ivy Cudgel|p1a: Magnezone|[anim] Ivy Cudgel Water
|-damage|p1a: Magnezone|0 fnt
|faint|p1a: Magnezone
|
|upkeep
|
|t:|1743778485
|switch|p1a: Gallade|Gallade, M|100/100
|turn|11
|
|t:|1743778490
|move|p1a: Gallade|Shadow Sneak|p2a: Ogerpon
|-damage|p2a: Ogerpon|0 fnt
|faint|p2a: Ogerpon
|
|upkeep
|
|t:|1743778493
|switch|p2a: Primarina|Primarina, M|100/100
|turn|12
|
|t:|1743778502
|-terastallize|p1a: Gallade|Steel
|move|p1a: Gallade|Swords Dance|p1a: Gallade
|-boost|p1a: Gallade|atk|2
|move|p2a: Primarina|Substitute|p2a: Primarina
|-start|p2a: Primarina|Substitute
|-damage|p2a: Primarina|75/100
|
|-heal|p2a: Primarina|82/100|[from] item: Leftovers
|upkeep
|turn|13
|
|t:|1743778510
|move|p1a: Gallade|Psycho Cut|p2a: Primarina
|-end|p2a: Primarina|Substitute
|move|p2a: Primarina|Calm Mind|p2a: Primarina
|-boost|p2a: Primarina|spa|1
|-boost|p2a: Primarina|spd|1
|
|-heal|p2a: Primarina|88/100|[from] item: Leftovers
|upkeep
|turn|14
|
|t:|1743778517
|-terastallize|p2a: Primarina|Steel
|move|p1a: Gallade|Psycho Cut|p2a: Primarina
|-resisted|p2a: Primarina
|-crit|p2a: Primarina
|-damage|p2a: Primarina|24/100
|move|p2a: Primarina|Psychic Noise|p1a: Gallade
|-damage|p1a: Gallade|44/100
|-start|p1a: Gallade|move: Heal Block
|
|-heal|p2a: Primarina|30/100|[from] item: Leftovers
|upkeep
|turn|15
|
|t:|1743778528
|move|p1a: Gallade|Psycho Cut|p2a: Primarina
|-resisted|p2a: Primarina
|-damage|p2a: Primarina|0 fnt
|faint|p2a: Primarina
|
|-end|p1a: Gallade|move: Heal Block
|upkeep
|
|t:|1743778531
|switch|p2a: Dragapult|Dragapult, M|100/100
|turn|16
|
|t:|1743778536
|move|p1a: Gallade|Shadow Sneak|p2a: Dragapult
|-supereffective|p2a: Dragapult
|-damage|p2a: Dragapult|20/100
|move|p2a: Dragapult|Shadow Ball|p1a: Gallade
|-damage|p1a: Gallade|0 fnt
|faint|p1a: Gallade
|
|upkeep
|
|t:|1743778544
|switch|p1a: Chandelure|Chandelure, M|100/100
|-damage|p1a: Chandelure|76/100|[from] Stealth Rock
|-status|p1a: Chandelure|tox
|turn|17
|
|t:|1743778549
|move|p2a: Dragapult|Shadow Ball|p1a: Chandelure
|-supereffective|p1a: Chandelure
|-damage|p1a: Chandelure|0 fnt
|faint|p1a: Chandelure
|
|upkeep
|
|t:|1743778554
|switch|p1a: Garchomp|Garchomp, M, shiny|100/100
|-damage|p1a: Garchomp|94/100|[from] Stealth Rock
|-status|p1a: Garchomp|tox
|turn|18
|
|t:|1743778559
|move|p2a: Dragapult|Shadow Ball|p1a: Garchomp
|-damage|p1a: Garchomp|36/100 tox
|move|p1a: Garchomp|Earthquake|p2a: Dragapult
|-damage|p2a: Dragapult|0 fnt
|faint|p2a: Dragapult
|
|win|giulianno
|raw|giulianno's rating: 1301 &rarr; <strong>1323</strong><br />(+22 for winning)
|raw|pitiani's rating: 1338 &rarr; <strong>1316</strong><br />(-22 for losing)
|l|☆pitiani
|player|p2|
|l|☆giulianno
|player|p1|
