|j|☆Deezmcnuggetz
|j|☆surprise blissey
|t:|1743884478
|gametype|singles
|player|p1|Deezmcnuggetz|170|1389
|player|p2|surprise blissey|blaine|1380
|teamsize|p1|6
|teamsize|p2|6
|gen|9
|tier|[Gen 9] OU
|rated|
|rule|HP Percentage Mod: HP is shown in percentages
|rule|Endless Battle Clause: Forcing endless battles is banned
|rule|Species Clause: Limit one of each Pokémon
|rule|OHKO Clause: OHKO moves are banned
|rule|Evasion Items Clause: Evasion items are banned
|rule|Evasion Moves Clause: Evasion moves are banned
|rule|Sleep Moves Clause: Sleep-inducing moves are banned
|clearpoke
|poke|p1|Orthworm, F|
|poke|p1|Clodsire, F|
|poke|p1|Pecharunt|
|poke|p1|Great Tusk|
|poke|p1|Slowking, F|
|poke|p1|Weavile, F|
|poke|p2|Dragonite, F|
|poke|p2|Gliscor, F|
|poke|p2|Hatterene, F|
|poke|p2|Iron Valiant|
|poke|p2|Ursaluna, M|
|poke|p2|Iron Treads|
|teampreview
|inactive|Battle timer is ON: inactive players will automatically lose when time's up. (requested by surprise blissey)
|
|t:|1743884486
|start
|switch|p1a: Pecharunt|Pecharunt|100/100
|switch|p2a: Gliscor|Gliscor, F|100/100
|turn|1
|
|t:|1743884495
|move|p2a: Gliscor|Swords Dance|p2a: Gliscor
|-boost|p2a: Gliscor|atk|2
|move|p1a: Pecharunt|Malignant Chain|p2a: Gliscor
|-resisted|p2a: Gliscor
|-damage|p2a: Gliscor|81/100
|-status|p2a: Gliscor|tox
|-start|p2a: Gliscor|confusion|[from] ability: Poison Puppeteer|[of] p1a: Pecharunt
|
|-heal|p2a: Gliscor|94/100 tox|[from] ability: Poison Heal
|upkeep
|turn|2
|
|t:|1743884507
|-activate|p2a: Gliscor|confusion
|move|p2a: Gliscor|Knock Off|p1a: Pecharunt
|-supereffective|p1a: Pecharunt
|-damage|p1a: Pecharunt|58/100
|-enditem|p1a: Pecharunt|Heavy-Duty Boots|[from] move: Knock Off|[of] p2a: Gliscor
|move|p1a: Pecharunt|Hex|p2a: Gliscor
|-damage|p2a: Gliscor|47/100 tox
|
|-heal|p2a: Gliscor|60/100 tox|[from] ability: Poison Heal
|upkeep
|turn|3
|
|t:|1743884515
|-terastallize|p2a: Gliscor|Normal
|-activate|p2a: Gliscor|confusion
|move|p2a: Gliscor|Swords Dance|p2a: Gliscor
|-boost|p2a: Gliscor|atk|2
|move|p1a: Pecharunt|Parting Shot|p2a: Gliscor
|-unboost|p2a: Gliscor|atk|1
|-unboost|p2a: Gliscor|spa|1
|
|t:|1743884522
|switch|p1a: Weavile|Weavile, F, shiny|100/100|[from] Parting Shot
|-ability|p1a: Weavile|Pressure
|
|-heal|p2a: Gliscor|72/100 tox|[from] ability: Poison Heal
|upkeep
|turn|4
|
|t:|1743884525
|-end|p2a: Gliscor|confusion
|move|p2a: Gliscor|Protect|p2a: Gliscor
|-singleturn|p2a: Gliscor|Protect
|move|p1a: Weavile|Triple Axel|p2a: Gliscor
|-activate|p2a: Gliscor|move: Protect
|
|-heal|p2a: Gliscor|85/100 tox|[from] ability: Poison Heal
|upkeep
|turn|5
|
|t:|1743884529
|move|p1a: Weavile|Triple Axel|p2a: Gliscor
|-damage|p2a: Gliscor|77/100 tox
|-damage|p2a: Gliscor|61/100 tox
|-damage|p2a: Gliscor|38/100 tox
|-hitcount|p2a: Gliscor|3
|move|p2a: Gliscor|Facade|p1a: Weavile
|-damage|p1a: Weavile|0 fnt
|faint|p1a: Weavile
|
|-heal|p2a: Gliscor|50/100 tox|[from] ability: Poison Heal
|upkeep
|
|t:|1743884537
|switch|p1a: Orthworm|Orthworm, F, shiny|100/100
|turn|6
|
|t:|1743884543
|move|p2a: Gliscor|Protect|p2a: Gliscor
|-singleturn|p2a: Gliscor|Protect
|move|p1a: Orthworm|Iron Defense|p1a: Orthworm
|-boost|p1a: Orthworm|def|2
|
|-heal|p2a: Gliscor|63/100 tox|[from] ability: Poison Heal
|upkeep
|turn|7
|
|t:|1743884548
|switch|p2a: Iron Valiant|Iron Valiant|100/100
|-enditem|p2a: Iron Valiant|Booster Energy
|-activate|p2a: Iron Valiant|ability: Quark Drive|[fromitem]
|-start|p2a: Iron Valiant|quarkdrivespe
|move|p1a: Orthworm|Body Press|p2a: Iron Valiant
|-resisted|p2a: Iron Valiant
|-damage|p2a: Iron Valiant|58/100
|
|upkeep
|turn|8
|
|t:|1743884554
|move|p2a: Iron Valiant|Destiny Bond|p2a: Iron Valiant
|-singlemove|p2a: Iron Valiant|Destiny Bond
|move|p1a: Orthworm|Heavy Slam|p2a: Iron Valiant
|-supereffective|p2a: Iron Valiant
|-damage|p2a: Iron Valiant|0 fnt
|faint|p2a: Iron Valiant
|-activate|p2a: Iron Valiant|move: Destiny Bond
|-end|p2a: Iron Valiant|Quark Drive|[silent]
|faint|p1a: Orthworm
|
|upkeep
|
|t:|1743884561
|switch|p2a: Gliscor|Gliscor, F, tera:Normal|63/100 tox
|switch|p1a: Pecharunt|Pecharunt|58/100
|turn|9
|
|t:|1743884568
|move|p2a: Gliscor|Swords Dance|p2a: Gliscor
|-boost|p2a: Gliscor|atk|2
|move|p1a: Pecharunt|Recover|p1a: Pecharunt
|-heal|p1a: Pecharunt|100/100
|
|-heal|p2a: Gliscor|75/100 tox|[from] ability: Poison Heal
|upkeep
|turn|10
|
|t:|1743884572
|move|p2a: Gliscor|Swords Dance|p2a: Gliscor
|-boost|p2a: Gliscor|atk|2
|move|p1a: Pecharunt|Parting Shot|p2a: Gliscor
|-unboost|p2a: Gliscor|atk|1
|-unboost|p2a: Gliscor|spa|1
|
|t:|1743884575
|switch|p1a: Clodsire|Clodsire, F, shiny|100/100|[from] Parting Shot
|
|-heal|p2a: Gliscor|88/100 tox|[from] ability: Poison Heal
|upkeep
|turn|11
|
|t:|1743884579
|move|p2a: Gliscor|Knock Off|p1a: Clodsire
|-damage|p1a: Clodsire|76/100
|-enditem|p1a: Clodsire|Heavy-Duty Boots|[from] move: Knock Off|[of] p2a: Gliscor
|move|p1a: Clodsire|Earthquake|p2a: Gliscor
|-damage|p2a: Gliscor|68/100 tox
|
|-heal|p2a: Gliscor|80/100 tox|[from] ability: Poison Heal
|upkeep
|turn|12
|
|t:|1743884583
|move|p2a: Gliscor|Swords Dance|p2a: Gliscor
|-boost|p2a: Gliscor|atk|2
|move|p1a: Clodsire|Recover|p1a: Clodsire
|-heal|p1a: Clodsire|100/100
|
|-heal|p2a: Gliscor|93/100 tox|[from] ability: Poison Heal
|upkeep
|turn|13
|
|t:|1743884585
|move|p2a: Gliscor|Swords Dance|p2a: Gliscor
|-boost|p2a: Gliscor|atk|1
|move|p1a: Clodsire|Earthquake|p2a: Gliscor
|-damage|p2a: Gliscor|72/100 tox
|
|-heal|p2a: Gliscor|85/100 tox|[from] ability: Poison Heal
|upkeep
|turn|14
|
|t:|1743884588
|move|p2a: Gliscor|Facade|p1a: Clodsire
|-damage|p1a: Clodsire|49/100
|move|p1a: Clodsire|Toxic|p2a: Gliscor
|-fail|p2a: Gliscor|tox
|
|-heal|p2a: Gliscor|97/100 tox|[from] ability: Poison Heal
|upkeep
|turn|15
|
|t:|1743884591
|move|p2a: Gliscor|Facade|p1a: Clodsire
|-damage|p1a: Clodsire|0 fnt
|faint|p1a: Clodsire
|
|-heal|p2a: Gliscor|100/100 tox|[from] ability: Poison Heal
|upkeep
|c|☆surprise blissey|gg
|
|t:|1743884600
|switch|p1a: Slowking|Slowking, F, shiny|100/100
|turn|16
|
|t:|1743884605
|-terastallize|p1a: Slowking|Fairy
|move|p2a: Gliscor|Knock Off|p1a: Slowking
|-resisted|p1a: Slowking
|-damage|p1a: Slowking|61/100
|-enditem|p1a: Slowking|Heavy-Duty Boots|[from] move: Knock Off|[of] p2a: Gliscor
|move|p1a: Slowking|Future Sight|p2a: Gliscor
|-start|p1a: Slowking|move: Future Sight
|
|upkeep
|turn|17
|
|t:|1743884610
|move|p2a: Gliscor|Facade|p1a: Slowking
|-damage|p1a: Slowking|0 fnt
|faint|p1a: Slowking
|
|upkeep
|
|t:|1743884613
|switch|p1a: Great Tusk|Great Tusk, shiny|100/100
|turn|18
|
|t:|1743884617
|move|p2a: Gliscor|Protect|p2a: Gliscor
|-singleturn|p2a: Gliscor|Protect
|move|p1a: Great Tusk|Headlong Rush|p2a: Gliscor
|-activate|p2a: Gliscor|move: Protect
|
|-end|p2a: Gliscor|move: Future Sight
|-damage|p2a: Gliscor|50/100 tox
|-heal|p2a: Gliscor|62/100 tox|[from] ability: Poison Heal
|upkeep
|turn|19
|
|t:|1743884619
|move|p2a: Gliscor|Facade|p1a: Great Tusk
|-damage|p1a: Great Tusk|0 fnt
|faint|p1a: Great Tusk
|-end|p1a: Great Tusk|Protosynthesis|[silent]
|
|-heal|p2a: Gliscor|75/100 tox|[from] ability: Poison Heal
|upkeep
|
|t:|1743884621
|switch|p1a: Pecharunt|Pecharunt|100/100
|turn|20
|
|t:|1743884624
|move|p2a: Gliscor|Protect|p2a: Gliscor
|-singleturn|p2a: Gliscor|Protect
|move|p1a: Pecharunt|Malignant Chain|p2a: Gliscor
|-activate|p2a: Gliscor|move: Protect
|
|-heal|p2a: Gliscor|87/100 tox|[from] ability: Poison Heal
|upkeep
|turn|21
|
|t:|1743884626
|move|p2a: Gliscor|Knock Off|p1a: Pecharunt
|-supereffective|p1a: Pecharunt
|-damage|p1a: Pecharunt|50/100
|move|p1a: Pecharunt|Malignant Chain|p2a: Gliscor
|-crit|p2a: Gliscor
|-damage|p2a: Gliscor|38/100 tox
|
|-heal|p2a: Gliscor|50/100 tox|[from] ability: Poison Heal
|upkeep
|turn|22
|
|t:|1743884630
|move|p2a: Gliscor|Knock Off|p1a: Pecharunt
|-supereffective|p1a: Pecharunt
|-crit|p1a: Pecharunt
|-damage|p1a: Pecharunt|0 fnt
|faint|p1a: Pecharunt
|
|win|surprise blissey
|raw|Deezmcnuggetz's rating: 1389 &rarr; <strong>1368</strong><br />(-21 for losing)
|raw|surprise blissey's rating: 1380 &rarr; <strong>1401</strong><br />(+21 for winning)
|l|☆Deezmcnuggetz
|player|p1|
|l|☆surprise blissey
|player|p2|
