|j|☆octaenfer
|j|☆His0karabe
|t:|1743787608
|gametype|singles
|player|p1|octaenfer|caitlin|1222
|player|p2|His0karabe|170|1218
|teamsize|p1|6
|teamsize|p2|6
|gen|9
|tier|[Gen 9] OU
|rated|
|rule|HP Percentage Mod: HP is shown in percentages
|rule|Endless Battle Clause: Forcing endless battles is banned
|rule|Species Clause: Limit one of each Pokémon
|rule|OHKO Clause: OHKO moves are banned
|rule|Evasion Items Clause: Evasion items are banned
|rule|Evasion Moves Clause: Evasion moves are banned
|rule|Sleep Moves Clause: Sleep-inducing moves are banned
|clearpoke
|poke|p1|Iron Hands|
|poke|p1|Hoopa-Unbound|
|poke|p1|Ogerpon-Wellspring, F|
|poke|p1|Raging Bolt|
|poke|p1|Deoxys-Speed|
|poke|p1|Enamorus, F|
|poke|p2|Palossand, M|
|poke|p2|Meloetta|
|poke|p2|Darkrai|
|poke|p2|Iron Moth|
|poke|p2|Ribombee, F|
|poke|p2|Garchomp, F|
|teampreview
|inactive|Battle timer is ON: inactive players will automatically lose when time's up. (requested by His0karabe)
|
|t:|1743787625
|start
|switch|p1a: Deoxys|Deoxys-Speed, shiny|100/100
|switch|p2a: Garchomp|Garchomp, F|100/100
|-ability|p1a: Deoxys|Pressure
|turn|1
|
|t:|1743787633
|move|p1a: Deoxys|Psycho Boost|p2a: Garchomp
|-damage|p2a: Garchomp|26/100
|-unboost|p1a: Deoxys|spa|2
|move|p2a: Garchomp|Scale Shot|p1a: Deoxys|[miss]
|-miss|p2a: Garchomp|p1a: Deoxys
|
|upkeep
|turn|2
|
|t:|1743787643
|switch|p2a: Darkrai|Darkrai|100/100
|move|p1a: Deoxys|Stealth Rock|p2a: Darkrai
|-sidestart|p2: His0karabe|move: Stealth Rock
|
|upkeep
|turn|3
|
|t:|1743787652
|switch|p1a: Iron Hands|Iron Hands, shiny|100/100
|move|p2a: Darkrai|Dark Pulse|p1a: Iron Hands
|-resisted|p1a: Iron Hands
|-damage|p1a: Iron Hands|82/100
|
|upkeep
|turn|4
|
|t:|1743787663
|switch|p2a: Garchomp|Garchomp, F|26/100
|-damage|p2a: Garchomp|20/100|[from] Stealth Rock
|move|p1a: Iron Hands|Fake Out|p2a: Garchomp
|-damage|p2a: Garchomp|6/100
|-damage|p1a: Iron Hands|70/100|[from] ability: Rough Skin|[of] p2a: Garchomp
|
|upkeep
|turn|5
|
|t:|1743787677
|move|p2a: Garchomp|Earthquake|p1a: Iron Hands
|-supereffective|p1a: Iron Hands
|-damage|p1a: Iron Hands|15/100
|move|p1a: Iron Hands|Drain Punch|p2a: Garchomp
|-damage|p2a: Garchomp|0 fnt
|-heal|p1a: Iron Hands|17/100|[from] drain|[of] p2a: Garchomp
|-damage|p1a: Iron Hands|5/100|[from] ability: Rough Skin|[of] p2a: Garchomp
|faint|p2a: Garchomp
|
|upkeep
|
|t:|1743787694
|switch|p2a: Meloetta|Meloetta|100/100
|-damage|p2a: Meloetta|88/100|[from] Stealth Rock
|turn|6
|
|t:|1743787700
|move|p2a: Meloetta|Relic Song|p1a: Iron Hands
|-damage|p1a: Iron Hands|0 fnt
|faint|p1a: Iron Hands
|-end|p1a: Iron Hands|Quark Drive|[silent]
|-formechange|p2a: Meloetta|Meloetta-Pirouette|[msg]
|-damage|p2a: Meloetta|78/100|[from] item: Life Orb
|
|upkeep
|
|t:|1743787704
|switch|p1a: Deoxys|Deoxys-Speed, shiny|100/100
|-ability|p1a: Deoxys|Pressure
|turn|7
|
|t:|1743787714
|-terastallize|p2a: Meloetta|Normal
|move|p1a: Deoxys|Spikes|p2a: Meloetta
|-sidestart|p2: His0karabe|Spikes
|move|p2a: Meloetta|Relic Song|p1a: Deoxys
|-damage|p1a: Deoxys|22/100
|-formechange|p2a: Meloetta|Meloetta|[msg]
|-damage|p2a: Meloetta|68/100|[from] item: Life Orb
|
|upkeep
|turn|8
|
|t:|1743787723
|move|p1a: Deoxys|Psycho Boost|p2a: Meloetta
|-damage|p2a: Meloetta|13/100
|-unboost|p1a: Deoxys|spa|2
|move|p2a: Meloetta|Psychic|p1a: Deoxys
|-resisted|p1a: Deoxys
|-damage|p1a: Deoxys|0 fnt
|faint|p1a: Deoxys
|-damage|p2a: Meloetta|3/100|[from] item: Life Orb
|
|upkeep
|
|t:|1743787731
|switch|p1a: Ogerpon|Ogerpon-Wellspring, F|100/100
|turn|9
|
|t:|1743787737
|move|p1a: Ogerpon|Ivy Cudgel|p2a: Meloetta|[anim] Ivy Cudgel Water
|-damage|p2a: Meloetta|0 fnt
|faint|p2a: Meloetta
|
|upkeep
|
|t:|1743787744
|switch|p2a: Ribombee|Ribombee, F|100/100
|-damage|p2a: Ribombee|76/100|[from] Stealth Rock
|-damage|p2a: Ribombee|63/100|[from] Spikes
|turn|10
|
|t:|1743787750
|move|p2a: Ribombee|Sticky Web|p1a: Ogerpon
|-sidestart|p1: octaenfer|move: Sticky Web
|move|p1a: Ogerpon|Ivy Cudgel|p2a: Ribombee|[anim] Ivy Cudgel Water
|-damage|p2a: Ribombee|0 fnt
|faint|p2a: Ribombee
|
|upkeep
|
|t:|1743787759
|switch|p2a: Iron Moth|Iron Moth|100/100
|-damage|p2a: Iron Moth|76/100|[from] Stealth Rock
|-damage|p2a: Iron Moth|63/100|[from] Spikes
|-enditem|p2a: Iron Moth|Booster Energy
|-activate|p2a: Iron Moth|ability: Quark Drive|[fromitem]
|-start|p2a: Iron Moth|quarkdrivespe
|turn|11
|
|t:|1743787766
|-end|p2a: Iron Moth|Quark Drive|[silent]
|switch|p2a: Palossand|Palossand, M|100/100
|-damage|p2a: Palossand|94/100|[from] Stealth Rock
|-damage|p2a: Palossand|82/100|[from] Spikes
|-terastallize|p1a: Ogerpon|Water
|detailschange|p1a: Ogerpon|Ogerpon-Wellspring-Tera, F, tera:Water
|-ability|p1a: Ogerpon|Embody Aspect (Wellspring)|boost
|-boost|p1a: Ogerpon|spd|1
|move|p1a: Ogerpon|Ivy Cudgel|p2a: Palossand|[anim] Ivy Cudgel Water
|-supereffective|p2a: Palossand
|-damage|p2a: Palossand|0 fnt
|faint|p2a: Palossand
|
|upkeep
|
|t:|1743787784
|switch|p2a: Darkrai|Darkrai|100/100
|-damage|p2a: Darkrai|88/100|[from] Stealth Rock
|-damage|p2a: Darkrai|76/100|[from] Spikes
|turn|12
|
|t:|1743787789
|move|p2a: Darkrai|Sludge Bomb|p1a: Ogerpon
|-damage|p1a: Ogerpon|76/100
|-status|p1a: Ogerpon|psn
|move|p1a: Ogerpon|Ivy Cudgel|p2a: Darkrai|[anim] Ivy Cudgel Water
|-damage|p2a: Darkrai|0 fnt
|faint|p2a: Darkrai
|
|-damage|p1a: Ogerpon|64/100 psn|[from] psn
|upkeep
|-message|His0karabe forfeited.
|
|win|octaenfer
|raw|octaenfer's rating: 1222 &rarr; <strong>1247</strong><br />(+25 for winning)
|raw|His0karabe's rating: 1218 &rarr; <strong>1193</strong><br />(-25 for losing)
|l|☆His0karabe
|player|p2|
|l|☆octaenfer
|player|p1|
