|j|☆CHILDFINDER12345
|j|☆wovladii
|t:|1743826849
|gametype|singles
|player|p1|CHILDFINDER12345|blue|1060
|player|p2|wovladii|266|1091
|teamsize|p1|6
|teamsize|p2|6
|gen|9
|tier|[Gen 9] OU
|rated|
|rule|HP Percentage Mod: HP is shown in percentages
|rule|Endless Battle Clause: Forcing endless battles is banned
|rule|Species Clause: Limit one of each Pokémon
|rule|OHKO Clause: OHKO moves are banned
|rule|Evasion Items Clause: Evasion items are banned
|rule|Evasion Moves Clause: Evasion moves are banned
|rule|Sleep Moves Clause: Sleep-inducing moves are banned
|clearpoke
|poke|p1|Torterra, F|
|poke|p1|Gyarados, M|
|poke|p1|Magmortar, F|
|poke|p1|Staraptor, M|
|poke|p1|Garchomp, M|
|poke|p1|Bronzong|
|poke|p2|Glimmora, F|
|poke|p2|Zamazenta-*|
|poke|p2|Latias, F|
|poke|p2|Dragonite, F|
|poke|p2|Weavile, M|
|poke|p2|Ribombee, M|
|teampreview
|
|t:|1743826857
|start
|switch|p1a: Torterra|Torterra, F|100/100
|switch|p2a: Ribombee|Ribombee, M|100/100
|-item|p2a: Ribombee|Air Balloon
|turn|1
|
|t:|1743826865
|move|p2a: Ribombee|Sticky Web|p1a: Torterra
|-sidestart|p1: CHILDFINDER12345|move: Sticky Web
|move|p1a: Torterra|Shell Smash|p1a: Torterra
|-unboost|p1a: Torterra|def|1
|-unboost|p1a: Torterra|spd|1
|-boost|p1a: Torterra|atk|2
|-boost|p1a: Torterra|spa|2
|-boost|p1a: Torterra|spe|2
|
|upkeep
|turn|2
|
|t:|1743826882
|move|p1a: Torterra|Wood Hammer|p2a: Ribombee
|-resisted|p2a: Ribombee
|-damage|p2a: Ribombee|0 fnt
|-enditem|p2a: Ribombee|Air Balloon
|faint|p2a: Ribombee
|-damage|p1a: Torterra|75/100|[from] Recoil
|
|-heal|p1a: Torterra|81/100|[from] item: Leftovers
|upkeep
|
|t:|1743826892
|switch|p2a: Glimmora|Glimmora, F|100/100
|turn|3
|
|t:|1743826897
|move|p1a: Torterra|Earthquake|p2a: Glimmora
|-supereffective|p2a: Glimmora
|-damage|p2a: Glimmora|0 fnt
|-activate|p2a: Glimmora|ability: Toxic Debris
|-sidestart|p1: CHILDFINDER12345|move: Toxic Spikes
|faint|p2a: Glimmora
|
|-heal|p1a: Torterra|87/100|[from] item: Leftovers
|upkeep
|
|t:|1743826906
|switch|p2a: Latias|Latias, F|100/100
|turn|4
|
|t:|1743826912
|move|p1a: Torterra|Earthquake|p2a: Latias
|-immune|p2a: Latias|[from] ability: Levitate
|move|p2a: Latias|Calm Mind|p2a: Latias
|-boost|p2a: Latias|spa|1
|-boost|p2a: Latias|spd|1
|
|-heal|p1a: Torterra|93/100|[from] item: Leftovers
|upkeep
|turn|5
|
|t:|1743826928
|-terastallize|p1a: Torterra|Fairy
|move|p1a: Torterra|Wood Hammer|p2a: Latias
|-resisted|p2a: Latias
|-damage|p2a: Latias|48/100
|-damage|p1a: Torterra|74/100|[from] Recoil
|move|p2a: Latias|Draining Kiss|p1a: Torterra
|-damage|p1a: Torterra|42/100
|-heal|p2a: Latias|71/100|[from] drain|[of] p1a: Torterra
|
|-heal|p1a: Torterra|48/100|[from] item: Leftovers
|-heal|p2a: Latias|77/100|[from] item: Leftovers
|upkeep
|turn|6
|
|t:|1743826940
|move|p1a: Torterra|Wood Hammer|p2a: Latias
|-resisted|p2a: Latias
|-damage|p2a: Latias|21/100
|-damage|p1a: Torterra|28/100|[from] Recoil
|move|p2a: Latias|Draining Kiss|p1a: Torterra
|-damage|p1a: Torterra|0 fnt
|-heal|p2a: Latias|40/100|[from] drain|[of] p1a: Torterra
|faint|p1a: Torterra
|
|-heal|p2a: Latias|46/100|[from] item: Leftovers
|upkeep
|
|t:|1743826956
|switch|p1a: Garchomp|Garchomp, M|100/100
|-activate|p1a: Garchomp|move: Sticky Web
|-unboost|p1a: Garchomp|spe|1
|-status|p1a: Garchomp|psn
|turn|7
|
|t:|1743826967
|move|p2a: Latias|Draining Kiss|p1a: Garchomp
|-supereffective|p1a: Garchomp
|-damage|p1a: Garchomp|58/100 psn
|-heal|p2a: Latias|78/100|[from] drain|[of] p1a: Garchomp
|-damage|p2a: Latias|66/100|[from] ability: Rough Skin|[of] p1a: Garchomp
|move|p1a: Garchomp|Swords Dance|p1a: Garchomp
|-boost|p1a: Garchomp|atk|2
|
|-heal|p2a: Latias|72/100|[from] item: Leftovers
|-heal|p1a: Garchomp|65/100 psn|[from] item: Leftovers
|-damage|p1a: Garchomp|52/100 psn|[from] psn
|upkeep
|turn|8
|
|t:|1743826980
|move|p2a: Latias|Draining Kiss|p1a: Garchomp
|-supereffective|p1a: Garchomp
|-damage|p1a: Garchomp|8/100 psn
|-heal|p2a: Latias|100/100|[from] drain|[of] p1a: Garchomp
|-damage|p2a: Latias|88/100|[from] ability: Rough Skin|[of] p1a: Garchomp
|move|p1a: Garchomp|Outrage|p2a: Latias
|-supereffective|p2a: Latias
|-damage|p2a: Latias|0 fnt
|faint|p2a: Latias
|
|-heal|p1a: Garchomp|14/100 psn|[from] item: Leftovers
|-damage|p1a: Garchomp|2/100 psn|[from] psn
|upkeep
|
|t:|1743826995
|switch|p2a: Zamazenta|Zamazenta|100/100
|-ability|p2a: Zamazenta|Dauntless Shield|boost
|-boost|p2a: Zamazenta|def|1
|turn|9
|
|t:|1743827000
|move|p2a: Zamazenta|Iron Defense|p2a: Zamazenta
|-boost|p2a: Zamazenta|def|2
|move|p1a: Garchomp|Outrage|p2a: Zamazenta|[from] lockedmove
|-damage|p2a: Zamazenta|61/100
|-start|p1a: Garchomp|confusion|[fatigue]
|
|-heal|p2a: Zamazenta|67/100|[from] item: Leftovers
|-heal|p1a: Garchomp|8/100 psn|[from] item: Leftovers
|-damage|p1a: Garchomp|0 fnt|[from] psn
|faint|p1a: Garchomp
|upkeep
|
|t:|1743827015
|switch|p1a: Magmortar|Magmortar, F|100/100
|-activate|p1a: Magmortar|move: Sticky Web
|-unboost|p1a: Magmortar|spe|1
|-status|p1a: Magmortar|psn
|turn|10
|
|t:|1743827026
|move|p2a: Zamazenta|Substitute|p2a: Zamazenta
|-start|p2a: Zamazenta|Substitute
|-damage|p2a: Zamazenta|42/100
|move|p1a: Magmortar|Psychic|p2a: Zamazenta
|-supereffective|p2a: Zamazenta
|-end|p2a: Zamazenta|Substitute
|
|-heal|p2a: Zamazenta|48/100|[from] item: Leftovers
|-damage|p1a: Magmortar|88/100 psn|[from] psn
|upkeep
|turn|11
|
|t:|1743827040
|move|p2a: Zamazenta|Body Press|p1a: Magmortar
|-damage|p1a: Magmortar|0 fnt
|-status|p2a: Zamazenta|brn|[from] ability: Flame Body|[of] p1a: Magmortar
|faint|p1a: Magmortar
|
|-heal|p2a: Zamazenta|54/100 brn|[from] item: Leftovers
|-damage|p2a: Zamazenta|48/100 brn|[from] brn
|upkeep
|
|t:|1743827052
|switch|p1a: Staraptor|Staraptor, M|100/100
|turn|12
|
|t:|1743827058
|move|p2a: Zamazenta|Body Press|p1a: Staraptor
|-damage|p1a: Staraptor|43/100
|move|p1a: Staraptor|Agility|p1a: Staraptor
|-boost|p1a: Staraptor|spe|2
|
|-heal|p1a: Staraptor|49/100|[from] item: Leftovers
|-heal|p2a: Zamazenta|54/100 brn|[from] item: Leftovers
|-damage|p2a: Zamazenta|48/100 brn|[from] brn
|upkeep
|turn|13
|
|t:|1743827070
|move|p1a: Staraptor|Brave Bird|p2a: Zamazenta
|-supereffective|p2a: Zamazenta
|-damage|p2a: Zamazenta|0 fnt
|faint|p2a: Zamazenta
|-damage|p1a: Staraptor|31/100|[from] Recoil
|
|-heal|p1a: Staraptor|37/100|[from] item: Leftovers
|upkeep
|
|t:|1743827078
|switch|p2a: Dragonite|Dragonite, F|100/100
|turn|14
|
|t:|1743827084
|move|p2a: Dragonite|Extreme Speed|p1a: Staraptor
|-damage|p1a: Staraptor|0 fnt
|faint|p1a: Staraptor
|
|upkeep
|
|t:|1743827089
|switch|p1a: Bronzong|Bronzong|100/100
|-activate|p1a: Bronzong|move: Sticky Web
|-unboost|p1a: Bronzong|spe|1
|turn|15
|
|t:|1743827098
|move|p2a: Dragonite|Dragon Dance|p2a: Dragonite
|-boost|p2a: Dragonite|atk|1
|-boost|p2a: Dragonite|spe|1
|move|p1a: Bronzong|Ice Spinner|p2a: Dragonite
|-supereffective|p2a: Dragonite
|-damage|p2a: Dragonite|25/100
|
|upkeep
|turn|16
|
|t:|1743827110
|move|p2a: Dragonite|Extreme Speed|p1a: Bronzong
|-resisted|p1a: Bronzong
|-damage|p1a: Bronzong|80/100
|move|p1a: Bronzong|Ice Spinner|p2a: Dragonite
|-supereffective|p2a: Dragonite
|-damage|p2a: Dragonite|0 fnt
|faint|p2a: Dragonite
|
|upkeep
|
|t:|1743827118
|switch|p2a: Weavile|Weavile, M|100/100
|turn|17
|
|t:|1743827126
|move|p2a: Weavile|Knock Off|p1a: Bronzong
|-supereffective|p1a: Bronzong
|-damage|p1a: Bronzong|0 fnt
|-enditem|p1a: Bronzong|Choice Band|[from] move: Knock Off|[of] p2a: Weavile
|faint|p1a: Bronzong
|-damage|p2a: Weavile|91/100|[from] item: Life Orb
|
|upkeep
|
|t:|1743827130
|switch|p1a: Gyarados|Gyarados, M|100/100
|turn|18
|
|t:|1743827139
|move|p2a: Weavile|Triple Axel|p1a: Gyarados
|-damage|p1a: Gyarados|85/100
|-damage|p1a: Gyarados|55/100
|-damage|p1a: Gyarados|8/100
|-hitcount|p1a: Gyarados|3
|-damage|p2a: Weavile|81/100|[from] item: Life Orb
|move|p1a: Gyarados|Dragon Dance|p1a: Gyarados
|-boost|p1a: Gyarados|atk|1
|-boost|p1a: Gyarados|spe|1
|
|-heal|p1a: Gyarados|14/100|[from] item: Leftovers
|upkeep
|turn|19
|
|t:|1743827181
|-terastallize|p2a: Weavile|Dark
|move|p1a: Gyarados|Earthquake|p2a: Weavile
|-damage|p2a: Weavile|0 fnt
|faint|p2a: Weavile
|
|win|CHILDFINDER12345
|raw|CHILDFINDER12345's rating: 1060 &rarr; <strong>1094</strong><br />(+34 for winning)
|raw|wovladii's rating: 1091 &rarr; <strong>1065</strong><br />(-26 for losing)
|c|☆CHILDFINDER12345|gg
|l|☆wovladii
|player|p2|
|l|☆CHILDFINDER12345
|player|p1|
