|j|☆Gengar_Pt2
|j|☆nocta_dz
|t:|1743801673
|gametype|singles
|player|p1|Gengar_Pt2|furisodegirl-blue|1092
|player|p2|nocta_dz|hilbert|1124
|teamsize|p1|6
|teamsize|p2|6
|gen|9
|tier|[Gen 9] OU
|rated|
|rule|HP Percentage Mod: HP is shown in percentages
|rule|Endless Battle Clause: Forcing endless battles is banned
|rule|Species Clause: Limit one of each Pokémon
|rule|OHKO Clause: OHKO moves are banned
|rule|Evasion Items Clause: Evasion items are banned
|rule|Evasion Moves Clause: Evasion moves are banned
|rule|Sleep Moves Clause: Sleep-inducing moves are banned
|clearpoke
|poke|p1|Darkrai|
|poke|p1|Tatsugiri-Droopy, M|
|poke|p1|Revavroom, F|
|poke|p1|Ceruledge, F|
|poke|p1|Ribombee, F|
|poke|p1|Sandy Shocks|
|poke|p2|Bisharp, F|
|poke|p2|Keldeo-Resolute|
|poke|p2|Great Tusk|
|poke|p2|Ninetales, F|
|poke|p2|Arcanine-Hisui, F|
|poke|p2|Magnezone|
|teampreview
|inactive|Battle timer is ON: inactive players will automatically lose when time's up. (requested by Gengar_Pt2)
|
|t:|1743801678
|start
|switch|p1a: Queen|Ribombee, F, shiny|100/100
|switch|p2a: Great Tusk|Great Tusk, shiny|100/100
|turn|1
|
|t:|1743801684
|move|p1a: Queen|Quiver Dance|p1a: Queen
|-boost|p1a: Queen|spa|1
|-boost|p1a: Queen|spd|1
|-boost|p1a: Queen|spe|1
|move|p2a: Great Tusk|Stealth Rock|p1a: Queen
|-sidestart|p1: Gengar_Pt2|move: Stealth Rock
|
|upkeep
|turn|2
|
|t:|1743801705
|move|p1a: Queen|Moonblast|p2a: Great Tusk
|-supereffective|p2a: Great Tusk
|-damage|p2a: Great Tusk|0 fnt
|faint|p2a: Great Tusk
|-end|p2a: Great Tusk|Protosynthesis|[silent]
|
|upkeep
|
|t:|1743801718
|switch|p2a: Magnezone|Magnezone, shiny|100/100
|turn|3
|
|t:|1743801723
|move|p1a: Queen|Sticky Web|p2a: Magnezone
|-sidestart|p2: nocta_dz|move: Sticky Web
|move|p2a: Magnezone|Flash Cannon|p1a: Queen
|-supereffective|p1a: Queen
|-enditem|p1a: Queen|Focus Sash
|-damage|p1a: Queen|1/100
|
|upkeep
|turn|4
|
|t:|1743801730
|move|p1a: Queen|Moonblast|p2a: Magnezone
|-resisted|p2a: Magnezone
|-damage|p2a: Magnezone|55/100
|move|p2a: Magnezone|Flash Cannon|p1a: Queen
|-supereffective|p1a: Queen
|-damage|p1a: Queen|0 fnt
|faint|p1a: Queen
|
|upkeep
|
|t:|1743801735
|switch|p1a: Fishie|Tatsugiri-Droopy, M|100/100
|-damage|p1a: Fishie|88/100|[from] Stealth Rock
|turn|5
|
|t:|1743801738
|move|p1a: Fishie|Rapid Spin|p2a: Magnezone
|-resisted|p2a: Magnezone
|-damage|p2a: Magnezone|52/100
|-boost|p1a: Fishie|spe|1
|-sideend|p1: Gengar_Pt2|Stealth Rock|[from] move: Rapid Spin|[of] p1a: Fishie
|move|p2a: Magnezone|Flash Cannon|p1a: Fishie
|-resisted|p1a: Fishie
|-damage|p1a: Fishie|69/100
|
|upkeep
|turn|6
|
|t:|1743801746
|move|p1a: Fishie|Draco Meteor|p2a: Magnezone
|-resisted|p2a: Magnezone
|-damage|p2a: Magnezone|6/100
|-unboost|p1a: Fishie|spa|2
|move|p2a: Magnezone|Flash Cannon|p1a: Fishie
|-resisted|p1a: Fishie
|-damage|p1a: Fishie|49/100
|
|upkeep
|turn|7
|
|t:|1743801752
|move|p1a: Fishie|Icy Wind|p2a: Magnezone
|-resisted|p2a: Magnezone
|-damage|p2a: Magnezone|0 fnt
|faint|p2a: Magnezone
|
|upkeep
|
|t:|1743801759
|switch|p2a: Bisharp|Bisharp, F, shiny|100/100
|-activate|p2a: Bisharp|move: Sticky Web
|-unboost|p2a: Bisharp|spe|1
|-ability|p2a: Bisharp|Defiant|boost
|-boost|p2a: Bisharp|atk|2
|turn|8
|
|t:|1743801767
|move|p2a: Bisharp|Sucker Punch|p1a: Fishie
|-crit|p1a: Fishie
|-damage|p1a: Fishie|0 fnt
|faint|p1a: Fishie
|
|upkeep
|
|t:|1743801777
|switch|p1a: Spongebob|Sandy Shocks|100/100
|-enditem|p1a: Spongebob|Booster Energy
|-activate|p1a: Spongebob|ability: Protosynthesis|[fromitem]
|-start|p1a: Spongebob|protosynthesisspa
|turn|9
|
|t:|1743801784
|move|p1a: Spongebob|Earth Power|p2a: Bisharp
|-supereffective|p2a: Bisharp
|-damage|p2a: Bisharp|0 fnt
|faint|p2a: Bisharp
|
|upkeep
|
|t:|1743801797
|switch|p2a: Keldeo|Keldeo-Resolute|100/100
|-activate|p2a: Keldeo|move: Sticky Web
|-unboost|p2a: Keldeo|spe|1
|turn|10
|
|t:|1743801804
|move|p2a: Keldeo|Vacuum Wave|p1a: Spongebob
|-damage|p1a: Spongebob|62/100
|move|p1a: Spongebob|Thunderbolt|p2a: Keldeo
|-supereffective|p2a: Keldeo
|-damage|p2a: Keldeo|0 fnt
|faint|p2a: Keldeo
|
|upkeep
|
|t:|1743801807
|switch|p2a: Ninetales|Ninetales, F, shiny|100/100
|-activate|p2a: Ninetales|move: Sticky Web
|-unboost|p2a: Ninetales|spe|1
|-weather|SunnyDay|[from] ability: Drought|[of] p2a: Ninetales
|turn|11
|
|t:|1743801813
|move|p1a: Spongebob|Earth Power|p2a: Ninetales
|-supereffective|p2a: Ninetales
|-damage|p2a: Ninetales|0 fnt
|faint|p2a: Ninetales
|
|-weather|SunnyDay|[upkeep]
|upkeep
|
|t:|1743801815
|switch|p2a: Arcanine|Arcanine-Hisui, F, shiny|100/100
|-activate|p2a: Arcanine|move: Sticky Web
|-unboost|p2a: Arcanine|spe|1
|turn|12
|
|t:|1743801825
|-terastallize|p2a: Arcanine|Fire
|move|p1a: Spongebob|Earth Power|p2a: Arcanine
|-supereffective|p2a: Arcanine
|-damage|p2a: Arcanine|0 fnt
|faint|p2a: Arcanine
|
|win|Gengar_Pt2
|raw|Gengar_Pt2's rating: 1092 &rarr; <strong>1121</strong><br />(+29 for winning)
|raw|nocta_dz's rating: 1124 &rarr; <strong>1097</strong><br />(-27 for losing)
|c|☆Gengar_Pt2|gg
|l|☆nocta_dz
|player|p2|
|l|☆Gengar_Pt2
|player|p1|
