|j|☆teriyaki55
|j|☆Mage212
|t:|1743871601
|gametype|singles
|player|p1|teriyaki55|swimmer-gen4|1068
|player|p2|Mage212|102|1093
|teamsize|p1|6
|teamsize|p2|6
|gen|9
|tier|[Gen 9] OU
|rated|
|rule|HP Percentage Mod: HP is shown in percentages
|rule|Endless Battle Clause: Forcing endless battles is banned
|rule|Species Clause: Limit one of each Pokémon
|rule|OHKO Clause: OHKO moves are banned
|rule|Evasion Items Clause: Evasion items are banned
|rule|Evasion Moves Clause: Evasion moves are banned
|rule|Sleep Moves Clause: Sleep-inducing moves are banned
|clearpoke
|poke|p1|Clefable, M|
|poke|p1|Slowking-Galar, F|
|poke|p1|Tinkaton, F|
|poke|p1|Araquanid, F|
|poke|p1|Garchomp, F|
|poke|p1|Moltres|
|poke|p2|Gholdengo|
|poke|p2|Gliscor, M|
|poke|p2|Great Tusk|
|poke|p2|Minior-Blue|
|poke|p2|Hydrapple, F|
|poke|p2|Milotic, F|
|teampreview
|inactive|Battle timer is ON: inactive players will automatically lose when time's up. (requested by Mage212)
|
|t:|1743871609
|start
|switch|p1a: Moltres|Moltres|100/100
|switch|p2a: Gliscor|Gliscor, M|100/100
|turn|1
|
|t:|1743871618
|move|p2a: Gliscor|Swords Dance|p2a: Gliscor
|-boost|p2a: Gliscor|atk|2
|move|p1a: Moltres|Will-O-Wisp|p2a: Gliscor|[miss]
|-miss|p1a: Moltres|p2a: Gliscor
|
|upkeep
|turn|2
|
|t:|1743871625
|move|p2a: Gliscor|Acrobatics|p1a: Moltres
|-damage|p1a: Moltres|44/100
|move|p1a: Moltres|Will-O-Wisp|p2a: Gliscor
|-status|p2a: Gliscor|brn
|
|-damage|p2a: Gliscor|94/100 brn|[from] brn
|upkeep
|turn|3
|
|t:|1743871631
|move|p2a: Gliscor|Swords Dance|p2a: Gliscor
|-boost|p2a: Gliscor|atk|2
|move|p1a: Moltres|Roost|p1a: Moltres
|-heal|p1a: Moltres|95/100
|-singleturn|p1a: Moltres|move: Roost
|
|-damage|p2a: Gliscor|88/100 brn|[from] brn
|upkeep
|turn|4
|
|t:|1743871640
|move|p2a: Gliscor|Swords Dance|p2a: Gliscor
|-boost|p2a: Gliscor|atk|2
|move|p1a: Moltres|Overheat|p2a: Gliscor
|-damage|p2a: Gliscor|0 fnt
|-unboost|p1a: Moltres|spa|2
|faint|p2a: Gliscor
|
|upkeep
|
|t:|1743871650
|switch|p2a: Milotic|Milotic, F|100/100
|turn|5
|
|t:|1743871661
|switch|p1a: Slowking|Slowking-Galar, F|100/100
|move|p2a: Milotic|Alluring Voice|p1a: Slowking
|-resisted|p1a: Slowking
|-damage|p1a: Slowking|91/100
|
|-status|p2a: Milotic|brn|[from] item: Flame Orb
|upkeep
|turn|6
|
|t:|1743871671
|move|p2a: Milotic|Dragon Pulse|p1a: Slowking
|-damage|p1a: Slowking|69/100
|move|p1a: Slowking|Trick|p2a: Milotic
|-activate|p1a: Slowking|move: Trick|[of] p2a: Milotic
|-item|p2a: Milotic|Choice Specs|[from] move: Trick
|-item|p1a: Slowking|Flame Orb|[from] move: Trick
|
|-damage|p2a: Milotic|94/100 brn|[from] brn
|-status|p1a: Slowking|brn|[from] item: Flame Orb
|upkeep
|turn|7
|
|t:|1743871681
|switch|p1a: Tinkaton|Tinkaton, F|100/100
|move|p2a: Milotic|Dragon Pulse|p1a: Tinkaton
|-immune|p1a: Tinkaton
|
|-damage|p2a: Milotic|88/100 brn|[from] brn
|upkeep
|turn|8
|
|t:|1743871697
|switch|p2a: Gholdengo|Gholdengo|100/100
|-item|p2a: Gholdengo|Air Balloon
|move|p1a: Tinkaton|Stealth Rock|p2a: Gholdengo
|-sidestart|p2: Mage212|move: Stealth Rock
|
|upkeep
|turn|9
|
|t:|1743871705
|switch|p1a: Moltres|Moltres|95/100
|move|p2a: Gholdengo|Thunder Wave|p1a: Moltres
|-status|p1a: Moltres|par
|
|upkeep
|turn|10
|
|t:|1743871713
|switch|p2a: Minior|Minior-Blue|100/100
|-damage|p2a: Minior|76/100|[from] Stealth Rock
|-formechange|p2a: Minior|Minior-Meteor||[from] ability: Shields Down
|move|p1a: Moltres|Overheat|p2a: Minior
|-resisted|p2a: Minior
|-damage|p2a: Minior|30/100
|-unboost|p1a: Moltres|spa|2
|
|-formechange|p2a: Minior|Minior-Blue||[from] ability: Shields Down
|upkeep
|turn|11
|
|t:|1743871724
|switch|p1a: Garchomp|Garchomp, F|100/100
|move|p2a: Minior|Rock Slide|p1a: Garchomp
|-resisted|p1a: Garchomp
|-damage|p1a: Garchomp|84/100
|
|upkeep
|turn|12
|
|t:|1743871734
|move|p2a: Minior|Earthquake|p1a: Garchomp
|-damage|p1a: Garchomp|51/100
|move|p1a: Garchomp|Swords Dance|p1a: Garchomp
|-boost|p1a: Garchomp|atk|2
|
|upkeep
|turn|13
|
|t:|1743871744
|switch|p1a: Moltres|Moltres|95/100 par
|move|p2a: Minior|Shell Smash|p2a: Minior
|-unboost|p2a: Minior|def|1
|-unboost|p2a: Minior|spd|1
|-boost|p2a: Minior|atk|2
|-boost|p2a: Minior|spa|2
|-boost|p2a: Minior|spe|2
|
|upkeep
|turn|14
|
|t:|1743871749
|switch|p1a: Garchomp|Garchomp, F|51/100
|move|p2a: Minior|Rock Slide|p1a: Garchomp
|-resisted|p1a: Garchomp
|-damage|p1a: Garchomp|17/100
|
|upkeep
|turn|15
|
|t:|1743871755
|move|p2a: Minior|Earthquake|p1a: Garchomp
|-damage|p1a: Garchomp|0 fnt
|faint|p1a: Garchomp
|
|upkeep
|
|t:|1743871757
|switch|p1a: Clefable|Clefable, M|100/100
|turn|16
|
|t:|1743871761
|move|p2a: Minior|Rock Slide|p1a: Clefable
|-damage|p1a: Clefable|60/100
|move|p1a: Clefable|Moonblast|p2a: Minior
|-damage|p2a: Minior|0 fnt
|faint|p2a: Minior
|
|-heal|p1a: Clefable|66/100|[from] item: Leftovers
|upkeep
|
|t:|1743871768
|switch|p2a: Gholdengo|Gholdengo|100/100
|-damage|p2a: Gholdengo|94/100|[from] Stealth Rock
|-item|p2a: Gholdengo|Air Balloon
|turn|17
|
|t:|1743871780
|switch|p1a: Moltres|Moltres|95/100 par
|move|p2a: Gholdengo|Make It Rain|p1a: Moltres
|-resisted|p1a: Moltres
|-damage|p1a: Moltres|62/100 par
|-unboost|p2a: Gholdengo|spa|1
|
|upkeep
|turn|18
|
|t:|1743871792
|switch|p2a: Milotic|Milotic, F|88/100 brn
|-damage|p2a: Milotic|76/100 brn|[from] Stealth Rock
|cant|p1a: Moltres|par
|
|-damage|p2a: Milotic|70/100 brn|[from] brn
|upkeep
|turn|19
|
|t:|1743871802
|switch|p1a: Araquanid|Araquanid, F|100/100
|move|p2a: Milotic|Dragon Pulse|p1a: Araquanid
|-crit|p1a: Araquanid
|-damage|p1a: Araquanid|57/100
|
|-damage|p2a: Milotic|64/100 brn|[from] brn
|upkeep
|turn|20
|
|t:|1743871810
|switch|p1a: Clefable|Clefable, M|66/100
|move|p2a: Milotic|Dragon Pulse|p1a: Clefable
|-immune|p1a: Clefable
|
|-heal|p1a: Clefable|72/100|[from] item: Leftovers
|-damage|p2a: Milotic|58/100 brn|[from] brn
|upkeep
|turn|21
|
|t:|1743871819
|switch|p2a: Gholdengo|Gholdengo|94/100
|-damage|p2a: Gholdengo|88/100|[from] Stealth Rock
|-item|p2a: Gholdengo|Air Balloon
|move|p1a: Clefable|Moonblast|p2a: Gholdengo
|-resisted|p2a: Gholdengo
|-damage|p2a: Gholdengo|67/100
|-enditem|p2a: Gholdengo|Air Balloon
|
|-heal|p1a: Clefable|78/100|[from] item: Leftovers
|upkeep
|turn|22
|
|t:|1743871832
|switch|p1a: Moltres|Moltres|62/100 par
|move|p2a: Gholdengo|Metal Sound|p1a: Moltres
|-unboost|p1a: Moltres|spd|2
|
|upkeep
|turn|23
|
|t:|1743871848
|switch|p1a: Slowking|Slowking-Galar, F|100/100 brn
|move|p2a: Gholdengo|Make It Rain|p1a: Slowking
|-damage|p1a: Slowking|58/100 brn
|-unboost|p2a: Gholdengo|spa|1
|
|-damage|p1a: Slowking|52/100 brn|[from] brn
|upkeep
|turn|24
|
|t:|1743871859
|move|p2a: Gholdengo|Make It Rain|p1a: Slowking
|-damage|p1a: Slowking|22/100 brn
|-unboost|p2a: Gholdengo|spa|1
|move|p1a: Slowking|Slack Off|p1a: Slowking
|-heal|p1a: Slowking|72/100 brn
|
|-damage|p1a: Slowking|66/100 brn|[from] brn
|upkeep
|turn|25
|
|t:|1743871867
|switch|p1a: Moltres|Moltres|62/100 par
|move|p2a: Gholdengo|Metal Sound|p1a: Moltres
|-unboost|p1a: Moltres|spd|2
|
|upkeep
|turn|26
|
|t:|1743871879
|move|p2a: Gholdengo|Make It Rain|p1a: Moltres
|-resisted|p1a: Moltres
|-damage|p1a: Moltres|29/100 par
|-unboost|p2a: Gholdengo|spa|1
|move|p1a: Moltres|Roost|p1a: Moltres
|-heal|p1a: Moltres|79/100 par
|-singleturn|p1a: Moltres|move: Roost
|
|upkeep
|turn|27
|
|t:|1743871899
|move|p2a: Gholdengo|Recover|p2a: Gholdengo
|-heal|p2a: Gholdengo|100/100
|move|p1a: Moltres|Overheat|p2a: Gholdengo
|-supereffective|p2a: Gholdengo
|-damage|p2a: Gholdengo|0 fnt
|-unboost|p1a: Moltres|spa|2
|faint|p2a: Gholdengo
|
|upkeep
|
|t:|1743871917
|switch|p2a: Milotic|Milotic, F|58/100 brn
|-damage|p2a: Milotic|46/100 brn|[from] Stealth Rock
|turn|28
|
|t:|1743871938
|switch|p1a: Slowking|Slowking-Galar, F|99/100 brn
|move|p2a: Milotic|Dragon Pulse|p1a: Slowking
|-damage|p1a: Slowking|69/100 brn
|
|-damage|p2a: Milotic|39/100 brn|[from] brn
|-damage|p1a: Slowking|63/100 brn|[from] brn
|upkeep
|turn|29
|
|t:|1743871944
|move|p2a: Milotic|Dragon Pulse|p1a: Slowking
|-damage|p1a: Slowking|34/100 brn
|move|p1a: Slowking|Sludge Bomb|p2a: Milotic
|-damage|p2a: Milotic|0 fnt
|faint|p2a: Milotic
|
|-damage|p1a: Slowking|28/100 brn|[from] brn
|upkeep
|
|t:|1743871951
|switch|p2a: Hydrapple|Hydrapple, F, shiny|100/100
|-damage|p2a: Hydrapple|88/100|[from] Stealth Rock
|turn|30
|
|t:|1743871960
|switch|p1a: Tinkaton|Tinkaton, F|100/100
|-terastallize|p2a: Hydrapple|Steel
|move|p2a: Hydrapple|Infestation|p1a: Tinkaton
|-resisted|p1a: Tinkaton
|-damage|p1a: Tinkaton|99/100
|-activate|p1a: Tinkaton|move: Infestation|[of] p2a: Hydrapple
|
|-heal|p2a: Hydrapple|94/100|[from] item: Leftovers
|-damage|p1a: Tinkaton|87/100|[from] move: Infestation|[partiallytrapped]
|upkeep
|turn|31
|
|t:|1743871976
|move|p1a: Tinkaton|Gigaton Hammer|p2a: Hydrapple
|-resisted|p2a: Hydrapple
|-damage|p2a: Hydrapple|68/100
|move|p2a: Hydrapple|Nasty Plot|p2a: Hydrapple
|-boost|p2a: Hydrapple|spa|2
|
|-heal|p2a: Hydrapple|75/100|[from] item: Leftovers
|-damage|p1a: Tinkaton|74/100|[from] move: Infestation|[partiallytrapped]
|upkeep
|turn|32
|
|t:|1743871985
|-activate|p1a: Tinkaton|move: Struggle
|move|p1a: Tinkaton|Struggle|p2a: Hydrapple
|-damage|p2a: Hydrapple|64/100
|-damage|p1a: Tinkaton|49/100|[from] recoil
|move|p2a: Hydrapple|Nasty Plot|p2a: Hydrapple
|-boost|p2a: Hydrapple|spa|2
|
|-heal|p2a: Hydrapple|70/100|[from] item: Leftovers
|-damage|p1a: Tinkaton|37/100|[from] move: Infestation|[partiallytrapped]
|upkeep
|turn|33
|
|t:|1743871993
|move|p1a: Tinkaton|Gigaton Hammer|p2a: Hydrapple
|-resisted|p2a: Hydrapple
|-damage|p2a: Hydrapple|45/100
|move|p2a: Hydrapple|Nasty Plot|p2a: Hydrapple
|-boost|p2a: Hydrapple|spa|2
|
|-heal|p2a: Hydrapple|52/100|[from] item: Leftovers
|-damage|p1a: Tinkaton|24/100|[from] move: Infestation|[partiallytrapped]
|upkeep
|turn|34
|
|t:|1743871996
|-activate|p1a: Tinkaton|move: Struggle
|move|p1a: Tinkaton|Struggle|p2a: Hydrapple
|-damage|p2a: Hydrapple|42/100
|-damage|p1a: Tinkaton|0 fnt|[from] recoil
|faint|p1a: Tinkaton
|move|p2a: Hydrapple|Recover|p2a: Hydrapple
|-heal|p2a: Hydrapple|92/100
|
|-heal|p2a: Hydrapple|98/100|[from] item: Leftovers
|upkeep
|
|t:|1743872005
|switch|p1a: Moltres|Moltres|79/100 par
|turn|35
|
|t:|1743872016
|move|p1a: Moltres|Overheat|p2a: Hydrapple
|-supereffective|p2a: Hydrapple
|-damage|p2a: Hydrapple|0 fnt
|-unboost|p1a: Moltres|spa|2
|faint|p2a: Hydrapple
|
|upkeep
|
|t:|1743872020
|switch|p2a: Great Tusk|Great Tusk|100/100
|turn|36
|-message|Mage212 forfeited.
|
|win|teriyaki55
|raw|teriyaki55's rating: 1068 &rarr; <strong>1100</strong><br />(+32 for winning)
|raw|Mage212's rating: 1093 &rarr; <strong>1067</strong><br />(-26 for losing)
|l|☆Mage212
|player|p2|
|l|☆teriyaki55
|player|p1|
