|j|☆steel d ninja
|j|☆KingSpiny
|t:|1743834100
|gametype|singles
|player|p1|steel d ninja|hilbert|1091
|player|p2|KingSpiny|265|1058
|teamsize|p1|6
|teamsize|p2|6
|gen|9
|tier|[Gen 9] OU
|rated|
|rule|HP Percentage Mod: HP is shown in percentages
|rule|Endless Battle Clause: Forcing endless battles is banned
|rule|Species Clause: Limit one of each Pokémon
|rule|OHKO Clause: OHKO moves are banned
|rule|Evasion Items Clause: Evasion items are banned
|rule|Evasion Moves Clause: Evasion moves are banned
|rule|Sleep Moves Clause: Sleep-inducing moves are banned
|clearpoke
|poke|p1|Hatterene, F|
|poke|p1|Araquanid, M|
|poke|p1|Serperior, M|
|poke|p1|Meowscarada, F|
|poke|p1|Quaquaval, M|
|poke|p1|Kleavor, F|
|poke|p2|Slowbro, M|
|poke|p2|Tauros, M|
|poke|p2|Flygon, F|
|poke|p2|Mienshao, F|
|poke|p2|Venomoth, F|
|poke|p2|Mightyena, F|
|teampreview
|inactive|Battle timer is ON: inactive players will automatically lose when time's up. (requested by steel d ninja)
|
|t:|1743834126
|start
|switch|p1a: Sticky|Araquanid, M|100/100
|switch|p2a: Tauros|Tauros, M|100/100
|turn|1
|
|t:|1743834132
|move|p2a: Tauros|Body Slam|p1a: Sticky
|-damage|p1a: Sticky|13/100
|move|p1a: Sticky|Sticky Web|p2a: Tauros
|-sidestart|p2: KingSpiny|move: Sticky Web
|
|upkeep
|turn|2
|
|t:|1743834139
|move|p2a: Tauros|Iron Head|p1a: Sticky
|-resisted|p1a: Sticky
|-damage|p1a: Sticky|0 fnt
|faint|p1a: Sticky
|
|upkeep
|
|t:|1743834145
|switch|p1a: Stealth Rocker|Kleavor, F|100/100
|turn|3
|
|t:|1743834149
|move|p2a: Tauros|Bulldoze|p1a: Stealth Rocker
|-damage|p1a: Stealth Rocker|62/100
|move|p1a: Stealth Rocker|Stone Axe|p2a: Tauros
|-damage|p2a: Tauros|39/100
|-sidestart|p2: KingSpiny|move: Stealth Rock
|
|upkeep
|turn|4
|
|t:|1743834157
|move|p2a: Tauros|Body Slam|p1a: Stealth Rocker
|-resisted|p1a: Stealth Rocker
|-damage|p1a: Stealth Rocker|21/100
|move|p1a: Stealth Rocker|Stone Axe|p2a: Tauros
|-damage|p2a: Tauros|0 fnt
|faint|p2a: Tauros
|
|upkeep
|
|t:|1743834161
|switch|p2a: Flygon|Flygon, F|100/100
|-damage|p2a: Flygon|95/100|[from] Stealth Rock
|turn|5
|
|t:|1743834175
|move|p2a: Flygon|Earthquake|p1a: Stealth Rocker
|-damage|p1a: Stealth Rocker|0 fnt
|faint|p1a: Stealth Rocker
|
|upkeep
|inactive|steel d ninja has 120 seconds left.
|
|t:|1743834202
|switch|p1a: Dancing Duck|Quaquaval, M|100/100
|turn|6
|
|t:|1743834209
|move|p2a: Flygon|Stealth Rock|p1a: Dancing Duck
|-sidestart|p1: steel d ninja|move: Stealth Rock
|move|p1a: Dancing Duck|Ice Spinner|p2a: Flygon
|-supereffective|p2a: Flygon
|-damage|p2a: Flygon|0 fnt
|faint|p2a: Flygon
|-ability|p1a: Dancing Duck|Moxie|boost
|-boost|p1a: Dancing Duck|atk|1
|
|upkeep
|
|t:|1743834214
|switch|p2a: Slowbro|Slowbro, M|100/100
|-activate|p2a: Slowbro|move: Sticky Web
|-unboost|p2a: Slowbro|spe|1
|-damage|p2a: Slowbro|88/100|[from] Stealth Rock
|turn|7
|
|t:|1743834223
|move|p1a: Dancing Duck|Rapid Spin|p2a: Slowbro
|-damage|p2a: Slowbro|71/100
|-boost|p1a: Dancing Duck|spe|1
|-sideend|p1: steel d ninja|Stealth Rock|[from] move: Rapid Spin|[of] p1a: Dancing Duck
|move|p2a: Slowbro|Future Sight|p1a: Dancing Duck
|-start|p2a: Slowbro|move: Future Sight
|
|-heal|p2a: Slowbro|77/100|[from] item: Leftovers
|upkeep
|turn|8
|
|t:|1743834231
|switch|p1a: Cat Green|Meowscarada, F|100/100
|move|p2a: Slowbro|Shadow Ball|p1a: Cat Green
|-resisted|p1a: Cat Green
|-damage|p1a: Cat Green|82/100
|
|-heal|p2a: Slowbro|83/100|[from] item: Leftovers
|upkeep
|turn|9
|
|t:|1743834238
|move|p1a: Cat Green|Flower Trick|p2a: Slowbro
|-start|p1a: Cat Green|typechange|Grass|[from] ability: Protean
|-supereffective|p2a: Slowbro
|-crit|p2a: Slowbro
|-damage|p2a: Slowbro|24/100
|move|p2a: Slowbro|Ice Beam|p1a: Cat Green
|-supereffective|p1a: Cat Green
|-damage|p1a: Cat Green|0 fnt
|faint|p1a: Cat Green
|
|-hint|Future Sight did not hit because the target is fainted.
|-heal|p2a: Slowbro|30/100|[from] item: Leftovers
|upkeep
|
|t:|1743834250
|switch|p1a: Pink|Hatterene, F|100/100
|turn|10
|
|t:|1743834253
|move|p1a: Pink|Giga Drain|p2a: Slowbro
|-supereffective|p2a: Slowbro
|-damage|p2a: Slowbro|0 fnt
|faint|p2a: Slowbro
|
|upkeep
|
|t:|1743834257
|switch|p2a: Venomoth|Venomoth, F|100/100
|-activate|p2a: Venomoth|move: Sticky Web
|-unboost|p2a: Venomoth|spe|1
|-damage|p2a: Venomoth|76/100|[from] Stealth Rock
|turn|11
|
|t:|1743834263
|move|p2a: Venomoth|Quiver Dance|p2a: Venomoth
|-boost|p2a: Venomoth|spa|1
|-boost|p2a: Venomoth|spd|1
|-boost|p2a: Venomoth|spe|1
|move|p1a: Pink|Mystical Fire|p2a: Venomoth
|-supereffective|p2a: Venomoth
|-damage|p2a: Venomoth|36/100
|
|-heal|p2a: Venomoth|42/100|[from] item: Leftovers
|upkeep
|turn|12
|
|t:|1743834272
|move|p2a: Venomoth|Sludge Bomb|p1a: Pink
|-supereffective|p1a: Pink
|-damage|p1a: Pink|0 fnt
|faint|p1a: Pink
|
|-heal|p2a: Venomoth|49/100|[from] item: Leftovers
|upkeep
|
|t:|1743834275
|switch|p1a: Dancing Duck|Quaquaval, M|100/100
|turn|13
|
|t:|1743834280
|move|p2a: Venomoth|Sludge Bomb|p1a: Dancing Duck
|-damage|p1a: Dancing Duck|10/100
|move|p1a: Dancing Duck|Aqua Step|p2a: Venomoth
|-damage|p2a: Venomoth|0 fnt
|-boost|p1a: Dancing Duck|spe|1
|faint|p2a: Venomoth
|-ability|p1a: Dancing Duck|Moxie|boost
|-boost|p1a: Dancing Duck|atk|1
|
|upkeep
|
|t:|1743834286
|switch|p2a: Mienshao|Mienshao, F|100/100
|-activate|p2a: Mienshao|move: Sticky Web
|-unboost|p2a: Mienshao|spe|1
|-damage|p2a: Mienshao|95/100|[from] Stealth Rock
|turn|14
|
|t:|1743834314
|move|p2a: Mienshao|Fake Out|p1a: Dancing Duck
|-damage|p1a: Dancing Duck|0 fnt
|faint|p1a: Dancing Duck
|
|upkeep
|
|t:|1743834317
|switch|p1a: Opposite|Serperior, M|100/100
|turn|15
|
|t:|1743834322
|move|p1a: Opposite|Leaf Storm|p2a: Mienshao
|-damage|p2a: Mienshao|23/100
|-boost|p1a: Opposite|spa|2
|-enditem|p2a: Mienshao|Sitrus Berry|[eat]
|-heal|p2a: Mienshao|48/100|[from] item: Sitrus Berry
|move|p2a: Mienshao|High Jump Kick|p1a: Opposite
|-damage|p1a: Opposite|11/100
|
|upkeep
|turn|16
|
|t:|1743834333
|move|p1a: Opposite|Leaf Storm|p2a: Mienshao
|-damage|p2a: Mienshao|0 fnt
|-boost|p1a: Opposite|spa|2
|faint|p2a: Mienshao
|
|upkeep
|
|t:|1743834339
|switch|p2a: Mightyena|Mightyena, F|100/100
|-activate|p2a: Mightyena|move: Sticky Web
|-unboost|p2a: Mightyena|spe|1
|-damage|p2a: Mightyena|88/100|[from] Stealth Rock
|turn|17
|
|t:|1743834344
|move|p1a: Opposite|Leaf Storm|p2a: Mightyena
|-damage|p2a: Mightyena|0 fnt
|-boost|p1a: Opposite|spa|2
|faint|p2a: Mightyena
|
|win|steel d ninja
|raw|steel d ninja's rating: 1091 &rarr; <strong>1115</strong><br />(+24 for winning)
|raw|KingSpiny's rating: 1058 &rarr; <strong>1041</strong><br />(-17 for losing)
|l|☆KingSpiny
|player|p2|
|l|☆steel d ninja
|player|p1|
