|j|☆phonsei
|j|☆Un0eg0
|t:|1743827727
|gametype|singles
|player|p1|phonsei|li|1150
|player|p2|Un0eg0|dancer|1213
|teamsize|p1|6
|teamsize|p2|6
|gen|9
|tier|[Gen 9] OU
|rated|
|rule|HP Percentage Mod: HP is shown in percentages
|rule|Endless Battle Clause: Forcing endless battles is banned
|rule|Species Clause: Limit one of each Pokémon
|rule|OHKO Clause: OHKO moves are banned
|rule|Evasion Items Clause: Evasion items are banned
|rule|Evasion Moves Clause: Evasion moves are banned
|rule|Sleep Moves Clause: Sleep-inducing moves are banned
|clearpoke
|poke|p1|Blaziken, M|
|poke|p1|Iron Valiant|
|poke|p1|Dragapult, M|
|poke|p1|Rotom-Wash|
|poke|p1|Great Tusk|
|poke|p1|Slowking, M|
|poke|p2|Ceruledge, M|
|poke|p2|Iron Hands|
|poke|p2|Goodra, M|
|poke|p2|Incineroar, F|
|poke|p2|Iron Treads|
|poke|p2|Iron Moth|
|teampreview
|inactive|Battle timer is ON: inactive players will automatically lose when time's up. (requested by Un0eg0)
|
|t:|1743827740
|start
|switch|p1a: Rotom|Rotom-Wash|100/100
|switch|p2a: El Tigre|Incineroar, F|100/100
|-ability|p2a: El Tigre|Intimidate|boost
|-unboost|p1a: Rotom|atk|1
|turn|1
|
|t:|1743827746
|move|p1a: Rotom|Hydro Pump|p2a: El Tigre
|-supereffective|p2a: El Tigre
|-damage|p2a: El Tigre|49/100
|move|p2a: El Tigre|Knock Off|p1a: Rotom
|-damage|p1a: Rotom|70/100
|-enditem|p1a: Rotom|Leftovers|[from] move: Knock Off|[of] p2a: El Tigre
|
|upkeep
|turn|2
|
|t:|1743827758
|switch|p2a: Rollie poly|Iron Treads|100/100
|-enditem|p2a: Rollie poly|Booster Energy
|-activate|p2a: Rollie poly|ability: Quark Drive|[fromitem]
|-start|p2a: Rollie poly|quarkdriveatk
|move|p1a: Rotom|Will-O-Wisp|p2a: Rollie poly
|-status|p2a: Rollie poly|brn
|
|-damage|p2a: Rollie poly|94/100 brn|[from] brn
|upkeep
|turn|3
|
|t:|1743827769
|move|p2a: Rollie poly|Stealth Rock|p1a: Rotom
|-sidestart|p1: phonsei|move: Stealth Rock
|move|p1a: Rotom|Hydro Pump|p2a: Rollie poly
|-supereffective|p2a: Rollie poly
|-damage|p2a: Rollie poly|0 fnt
|faint|p2a: Rollie poly
|-end|p2a: Rollie poly|Quark Drive|[silent]
|
|upkeep
|
|t:|1743827780
|switch|p2a: El Tigre|Incineroar, F|49/100
|-ability|p2a: El Tigre|Intimidate|boost
|-unboost|p1a: Rotom|atk|1
|turn|4
|
|t:|1743827791
|move|p1a: Rotom|Hydro Pump|p2a: El Tigre
|-supereffective|p2a: El Tigre
|-damage|p2a: El Tigre|0 fnt
|faint|p2a: El Tigre
|
|upkeep
|
|t:|1743827800
|switch|p2a: TT|Goodra, M|100/100
|turn|5
|
|t:|1743827808
|move|p2a: TT|Thunderbolt|p1a: Rotom
|-damage|p1a: Rotom|39/100
|move|p1a: Rotom|Volt Switch|p2a: TT
|-resisted|p2a: TT
|-crit|p2a: TT
|-damage|p2a: TT|91/100
|
|t:|1743827815
|switch|p1a: Great Tusk|Great Tusk|100/100|[from] Volt Switch
|-damage|p1a: Great Tusk|98/100|[from] Stealth Rock
|
|-heal|p1a: Great Tusk|100/100|[from] item: Leftovers
|upkeep
|turn|6
|
|t:|1743827823
|move|p2a: TT|Dragon Pulse|p1a: Great Tusk
|-damage|p1a: Great Tusk|52/100
|move|p1a: Great Tusk|Rapid Spin|p2a: TT
|-damage|p2a: TT|69/100
|-boost|p1a: Great Tusk|spe|1
|-ability|p2a: TT|Gooey
|-unboost|p1a: Great Tusk|spe|1
|-sideend|p1: phonsei|Stealth Rock|[from] move: Rapid Spin|[of] p1a: Great Tusk
|
|-heal|p1a: Great Tusk|58/100|[from] item: Leftovers
|upkeep
|turn|7
|
|t:|1743827834
|move|p2a: TT|Dragon Pulse|p1a: Great Tusk
|-damage|p1a: Great Tusk|11/100
|move|p1a: Great Tusk|Ice Spinner|p2a: TT
|-supereffective|p2a: TT
|-damage|p2a: TT|0 fnt
|-ability|p2a: TT|Gooey
|-unboost|p1a: Great Tusk|spe|1
|faint|p2a: TT
|
|-heal|p1a: Great Tusk|17/100|[from] item: Leftovers
|upkeep
|
|t:|1743827839
|switch|p2a: Ultimate Big Chill|Iron Moth|100/100
|turn|8
|
|t:|1743827851
|move|p2a: Ultimate Big Chill|Fiery Dance|p1a: Great Tusk
|-damage|p1a: Great Tusk|0 fnt
|-boost|p2a: Ultimate Big Chill|spa|1
|faint|p1a: Great Tusk
|-end|p1a: Great Tusk|Protosynthesis|[silent]
|
|upkeep
|
|t:|1743827860
|switch|p1a: Slowking|Slowking, M|100/100
|turn|9
|
|t:|1743827864
|move|p2a: Ultimate Big Chill|Fiery Dance|p1a: Slowking
|-resisted|p1a: Slowking
|-damage|p1a: Slowking|81/100
|move|p1a: Slowking|Future Sight|p2a: Ultimate Big Chill
|-start|p1a: Slowking|move: Future Sight
|
|upkeep
|turn|10
|
|t:|1743827877
|move|p2a: Ultimate Big Chill|Fiery Dance|p1a: Slowking
|-resisted|p1a: Slowking
|-damage|p1a: Slowking|61/100
|-boost|p2a: Ultimate Big Chill|spa|1
|move|p1a: Slowking|Slack Off|p1a: Slowking
|-heal|p1a: Slowking|100/100
|
|upkeep
|turn|11
|
|t:|1743827894
|move|p2a: Ultimate Big Chill|Fiery Dance|p1a: Slowking
|-resisted|p1a: Slowking
|-damage|p1a: Slowking|73/100
|-boost|p2a: Ultimate Big Chill|spa|1
|move|p1a: Slowking|Flamethrower|p2a: Ultimate Big Chill
|-resisted|p2a: Ultimate Big Chill
|-damage|p2a: Ultimate Big Chill|89/100
|
|-end|p2a: Ultimate Big Chill|move: Future Sight
|-supereffective|p2a: Ultimate Big Chill
|-damage|p2a: Ultimate Big Chill|9/100
|upkeep
|turn|12
|
|t:|1743827914
|-terastallize|p2a: Ultimate Big Chill|Fire
|move|p2a: Ultimate Big Chill|Fiery Dance|p1a: Slowking
|-resisted|p1a: Slowking
|-damage|p1a: Slowking|26/100
|move|p1a: Slowking|Slack Off|p1a: Slowking
|-heal|p1a: Slowking|76/100
|
|upkeep
|turn|13
|
|t:|1743827923
|move|p2a: Ultimate Big Chill|Fiery Dance|p1a: Slowking
|-resisted|p1a: Slowking
|-damage|p1a: Slowking|37/100
|move|p1a: Slowking|Flamethrower|p2a: Ultimate Big Chill
|-resisted|p2a: Ultimate Big Chill
|-damage|p2a: Ultimate Big Chill|0 fnt
|faint|p2a: Ultimate Big Chill
|-end|p2a: Ultimate Big Chill|Quark Drive|[silent]
|
|upkeep
|
|t:|1743827938
|switch|p2a: Megaman|Ceruledge, M|100/100
|turn|14
|
|t:|1743827951
|move|p2a: Megaman|Swords Dance|p2a: Megaman
|-boost|p2a: Megaman|atk|2
|move|p1a: Slowking|Future Sight|p2a: Megaman
|-start|p1a: Slowking|move: Future Sight
|
|upkeep
|turn|15
|
|t:|1743827970
|switch|p1a: Rotom|Rotom-Wash|39/100
|move|p2a: Megaman|Shadow Sneak|p1a: Rotom
|-damage|p1a: Rotom|8/100
|
|upkeep
|turn|16
|
|t:|1743827978
|move|p1a: Rotom|Protect|p1a: Rotom
|-singleturn|p1a: Rotom|Protect
|move|p2a: Megaman|Shadow Sneak|p1a: Rotom
|-activate|p1a: Rotom|move: Protect
|
|-end|p2a: Megaman|move: Future Sight
|-damage|p2a: Megaman|52/100
|upkeep
|turn|17
|
|t:|1743827987
|move|p2a: Megaman|Shadow Sneak|p1a: Rotom
|-damage|p1a: Rotom|0 fnt
|faint|p1a: Rotom
|
|upkeep
|
|t:|1743827999
|switch|p1a: Iron Valiant|Iron Valiant|100/100
|-enditem|p1a: Iron Valiant|Booster Energy
|-activate|p1a: Iron Valiant|ability: Quark Drive|[fromitem]
|-start|p1a: Iron Valiant|quarkdrivespe
|turn|18
|
|t:|1743828008
|-terastallize|p1a: Iron Valiant|Fairy
|move|p2a: Megaman|Shadow Sneak|p1a: Iron Valiant
|-damage|p1a: Iron Valiant|46/100
|move|p1a: Iron Valiant|Shadow Ball|p2a: Megaman
|-supereffective|p2a: Megaman
|-damage|p2a: Megaman|0 fnt
|faint|p2a: Megaman
|
|upkeep
|
|t:|1743828015
|switch|p2a: Robot Boy|Iron Hands|100/100
|turn|19
|
|t:|1743828022
|move|p2a: Robot Boy|Fake Out|p1a: Iron Valiant
|-damage|p1a: Iron Valiant|24/100
|cant|p1a: Iron Valiant|flinch
|
|upkeep
|turn|20
|
|t:|1743828025
|move|p1a: Iron Valiant|Shadow Ball|p2a: Robot Boy
|-damage|p2a: Robot Boy|77/100
|move|p2a: Robot Boy|Drain Punch|p1a: Iron Valiant
|-resisted|p1a: Iron Valiant
|-damage|p1a: Iron Valiant|0 fnt
|-heal|p2a: Robot Boy|83/100|[from] drain|[of] p1a: Iron Valiant
|faint|p1a: Iron Valiant
|-end|p1a: Iron Valiant|Quark Drive|[silent]
|
|-heal|p2a: Robot Boy|89/100|[from] item: Leftovers
|upkeep
|
|t:|1743828039
|switch|p1a: Dragapult|Dragapult, M|100/100
|turn|21
|
|t:|1743828054
|move|p1a: Dragapult|Phantom Force||[still]
|-prepare|p1a: Dragapult|Phantom Force
|move|p2a: Robot Boy|Ice Punch|p1a: Dragapult|[miss]
|-miss|p2a: Robot Boy|p1a: Dragapult
|
|-heal|p2a: Robot Boy|95/100|[from] item: Leftovers
|upkeep
|turn|22
|
|t:|1743828058
|move|p1a: Dragapult|Phantom Force|p2a: Robot Boy|[from] lockedmove
|-damage|p2a: Robot Boy|54/100
|move|p2a: Robot Boy|Ice Punch|p1a: Dragapult
|-supereffective|p1a: Dragapult
|-damage|p1a: Dragapult|21/100
|
|-heal|p2a: Robot Boy|60/100|[from] item: Leftovers
|upkeep
|turn|23
|
|t:|1743828066
|move|p1a: Dragapult|Phantom Force||[still]
|-prepare|p1a: Dragapult|Phantom Force
|move|p2a: Robot Boy|Ice Punch|p1a: Dragapult|[miss]
|-miss|p2a: Robot Boy|p1a: Dragapult
|
|-heal|p2a: Robot Boy|66/100|[from] item: Leftovers
|upkeep
|turn|24
|
|t:|1743828071
|move|p1a: Dragapult|Phantom Force|p2a: Robot Boy|[from] lockedmove
|-damage|p2a: Robot Boy|24/100
|move|p2a: Robot Boy|Ice Punch|p1a: Dragapult
|-supereffective|p1a: Dragapult
|-damage|p1a: Dragapult|0 fnt
|faint|p1a: Dragapult
|
|-heal|p2a: Robot Boy|30/100|[from] item: Leftovers
|upkeep
|
|t:|1743828077
|switch|p1a: Slowking|Slowking, M|70/100
|turn|25
|
|t:|1743828091
|move|p2a: Robot Boy|Supercell Slam|p1a: Slowking
|-supereffective|p1a: Slowking
|-damage|p1a: Slowking|0 fnt
|faint|p1a: Slowking
|
|-heal|p2a: Robot Boy|36/100|[from] item: Leftovers
|upkeep
|
|t:|1743828094
|switch|p1a: Blaziken|Blaziken, M|100/100
|turn|26
|
|t:|1743828113
|move|p1a: Blaziken|Flare Blitz|p2a: Robot Boy
|-damage|p2a: Robot Boy|1/100
|-damage|p1a: Blaziken|81/100|[from] Recoil
|move|p2a: Robot Boy|Drain Punch|p1a: Blaziken
|-crit|p1a: Blaziken
|-damage|p1a: Blaziken|0 fnt
|-heal|p2a: Robot Boy|25/100|[from] drain|[of] p1a: Blaziken
|faint|p1a: Blaziken
|
|win|Un0eg0
|raw|phonsei's rating: 1150 &rarr; <strong>1129</strong><br />(-21 for losing)
|raw|Un0eg0's rating: 1213 &rarr; <strong>1234</strong><br />(+21 for winning)
|l|☆Un0eg0
|player|p2|
|j|☆Un0eg0
|player|p2|Un0eg0|dancer|
|c|☆phonsei|gg
|c|☆Un0eg0|Ggwp
