|j|☆sumerand
|j|☆j.quin88
|t:|1743884991
|gametype|singles
|player|p1|sumerand|ghetsis|1344
|player|p2|j.quin88|hiker-gen4|1356
|teamsize|p1|6
|teamsize|p2|6
|gen|9
|tier|[Gen 9] OU
|rated|
|rule|HP Percentage Mod: HP is shown in percentages
|rule|Endless Battle Clause: Forcing endless battles is banned
|rule|Species Clause: Limit one of each Pokémon
|rule|OHKO Clause: OHKO moves are banned
|rule|Evasion Items Clause: Evasion items are banned
|rule|Evasion Moves Clause: Evasion moves are banned
|rule|Sleep Moves Clause: Sleep-inducing moves are banned
|clearpoke
|poke|p1|Inteleon, F|
|poke|p1|Dragapult, F|
|poke|p1|Cinderace, M|
|poke|p1|Corviknight, F|
|poke|p1|Alomomola, F|
|poke|p1|Ting-Lu|
|poke|p2|Pecharunt|
|poke|p2|Ting-Lu|
|poke|p2|Dragonite, M|
|poke|p2|Zamazenta-*|
|poke|p2|Tinkaton, F|
|poke|p2|Rotom-Wash|
|teampreview
|inactive|Battle timer is ON: inactive players will automatically lose when time's up. (requested by j.quin88)
|inactive|j.quin88 has 120 seconds left.
|
|t:|1743885030
|start
|switch|p1a: Cinderace|Cinderace, M|100/100
|switch|p2a: Rotom|Rotom-Wash|100/100
|turn|1
|
|t:|1743885036
|move|p1a: Cinderace|U-turn|p2a: Rotom
|-start|p1a: Cinderace|typechange|Bug|[from] ability: Libero
|-damage|p2a: Rotom|63/100
|
|t:|1743885039
|switch|p1a: Ting-Lu|Ting-Lu|100/100|[from] U-turn
|-ability|p1a: Ting-Lu|Vessel of Ruin
|move|p2a: Rotom|Volt Switch|p1a: Ting-Lu
|-immune|p1a: Ting-Lu
|
|-heal|p2a: Rotom|69/100|[from] item: Leftovers
|upkeep
|turn|2
|
|t:|1743885050
|move|p2a: Rotom|Hydro Pump|p1a: Ting-Lu
|-supereffective|p1a: Ting-Lu
|-damage|p1a: Ting-Lu|67/100
|move|p1a: Ting-Lu|Stealth Rock|p2a: Rotom
|-sidestart|p2: j.quin88|move: Stealth Rock
|
|-heal|p2a: Rotom|75/100|[from] item: Leftovers
|-heal|p1a: Ting-Lu|74/100|[from] item: Leftovers
|upkeep
|turn|3
|
|t:|1743885060
|switch|p2a: Ting-Lu|Ting-Lu|100/100
|-damage|p2a: Ting-Lu|94/100|[from] Stealth Rock
|-ability|p2a: Ting-Lu|Vessel of Ruin
|move|p1a: Ting-Lu|Whirlwind|p2a: Ting-Lu
|drag|p2a: Dragonite|Dragonite, M|100/100
|
|-heal|p1a: Ting-Lu|80/100|[from] item: Leftovers
|upkeep
|turn|4
|
|t:|1743885071
|move|p2a: Dragonite|Ice Spinner|p1a: Ting-Lu
|-supereffective|p1a: Ting-Lu
|-damage|p1a: Ting-Lu|47/100
|move|p1a: Ting-Lu|Ruination|p2a: Dragonite
|-damage|p2a: Dragonite|51/100
|
|-heal|p1a: Ting-Lu|53/100|[from] item: Leftovers
|upkeep
|turn|5
|
|t:|1743885082
|switch|p1a: Alomomola|Alomomola, F|100/100
|move|p2a: Dragonite|Ice Spinner|p1a: Alomomola
|-resisted|p1a: Alomomola
|-damage|p1a: Alomomola|92/100
|
|upkeep
|turn|6
|
|t:|1743885094
|switch|p2a: Rotom|Rotom-Wash|75/100
|-damage|p2a: Rotom|63/100|[from] Stealth Rock
|move|p1a: Alomomola|Flip Turn|p2a: Rotom
|-resisted|p2a: Rotom
|-damage|p2a: Rotom|54/100
|
|t:|1743885100
|switch|p1a: Dragapult|Dragapult, F|100/100|[from] Flip Turn
|
|-heal|p2a: Rotom|60/100|[from] item: Leftovers
|upkeep
|turn|7
|
|t:|1743885108
|-terastallize|p1a: Dragapult|Ghost
|move|p1a: Dragapult|Tera Blast|p2a: Rotom|[anim] Tera Blast Ghost
|-damage|p2a: Rotom|0 fnt
|faint|p2a: Rotom
|
|upkeep
|
|t:|1743885115
|switch|p2a: Ting-Lu|Ting-Lu|94/100
|-damage|p2a: Ting-Lu|88/100|[from] Stealth Rock
|-ability|p2a: Ting-Lu|Vessel of Ruin
|turn|8
|
|t:|1743885123
|switch|p1a: Alomomola|Alomomola, F|100/100
|move|p2a: Ting-Lu|Ruination|p1a: Alomomola|[miss]
|-miss|p2a: Ting-Lu|p1a: Alomomola
|
|-heal|p2a: Ting-Lu|94/100|[from] item: Leftovers
|upkeep
|turn|9
|-message|j.quin88 forfeited.
|
|win|sumerand
|raw|sumerand's rating: 1344 &rarr; <strong>1365</strong><br />(+21 for winning)
|raw|j.quin88's rating: 1356 &rarr; <strong>1335</strong><br />(-21 for losing)
|l|☆j.quin88
|player|p2|
