|j|☆aaosu
|j|☆vanzman74
|t:|1743912207
|gametype|singles
|player|p1|aaosu|265|1181
|player|p2|vanzman74|steven|1142
|teamsize|p1|6
|teamsize|p2|6
|gen|9
|tier|[Gen 9] OU
|rated|
|rule|HP Percentage Mod: HP is shown in percentages
|rule|Endless Battle Clause: Forcing endless battles is banned
|rule|Species Clause: Limit one of each Pokémon
|rule|OHKO Clause: OHKO moves are banned
|rule|Evasion Items Clause: Evasion items are banned
|rule|Evasion Moves Clause: Evasion moves are banned
|rule|Sleep Moves Clause: Sleep-inducing moves are banned
|clearpoke
|poke|p1|Manaphy|
|poke|p1|Zapdos|
|poke|p1|Ludicolo, M|
|poke|p1|Scizor, F|
|poke|p1|Kingdra, F|
|poke|p1|Pelipper, M|
|poke|p2|Skarmory, F|
|poke|p2|Great Tusk|
|poke|p2|Dragapult, M|
|poke|p2|Primarina, M|
|poke|p2|Weavile, F|
|poke|p2|Armarouge, M|
|teampreview
|inactive|Battle timer is ON: inactive players will automatically lose when time's up. (requested by vanzman74)
|
|t:|1743912227
|start
|switch|p1a: Manaphy|Manaphy|100/100
|switch|p2a: Armarouge|Armarouge, M, shiny|100/100
|turn|1
|inactive|vanzman74 has 120 seconds left.
|
|t:|1743912271
|move|p2a: Armarouge|Psyshock|p1a: Manaphy
|-damage|p1a: Manaphy|58/100
|move|p1a: Manaphy|Tail Glow|p1a: Manaphy
|-boost|p1a: Manaphy|spa|3
|
|upkeep
|turn|2
|
|t:|1743912279
|move|p2a: Armarouge|Psyshock|p1a: Manaphy
|-damage|p1a: Manaphy|18/100
|move|p1a: Manaphy|Surf|p2a: Armarouge
|-supereffective|p2a: Armarouge
|-damage|p2a: Armarouge|0 fnt
|faint|p2a: Armarouge
|
|upkeep
|inactive|vanzman74 has 120 seconds left.
|inactive|vanzman74 has 90 seconds left.
|
|t:|1743912314
|switch|p2a: Dragapult|Dragapult, M, shiny|100/100
|turn|3
|
|t:|1743912322
|switch|p1a: Pelipper|Pelipper, M|100/100
|-weather|RainDance|[from] ability: Drizzle|[of] p1a: Pelipper
|move|p2a: Dragapult|Shadow Ball|p1a: Pelipper
|-damage|p1a: Pelipper|47/100
|-unboost|p1a: Pelipper|spd|1
|
|-weather|RainDance|[upkeep]
|upkeep
|turn|4
|
|t:|1743912349
|switch|p1a: Ludicolo|Ludicolo, M|100/100
|move|p2a: Dragapult|Shadow Ball|p1a: Ludicolo
|-damage|p1a: Ludicolo|42/100
|
|-weather|RainDance|[upkeep]
|upkeep
|turn|5
|
|t:|1743912359
|move|p2a: Dragapult|Shadow Ball|p1a: Ludicolo
|-damage|p1a: Ludicolo|0 fnt
|faint|p1a: Ludicolo
|
|-weather|RainDance|[upkeep]
|upkeep
|
|t:|1743912368
|switch|p1a: Kingdra|Kingdra, F|100/100
|turn|6
|
|t:|1743912377
|switch|p2a: Primarina|Primarina, M|100/100
|move|p1a: Kingdra|Ice Beam|p2a: Primarina
|-resisted|p2a: Primarina
|-damage|p2a: Primarina|91/100
|
|-weather|RainDance|[upkeep]
|upkeep
|turn|7
|
|t:|1743912387
|move|p1a: Kingdra|Flash Cannon|p2a: Primarina
|-damage|p2a: Primarina|77/100
|move|p2a: Primarina|Moonblast|p1a: Kingdra
|-supereffective|p1a: Kingdra
|-damage|p1a: Kingdra|0 fnt
|faint|p1a: Kingdra
|
|-weather|RainDance|[upkeep]
|upkeep
|
|t:|1743912399
|switch|p1a: Zapdos|Zapdos|100/100
|turn|8
|
|t:|1743912407
|switch|p2a: Dragapult|Dragapult, M, shiny|100/100
|move|p1a: Zapdos|Thunder|p2a: Dragapult
|-resisted|p2a: Dragapult
|-damage|p2a: Dragapult|63/100
|
|-weather|RainDance|[upkeep]
|upkeep
|turn|9
|
|t:|1743912419
|move|p2a: Dragapult|Draco Meteor|p1a: Zapdos
|-damage|p1a: Zapdos|8/100
|-unboost|p2a: Dragapult|spa|2
|move|p1a: Zapdos|Hurricane|p2a: Dragapult
|-damage|p2a: Dragapult|0 fnt
|faint|p2a: Dragapult
|
|-weather|RainDance|[upkeep]
|upkeep
|
|t:|1743912430
|switch|p2a: Weavile|Weavile, F, shiny|100/100
|turn|10
|
|t:|1743912439
|move|p2a: Weavile|Knock Off|p1a: Zapdos
|-damage|p1a: Zapdos|0 fnt
|-damage|p2a: Weavile|84/100|[from] item: Rocky Helmet|[of] p1a: Zapdos
|-enditem|p1a: Zapdos|Rocky Helmet|[from] move: Knock Off|[of] p2a: Weavile
|faint|p1a: Zapdos
|
|-weather|none
|upkeep
|
|t:|1743912462
|switch|p1a: Scizor|Scizor, F|100/100
|turn|11
|
|t:|1743912489
|-terastallize|p2a: Weavile|Ghost
|move|p2a: Weavile|Knock Off|p1a: Scizor
|-damage|p1a: Scizor|48/100
|-enditem|p1a: Scizor|Focus Sash|[from] move: Knock Off|[of] p2a: Weavile
|move|p1a: Scizor|Swords Dance|p1a: Scizor
|-boost|p1a: Scizor|atk|2
|
|upkeep
|turn|12
|
|t:|1743912505
|move|p2a: Weavile|Low Kick|p1a: Scizor
|-damage|p1a: Scizor|12/100
|move|p1a: Scizor|Dual Wingbeat|p2a: Weavile
|-damage|p2a: Weavile|4/100
|-damage|p2a: Weavile|0 fnt
|faint|p2a: Weavile
|-hitcount|p2: Weavile|2
|
|upkeep
|
|t:|1743912511
|switch|p2a: Skarmory|Skarmory, F|100/100
|turn|13
|
|t:|1743912531
|move|p2a: Skarmory|Stealth Rock|p1a: Scizor
|-sidestart|p1: aaosu|move: Stealth Rock
|move|p1a: Scizor|Dual Wingbeat|p2a: Skarmory
|-resisted|p2a: Skarmory
|-crit|p2a: Skarmory
|-damage|p2a: Skarmory|81/100
|-damage|p1a: Scizor|0 fnt|[from] item: Rocky Helmet|[of] p2a: Skarmory
|faint|p1a: Scizor
|-hitcount|p2a: Skarmory|1
|
|upkeep
|inactive|aaosu has 120 seconds left.
|
|t:|1743912542
|switch|p1a: Manaphy|Manaphy|18/100
|-damage|p1a: Manaphy|6/100|[from] Stealth Rock
|turn|14
|
|t:|1743912552
|move|p1a: Manaphy|Surf|p2a: Skarmory
|-damage|p2a: Skarmory|29/100
|move|p2a: Skarmory|Brave Bird|p1a: Manaphy
|-damage|p1a: Manaphy|0 fnt
|faint|p1a: Manaphy
|-damage|p2a: Skarmory|27/100|[from] Recoil
|
|upkeep
|
|t:|1743912561
|switch|p1a: Pelipper|Pelipper, M|47/100
|-damage|p1a: Pelipper|22/100|[from] Stealth Rock
|-weather|RainDance|[from] ability: Drizzle|[of] p1a: Pelipper
|turn|15
|
|t:|1743912569
|move|p2a: Skarmory|Brave Bird|p1a: Pelipper
|-damage|p1a: Pelipper|0 fnt
|faint|p1a: Pelipper
|-damage|p2a: Skarmory|21/100|[from] Recoil
|
|win|vanzman74
|raw|aaosu's rating: 1181 &rarr; <strong>1153</strong><br />(-28 for losing)
|raw|vanzman74's rating: 1142 &rarr; <strong>1170</strong><br />(+28 for winning)
|l|☆aaosu
|player|p1|
