|j|☆paradoxhigh
|j|☆clownlitos
|t:|1743884209
|gametype|singles
|player|p1|paradoxhigh|265|1074
|player|p2|clownlitos|benga|1084
|teamsize|p1|6
|teamsize|p2|6
|gen|9
|tier|[Gen 9] OU
|rated|
|rule|HP Percentage Mod: HP is shown in percentages
|rule|Endless Battle Clause: Forcing endless battles is banned
|rule|Species Clause: Limit one of each Pokémon
|rule|OHKO Clause: OHKO moves are banned
|rule|Evasion Items Clause: Evasion items are banned
|rule|Evasion Moves Clause: Evasion moves are banned
|rule|Sleep Moves Clause: Sleep-inducing moves are banned
|clearpoke
|poke|p1|Corviknight, M|
|poke|p1|Walking Wake|
|poke|p1|Landorus-Therian, M|
|poke|p1|Iron Boulder|
|poke|p1|Weavile, F|
|poke|p1|Tentacruel, F|
|poke|p2|Sudowoodo, F|
|poke|p2|Okidogi, M|
|poke|p2|Gholdengo|
|poke|p2|Mimikyu, F|
|poke|p2|Great Tusk|
|poke|p2|Kingambit, F|
|teampreview
|inactive|Battle timer is ON: inactive players will automatically lose when time's up. (requested by paradoxhigh)
|
|t:|1743884221
|start
|switch|p1a: Landorus|Landorus-Therian, M|100/100
|switch|p2a: Woodman|Sudowoodo, F|100/100
|-ability|p1a: Landorus|Intimidate|boost
|-unboost|p2a: Woodman|atk|1
|turn|1
|
|t:|1743884234
|move|p1a: Landorus|Earthquake|p2a: Woodman
|-supereffective|p2a: Woodman
|-ability|p2a: Woodman|Sturdy
|-damage|p2a: Woodman|1/100
|move|p2a: Woodman|Stealth Rock|p1a: Landorus
|-sidestart|p1: paradoxhigh|move: Stealth Rock
|
|upkeep
|turn|2
|-enditem|p2a: Woodman|Custap Berry|[eat]
|-activate|p2a: Woodman|item: Custap Berry|[consumed]
|
|t:|1743884242
|move|p2a: Woodman|Endeavor|p1a: Landorus
|-damage|p1a: Landorus|1/100
|move|p1a: Landorus|Earthquake|p2a: Woodman
|-supereffective|p2a: Woodman
|-damage|p2a: Woodman|0 fnt
|faint|p2a: Woodman
|
|-heal|p1a: Landorus|7/100|[from] item: Leftovers
|upkeep
|
|t:|1743884261
|switch|p2a: String Cheese|Gholdengo|100/100
|-item|p2a: String Cheese|Air Balloon
|turn|3
|
|t:|1743884267
|move|p1a: Landorus|Protect|p1a: Landorus
|-singleturn|p1a: Landorus|Protect
|move|p2a: String Cheese|Nasty Plot|p2a: String Cheese
|-boost|p2a: String Cheese|spa|2
|
|-heal|p1a: Landorus|13/100|[from] item: Leftovers
|upkeep
|turn|4
|
|t:|1743884276
|move|p2a: String Cheese|Nasty Plot|p2a: String Cheese
|-boost|p2a: String Cheese|spa|2
|move|p1a: Landorus|Stone Edge|p2a: String Cheese|[miss]
|-miss|p1a: Landorus|p2a: String Cheese
|
|-heal|p1a: Landorus|19/100|[from] item: Leftovers
|upkeep
|turn|5
|
|t:|1743884288
|move|p2a: String Cheese|Shadow Ball|p1a: Landorus
|-damage|p1a: Landorus|0 fnt
|faint|p1a: Landorus
|
|upkeep
|
|t:|1743884291
|switch|p1a: Walking Wake|Walking Wake|100/100
|-damage|p1a: Walking Wake|88/100|[from] Stealth Rock
|-enditem|p1a: Walking Wake|Booster Energy
|-activate|p1a: Walking Wake|ability: Protosynthesis|[fromitem]
|-start|p1a: Walking Wake|protosynthesisspe
|turn|6
|
|t:|1743884302
|move|p1a: Walking Wake|Flamethrower|p2a: String Cheese
|-supereffective|p2a: String Cheese
|-damage|p2a: String Cheese|28/100
|-enditem|p2a: String Cheese|Air Balloon
|move|p2a: String Cheese|Shadow Ball|p1a: Walking Wake
|-damage|p1a: Walking Wake|0 fnt
|faint|p1a: Walking Wake
|-end|p1a: Walking Wake|Protosynthesis|[silent]
|
|upkeep
|
|t:|1743884312
|switch|p1a: Iron Boulder|Iron Boulder|100/100
|-damage|p1a: Iron Boulder|88/100|[from] Stealth Rock
|-enditem|p1a: Iron Boulder|Booster Energy
|-activate|p1a: Iron Boulder|ability: Quark Drive|[fromitem]
|-start|p1a: Iron Boulder|quarkdrivespe
|turn|7
|
|t:|1743884333
|move|p1a: Iron Boulder|Mighty Cleave|p2a: String Cheese
|-resisted|p2a: String Cheese
|-damage|p2a: String Cheese|3/100
|move|p2a: String Cheese|Thunder Wave|p1a: Iron Boulder
|-status|p1a: Iron Boulder|par
|
|upkeep
|turn|8
|inactive|paradoxhigh has 120 seconds left.
|inactive|paradoxhigh has 90 seconds left.
|inactive|paradoxhigh has 60 seconds left.
|inactive|paradoxhigh has 30 seconds left.
|c|☆clownlitos|ERM
|inactive|paradoxhigh has 20 seconds left.
|inactive|paradoxhigh has 15 seconds left.
|inactive|paradoxhigh has 10 seconds left.
|inactive|paradoxhigh has 5 seconds left.
|-message|paradoxhigh lost due to inactivity.
|
|win|clownlitos
|raw|paradoxhigh's rating: 1074 &rarr; <strong>1054</strong><br />(-20 for losing)
|raw|clownlitos's rating: 1084 &rarr; <strong>1111</strong><br />(+27 for winning)
|l|☆clownlitos
|player|p2|
|l|☆paradoxhigh
|player|p1|
