|j|☆High Mighty Weasel
|j|☆tdd20070515兹伏奇大吾
|t:|1743938407
|gametype|singles
|player|p1|High Mighty Weasel|zinnia|1628
|player|p2|tdd20070515兹伏奇大吾|steven-masters2|1614
|teamsize|p1|6
|teamsize|p2|6
|gen|9
|tier|[Gen 9] OU
|rated|
|rule|HP Percentage Mod: HP is shown in percentages
|rule|Endless Battle Clause: Forcing endless battles is banned
|rule|Species Clause: Limit one of each Pokémon
|rule|OHKO Clause: OHKO moves are banned
|rule|Evasion Items Clause: Evasion items are banned
|rule|Evasion Moves Clause: Evasion moves are banned
|rule|Sleep Moves Clause: Sleep-inducing moves are banned
|clearpoke
|poke|p1|Scizor, F|
|poke|p1|Garchomp, F|
|poke|p1|Primarina, F|
|poke|p1|Great Tusk|
|poke|p1|Ogerpon-Wellspring, F|
|poke|p1|Zapdos|
|poke|p2|Clodsire, F|
|poke|p2|Dondozo, F|
|poke|p2|Blissey, F|
|poke|p2|Gliscor, M|
|poke|p2|Corviknight, M|
|poke|p2|Toxapex, M|
|teampreview
|
|t:|1743938424
|start
|switch|p1a: Scizor|Scizor, F|100/100
|switch|p2a: 这是勾魂眼的位置|Gliscor, M|100/100
|turn|1
|
|t:|1743938463
|move|p2a: 这是勾魂眼的位置|Protect|p2a: 这是勾魂眼的位置
|-singleturn|p2a: 这是勾魂眼的位置|Protect
|move|p1a: Scizor|Knock Off|p2a: 这是勾魂眼的位置
|-activate|p2a: 这是勾魂眼的位置|move: Protect
|
|-status|p2a: 这是勾魂眼的位置|tox|[from] item: Toxic Orb
|upkeep
|turn|2
|j| m0chaman_829
|l| m0chaman_829
|
|t:|1743938565
|switch|p1a: Zapdos|Zapdos|100/100
|move|p2a: 这是勾魂眼的位置|Knock Off|p1a: Zapdos
|-damage|p1a: Zapdos|82/100
|-enditem|p1a: Zapdos|Heavy-Duty Boots|[from] move: Knock Off|[of] p2a: 这是勾魂眼的位置
|
|upkeep
|turn|3
|j| m0chaman_829
|l| m0chaman_829
|j| m0chaman_829
|
|t:|1743938595
|move|p2a: 这是勾魂眼的位置|Protect|p2a: 这是勾魂眼的位置
|-singleturn|p2a: 这是勾魂眼的位置|Protect
|move|p1a: Zapdos|Hurricane|p2a: 这是勾魂眼的位置
|-activate|p2a: 这是勾魂眼的位置|move: Protect
|
|upkeep
|turn|4
|
|t:|1743938600
|move|p1a: Zapdos|Hurricane|p2a: 这是勾魂眼的位置
|-damage|p2a: 这是勾魂眼的位置|60/100 tox
|-start|p2a: 这是勾魂眼的位置|confusion
|-activate|p2a: 这是勾魂眼的位置|confusion
|-damage|p2a: 这是勾魂眼的位置|52/100 tox|[from] confusion
|
|-heal|p2a: 这是勾魂眼的位置|65/100 tox|[from] ability: Poison Heal
|upkeep
|turn|5
|
|t:|1743938616
|switch|p1a: Great Tusk|Great Tusk, shiny|100/100
|-activate|p2a: 这是勾魂眼的位置|confusion
|-damage|p2a: 这是勾魂眼的位置|58/100 tox|[from] confusion
|
|-heal|p2a: 这是勾魂眼的位置|70/100 tox|[from] ability: Poison Heal
|upkeep
|turn|6
|
|t:|1743938621
|-end|p2a: 这是勾魂眼的位置|confusion
|move|p2a: 这是勾魂眼的位置|Protect|p2a: 这是勾魂眼的位置
|-singleturn|p2a: 这是勾魂眼的位置|Protect
|move|p1a: Great Tusk|Ice Spinner|p2a: 这是勾魂眼的位置
|-activate|p2a: 这是勾魂眼的位置|move: Protect
|
|-heal|p2a: 这是勾魂眼的位置|82/100 tox|[from] ability: Poison Heal
|upkeep
|turn|7
|
|t:|1743938625
|switch|p2a: 鸟|Corviknight, M|100/100
|-ability|p2a: 鸟|Pressure
|move|p1a: Great Tusk|Ice Spinner|p2a: 鸟
|-damage|p2a: 鸟|84/100
|
|upkeep
|turn|8
|
|t:|1743938632
|move|p1a: Great Tusk|Knock Off|p2a: 鸟
|-damage|p2a: 鸟|62/100
|-enditem|p2a: 鸟|Covert Cloak|[from] move: Knock Off|[of] p1a: Great Tusk
|move|p2a: 鸟|Iron Defense|p2a: 鸟
|-boost|p2a: 鸟|def|2
|
|upkeep
|turn|9
|
|t:|1743938637
|-end|p1a: Great Tusk|Protosynthesis|[silent]
|switch|p1a: Zapdos|Zapdos|82/100
|move|p2a: 鸟|Roost|p2a: 鸟
|-heal|p2a: 鸟|100/100
|-singleturn|p2a: 鸟|move: Roost
|
|upkeep
|turn|10
|
|t:|1743938642
|switch|p2a: 我是中转呀|Blissey, F|100/100
|move|p1a: Zapdos|Hurricane|p2a: 我是中转呀
|-damage|p2a: 我是中转呀|87/100
|
|upkeep
|turn|11
|
|t:|1743938651
|switch|p1a: Garchomp|Garchomp, F|100/100
|move|p2a: 我是中转呀|Shadow Ball|p1a: Garchomp
|-damage|p1a: Garchomp|82/100
|
|upkeep
|turn|12
|
|t:|1743938657
|switch|p2a: 这是勾魂眼的位置|Gliscor, M|82/100 tox
|move|p1a: Garchomp|Stealth Rock|p2a: 这是勾魂眼的位置
|-sidestart|p2: tdd20070515兹伏奇大吾|move: Stealth Rock
|
|-heal|p2a: 这是勾魂眼的位置|95/100 tox|[from] ability: Poison Heal
|upkeep
|turn|13
|
|t:|1743938662
|switch|p1a: Zapdos|Zapdos|82/100
|move|p2a: 这是勾魂眼的位置|Protect||[still]
|-fail|p2a: 这是勾魂眼的位置
|
|-heal|p2a: 这是勾魂眼的位置|100/100 tox|[from] ability: Poison Heal
|upkeep
|turn|14
|
|t:|1743938665
|move|p1a: Zapdos|Hurricane|p2a: 这是勾魂眼的位置|[miss]
|-miss|p1a: Zapdos|p2a: 这是勾魂眼的位置
|move|p2a: 这是勾魂眼的位置|Swords Dance|p2a: 这是勾魂眼的位置
|-boost|p2a: 这是勾魂眼的位置|atk|2
|
|upkeep
|turn|15
|
|t:|1743938677
|move|p1a: Zapdos|Hurricane|p2a: 这是勾魂眼的位置
|-damage|p2a: 这是勾魂眼的位置|60/100 tox
|move|p2a: 这是勾魂眼的位置|Facade|p1a: Zapdos
|-damage|p1a: Zapdos|30/100
|
|-heal|p2a: 这是勾魂眼的位置|72/100 tox|[from] ability: Poison Heal
|upkeep
|turn|16
|
|t:|1743938688
|move|p1a: Zapdos|Roost|p1a: Zapdos
|-heal|p1a: Zapdos|80/100
|-singleturn|p1a: Zapdos|move: Roost
|move|p2a: 这是勾魂眼的位置|Facade|p1a: Zapdos
|-damage|p1a: Zapdos|25/100
|
|-heal|p2a: 这是勾魂眼的位置|85/100 tox|[from] ability: Poison Heal
|upkeep
|turn|17
|
|t:|1743938694
|move|p1a: Zapdos|Hurricane|p2a: 这是勾魂眼的位置|[miss]
|-miss|p1a: Zapdos|p2a: 这是勾魂眼的位置
|move|p2a: 这是勾魂眼的位置|Swords Dance|p2a: 这是勾魂眼的位置
|-boost|p2a: 这是勾魂眼的位置|atk|2
|
|-heal|p2a: 这是勾魂眼的位置|97/100 tox|[from] ability: Poison Heal
|upkeep
|turn|18
|
|t:|1743938697
|move|p1a: Zapdos|Hurricane|p2a: 这是勾魂眼的位置
|-damage|p2a: 这是勾魂眼的位置|58/100 tox
|move|p2a: 这是勾魂眼的位置|Facade|p1a: Zapdos
|-damage|p1a: Zapdos|0 fnt
|faint|p1a: Zapdos
|
|-heal|p2a: 这是勾魂眼的位置|71/100 tox|[from] ability: Poison Heal
|upkeep
|
|t:|1743938701
|switch|p1a: Great Tusk|Great Tusk, shiny|100/100
|turn|19
|
|t:|1743938703
|move|p2a: 这是勾魂眼的位置|Protect|p2a: 这是勾魂眼的位置
|-singleturn|p2a: 这是勾魂眼的位置|Protect
|move|p1a: Great Tusk|Ice Spinner|p2a: 这是勾魂眼的位置
|-activate|p2a: 这是勾魂眼的位置|move: Protect
|
|-heal|p2a: 这是勾魂眼的位置|83/100 tox|[from] ability: Poison Heal
|upkeep
|turn|20
|
|t:|1743938734
|switch|p2a: 鸟|Corviknight, M|100/100
|-damage|p2a: 鸟|88/100|[from] Stealth Rock
|-ability|p2a: 鸟|Pressure
|move|p1a: Great Tusk|Ice Spinner|p2a: 鸟
|-damage|p2a: 鸟|70/100
|
|upkeep
|turn|21
|
|t:|1743938745
|-end|p1a: Great Tusk|Protosynthesis|[silent]
|switch|p1a: Primarina|Primarina, F, shiny|100/100
|move|p2a: 鸟|Defog|p1a: Primarina
|-unboost|p1a: Primarina|evasion|1
|-sideend|p2: tdd20070515兹伏奇大吾|Stealth Rock|[from] move: Defog|[of] p2a: 鸟
|
|upkeep
|turn|22
|
|t:|1743938764
|switch|p2a: 这是勾魂眼的位置|Gliscor, M|83/100 tox
|move|p1a: Primarina|Psychic Noise|p2a: 这是勾魂眼的位置
|-supereffective|p2a: 这是勾魂眼的位置
|-damage|p2a: 这是勾魂眼的位置|6/100 tox
|-start|p2a: 这是勾魂眼的位置|move: Heal Block
|
|upkeep
|turn|23
|
|t:|1743938783
|switch|p2a: 我是中转呀|Blissey, F|87/100
|switch|p1a: Scizor|Scizor, F|100/100
|
|upkeep
|turn|24
|
|t:|1743938790
|switch|p2a: 我菜的抠脚|Toxapex, M|100/100
|move|p1a: Scizor|U-turn|p2a: 我菜的抠脚
|-resisted|p2a: 我菜的抠脚
|-damage|p2a: 我菜的抠脚|82/100
|
|t:|1743938801
|switch|p1a: Garchomp|Garchomp, F|82/100|[from] U-turn
|
|upkeep
|turn|25
|
|t:|1743938809
|switch|p2a: 这是勾魂眼的位置|Gliscor, M|6/100 tox
|move|p1a: Garchomp|Stealth Rock|p2a: 这是勾魂眼的位置
|-sidestart|p2: tdd20070515兹伏奇大吾|move: Stealth Rock
|
|-heal|p2a: 这是勾魂眼的位置|19/100 tox|[from] ability: Poison Heal
|upkeep
|turn|26
|
|t:|1743938814
|move|p2a: 这是勾魂眼的位置|Protect|p2a: 这是勾魂眼的位置
|-singleturn|p2a: 这是勾魂眼的位置|Protect
|move|p1a: Garchomp|Draco Meteor|p2a: 这是勾魂眼的位置
|-activate|p2a: 这是勾魂眼的位置|move: Protect
|
|-heal|p2a: 这是勾魂眼的位置|31/100 tox|[from] ability: Poison Heal
|upkeep
|turn|27
|
|t:|1743938820
|switch|p2a: 我是中转呀|Blissey, F|87/100
|move|p1a: Garchomp|Fire Blast|p2a: 我是中转呀|[miss]
|-miss|p1a: Garchomp|p2a: 我是中转呀
|
|upkeep
|turn|28
|
|t:|1743938825
|move|p1a: Garchomp|Earthquake|p2a: 我是中转呀
|-damage|p2a: 我是中转呀|33/100
|-damage|p1a: Garchomp|72/100|[from] item: Life Orb
|move|p2a: 我是中转呀|Stealth Rock|p1a: Garchomp
|-sidestart|p1: High Mighty Weasel|move: Stealth Rock
|
|upkeep
|turn|29
|
|t:|1743938833
|switch|p1a: Great Tusk|Great Tusk, shiny|100/100
|switch|p2a: 这是勾魂眼的位置|Gliscor, M|31/100 tox
|-damage|p2a: 这是勾魂眼的位置|19/100 tox|[from] Stealth Rock
|
|-heal|p2a: 这是勾魂眼的位置|31/100 tox|[from] ability: Poison Heal
|upkeep
|turn|30
|
|t:|1743938838
|move|p2a: 这是勾魂眼的位置|Protect|p2a: 这是勾魂眼的位置
|-singleturn|p2a: 这是勾魂眼的位置|Protect
|move|p1a: Great Tusk|Ice Spinner|p2a: 这是勾魂眼的位置
|-activate|p2a: 这是勾魂眼的位置|move: Protect
|
|-heal|p2a: 这是勾魂眼的位置|43/100 tox|[from] ability: Poison Heal
|upkeep
|turn|31
|
|t:|1743938852
|-end|p1a: Great Tusk|Protosynthesis|[silent]
|switch|p1a: Garchomp|Garchomp, F|72/100
|-damage|p1a: Garchomp|66/100|[from] Stealth Rock
|switch|p2a: 我菜的抠脚|Toxapex, M|100/100
|
|upkeep
|turn|32
|
|t:|1743938858
|move|p1a: Garchomp|Earthquake|p2a: 我菜的抠脚
|-supereffective|p2a: 我菜的抠脚
|-damage|p2a: 我菜的抠脚|29/100
|-damage|p1a: Garchomp|56/100|[from] item: Life Orb
|move|p2a: 我菜的抠脚|Toxic|p1a: Garchomp
|-status|p1a: Garchomp|tox
|
|-damage|p1a: Garchomp|50/100 tox|[from] psn
|upkeep
|turn|33
|
|t:|1743938872
|switch|p1a: Scizor|Scizor, F|100/100
|-damage|p1a: Scizor|88/100|[from] Stealth Rock
|switch|p2a: 您真厉害|Dondozo, F|100/100
|
|upkeep
|turn|34
|
|t:|1743938881
|switch|p2a: 我菜的抠脚|Toxapex, M|62/100
|move|p1a: Scizor|Knock Off|p2a: 我菜的抠脚
|-damage|p2a: 我菜的抠脚|29/100
|-enditem|p2a: 我菜的抠脚|Heavy-Duty Boots|[from] move: Knock Off|[of] p1a: Scizor
|
|upkeep
|turn|35
|
|t:|1743938902
|switch|p1a: Great Tusk|Great Tusk, shiny|100/100
|move|p2a: 我菜的抠脚|Recover|p2a: 我菜的抠脚
|-heal|p2a: 我菜的抠脚|79/100
|
|upkeep
|turn|36
|l| m0chaman_829
|
|t:|1743938934
|switch|p2a: 这是勾魂眼的位置|Gliscor, M|43/100 tox
|-damage|p2a: 这是勾魂眼的位置|31/100 tox|[from] Stealth Rock
|-terastallize|p1a: Great Tusk|Poison
|move|p1a: Great Tusk|Headlong Rush|p2a: 这是勾魂眼的位置
|-immune|p2a: 这是勾魂眼的位置
|
|-heal|p2a: 这是勾魂眼的位置|43/100 tox|[from] ability: Poison Heal
|upkeep
|turn|37
|
|t:|1743938944
|move|p2a: 这是勾魂眼的位置|Protect|p2a: 这是勾魂眼的位置
|-singleturn|p2a: 这是勾魂眼的位置|Protect
|move|p1a: Great Tusk|Ice Spinner|p2a: 这是勾魂眼的位置
|-activate|p2a: 这是勾魂眼的位置|move: Protect
|
|-heal|p2a: 这是勾魂眼的位置|56/100 tox|[from] ability: Poison Heal
|upkeep
|turn|38
|
|t:|1743938951
|switch|p2a: 您真厉害|Dondozo, F|100/100
|move|p1a: Great Tusk|Ice Spinner|p2a: 您真厉害
|-resisted|p2a: 您真厉害
|-damage|p2a: 您真厉害|95/100
|
|upkeep
|turn|39
|
|t:|1743938957
|switch|p2a: 这是勾魂眼的位置|Gliscor, M|56/100 tox
|-damage|p2a: 这是勾魂眼的位置|43/100 tox|[from] Stealth Rock
|move|p1a: Great Tusk|Rapid Spin|p2a: 这是勾魂眼的位置
|-crit|p2a: 这是勾魂眼的位置
|-damage|p2a: 这是勾魂眼的位置|23/100 tox
|-boost|p1a: Great Tusk|spe|1
|-sideend|p1: High Mighty Weasel|Stealth Rock|[from] move: Rapid Spin|[of] p1a: Great Tusk
|
|-heal|p2a: 这是勾魂眼的位置|36/100 tox|[from] ability: Poison Heal
|upkeep
|turn|40
|
|t:|1743938965
|move|p2a: 这是勾魂眼的位置|Protect|p2a: 这是勾魂眼的位置
|-singleturn|p2a: 这是勾魂眼的位置|Protect
|move|p1a: Great Tusk|Ice Spinner|p2a: 这是勾魂眼的位置
|-activate|p2a: 这是勾魂眼的位置|move: Protect
|
|-heal|p2a: 这是勾魂眼的位置|48/100 tox|[from] ability: Poison Heal
|upkeep
|turn|41
|
|t:|1743938968
|switch|p2a: 鸟|Corviknight, M|70/100
|-damage|p2a: 鸟|58/100|[from] Stealth Rock
|-ability|p2a: 鸟|Pressure
|move|p1a: Great Tusk|Ice Spinner|p2a: 鸟
|-damage|p2a: 鸟|42/100
|
|upkeep
|turn|42
|
|t:|1743938978
|-end|p1a: Great Tusk|Protosynthesis|[silent]
|switch|p1a: Primarina|Primarina, F, shiny|100/100
|move|p2a: 鸟|Roost|p2a: 鸟
|-heal|p2a: 鸟|92/100
|-singleturn|p2a: 鸟|move: Roost
|
|upkeep
|turn|43
|j| m0chaman_829
|
|t:|1743938992
|switch|p2a: 我菜的抠脚|Toxapex, M|100/100
|-damage|p2a: 我菜的抠脚|88/100|[from] Stealth Rock
|move|p1a: Primarina|Psychic Noise|p2a: 我菜的抠脚
|-resisted|p2a: 我菜的抠脚
|-damage|p2a: 我菜的抠脚|70/100
|-start|p2a: 我菜的抠脚|move: Heal Block
|
|upkeep
|turn|44
|
|t:|1743939003
|switch|p1a: Great Tusk|Great Tusk, shiny, tera:Poison|100/100
|move|p2a: 我菜的抠脚|Infestation|p1a: Great Tusk
|-resisted|p1a: Great Tusk
|-damage|p1a: Great Tusk|98/100
|-activate|p1a: Great Tusk|move: Infestation|[of] p2a: 我菜的抠脚
|
|-damage|p1a: Great Tusk|86/100|[from] move: Infestation|[partiallytrapped]
|-end|p2a: 我菜的抠脚|move: Heal Block
|upkeep
|turn|45
|
|t:|1743939011
|switch|p2a: 鸟|Corviknight, M|92/100
|-damage|p2a: 鸟|79/100|[from] Stealth Rock
|-ability|p2a: 鸟|Pressure
|move|p1a: Great Tusk|Ice Spinner|p2a: 鸟
|-damage|p2a: 鸟|64/100
|
|-end|p1a: Great Tusk|Infestation|[partiallytrapped]|[silent]
|upkeep
|turn|46
|
|t:|1743939019
|-end|p1a: Great Tusk|Protosynthesis|[silent]
|switch|p1a: Primarina|Primarina, F, shiny|100/100
|move|p2a: 鸟|Defog|p1a: Primarina
|-unboost|p1a: Primarina|evasion|1
|-sideend|p2: tdd20070515兹伏奇大吾|Stealth Rock|[from] move: Defog|[of] p2a: 鸟
|
|upkeep
|turn|47
|
|t:|1743939027
|switch|p2a: 我菜的抠脚|Toxapex, M|100/100
|move|p1a: Primarina|Flip Turn|p2a: 我菜的抠脚
|-resisted|p2a: 我菜的抠脚
|-damage|p2a: 我菜的抠脚|97/100
|
|t:|1743939030
|switch|p1a: Garchomp|Garchomp, F|50/100 tox|[from] Flip Turn
|
|-damage|p1a: Garchomp|44/100 tox|[from] psn
|upkeep
|turn|48
|
|t:|1743939036
|move|p1a: Garchomp|Stealth Rock|p2a: 我菜的抠脚
|-sidestart|p2: tdd20070515兹伏奇大吾|move: Stealth Rock
|move|p2a: 我菜的抠脚|Infestation|p1a: Garchomp
|-crit|p1a: Garchomp
|-damage|p1a: Garchomp|38/100 tox
|-activate|p1a: Garchomp|move: Infestation|[of] p2a: 我菜的抠脚
|-damage|p2a: 我菜的抠脚|84/100|[from] ability: Rough Skin|[of] p1a: Garchomp
|
|-damage|p1a: Garchomp|26/100 tox|[from] psn
|-damage|p1a: Garchomp|13/100 tox|[from] move: Infestation|[partiallytrapped]
|upkeep
|turn|49
|
|t:|1743939046
|switch|p2a: 这是勾魂眼的位置|Gliscor, M|48/100 tox
|-damage|p2a: 这是勾魂眼的位置|36/100 tox|[from] Stealth Rock
|move|p1a: Garchomp|Earthquake|p2a: 这是勾魂眼的位置
|-immune|p2a: 这是勾魂眼的位置
|
|-damage|p1a: Garchomp|0 fnt|[from] psn
|faint|p1a: Garchomp
|-heal|p2a: 这是勾魂眼的位置|48/100 tox|[from] ability: Poison Heal
|upkeep
|c| m0chaman_829|shoulda dropped a draco
|
|t:|1743939099
|switch|p1a: Ogerpon|Ogerpon-Wellspring, F|100/100
|turn|50
|
|t:|1743939115
|move|p2a: 这是勾魂眼的位置|Protect|p2a: 这是勾魂眼的位置
|-singleturn|p2a: 这是勾魂眼的位置|Protect
|move|p1a: Ogerpon|Ivy Cudgel|p2a: 这是勾魂眼的位置|[anim] Ivy Cudgel Water
|-activate|p2a: 这是勾魂眼的位置|move: Protect
|
|-heal|p2a: 这是勾魂眼的位置|60/100 tox|[from] ability: Poison Heal
|upkeep
|turn|51
|
|t:|1743939126
|switch|p2a: 我菜的抠脚|Toxapex, M|100/100
|-damage|p2a: 我菜的抠脚|88/100|[from] Stealth Rock
|move|p1a: Ogerpon|Horn Leech|p2a: 我菜的抠脚
|-damage|p2a: 我菜的抠脚|60/100
|
|upkeep
|turn|52
|
|t:|1743939138
|switch|p1a: Great Tusk|Great Tusk, shiny, tera:Poison|86/100
|move|p2a: 我菜的抠脚|Infestation|p1a: Great Tusk
|-resisted|p1a: Great Tusk
|-damage|p1a: Great Tusk|84/100
|-activate|p1a: Great Tusk|move: Infestation|[of] p2a: 我菜的抠脚
|
|-damage|p1a: Great Tusk|72/100|[from] move: Infestation|[partiallytrapped]
|upkeep
|turn|53
|
|t:|1743939144
|switch|p2a: 鸟|Corviknight, M|64/100
|-damage|p2a: 鸟|51/100|[from] Stealth Rock
|-ability|p2a: 鸟|Pressure
|move|p1a: Great Tusk|Headlong Rush|p2a: 鸟
|-immune|p2a: 鸟
|
|-end|p1a: Great Tusk|Infestation|[partiallytrapped]|[silent]
|upkeep
|turn|54
|
|t:|1743939148
|-end|p1a: Great Tusk|Protosynthesis|[silent]
|switch|p1a: Ogerpon|Ogerpon-Wellspring, F|100/100
|move|p2a: 鸟|Roost|p2a: 鸟
|-heal|p2a: 鸟|100/100
|-singleturn|p2a: 鸟|move: Roost
|
|upkeep
|turn|55
|c|☆High Mighty Weasel|gg
|-message|High Mighty Weasel forfeited.
|
|win|tdd20070515兹伏奇大吾
|raw|High Mighty Weasel's rating: 1648 &rarr; <strong>1626</strong><br />(-22 for losing)
|raw|tdd20070515兹伏奇大吾's rating: 1614 &rarr; <strong>1636</strong><br />(+22 for winning)
|l|☆tdd20070515兹伏奇大吾
|player|p2|
|l|☆High Mighty Weasel
|player|p1|
|l| m0chaman_829
