|j|☆xAmethystx
|j|☆Itsterra
|t:|1743794605
|gametype|singles
|player|p1|xAmethystx|miku-ground|1592
|player|p2|Itsterra|lacey|1576
|teamsize|p1|6
|teamsize|p2|6
|gen|9
|tier|[Gen 9] OU
|rated|
|rule|HP Percentage Mod: HP is shown in percentages
|rule|Endless Battle Clause: Forcing endless battles is banned
|rule|Species Clause: Limit one of each Pokémon
|rule|OHKO Clause: OHKO moves are banned
|rule|Evasion Items Clause: Evasion items are banned
|rule|Evasion Moves Clause: Evasion moves are banned
|rule|Sleep Moves Clause: Sleep-inducing moves are banned
|clearpoke
|poke|p1|Chandelure, F|
|poke|p1|Kingambit, F|
|poke|p1|Great Tusk|
|poke|p1|Corviknight, F|
|poke|p1|Rotom-Wash|
|poke|p1|Hatterene, F|
|poke|p2|Dragapult, F|
|poke|p2|Primarina, F|
|poke|p2|Iron Crown|
|poke|p2|Samurott-Hisui, F|
|poke|p2|Kingambit, M|
|poke|p2|Landorus-Therian, M|
|teampreview
|
|t:|1743794636
|start
|switch|p1a: Rotom|Rotom-Wash|100/100
|switch|p2a: Iron Crown|Iron Crown|100/100
|turn|1
|inactive|Battle timer is ON: inactive players will automatically lose when time's up. (requested by xAmethystx)
|
|t:|1743794652
|move|p2a: Iron Crown|Future Sight|p1a: Rotom
|-start|p2a: Iron Crown|move: Future Sight
|move|p1a: Rotom|Will-O-Wisp|p2a: Iron Crown
|-status|p2a: Iron Crown|brn
|
|-damage|p2a: Iron Crown|94/100 brn|[from] brn
|upkeep
|turn|2
|inactive|Itsterra has 120 seconds left.
|
|t:|1743794686
|move|p2a: Iron Crown|Volt Switch|p1a: Rotom
|-damage|p1a: Rotom|75/100
|
|t:|1743794690
|-end|p2a: Iron Crown|Quark Drive|[silent]
|switch|p2a: Dragapult|Dragapult, F|100/100|[from] Volt Switch
|move|p1a: Rotom|Will-O-Wisp|p2a: Dragapult
|-status|p2a: Dragapult|brn
|
|-heal|p1a: Rotom|81/100|[from] item: Leftovers
|-damage|p2a: Dragapult|95/100 brn|[from] brn
|upkeep
|turn|3
|
|t:|1743794703
|switch|p1a: Corviknight|Corviknight, F, shiny|100/100
|move|p2a: Dragapult|U-turn|p1a: Corviknight
|-resisted|p1a: Corviknight
|-damage|p1a: Corviknight|97/100
|inactive|Itsterra has 120 seconds left.
|
|t:|1743794713
|switch|p2a: Primarina|Primarina, F|100/100|[from] U-turn
|
|-end|p1a: Corviknight|move: Future Sight
|-resisted|p1a: Corviknight
|-damage|p1a: Corviknight|75/100
|-heal|p1a: Corviknight|81/100|[from] item: Leftovers
|upkeep
|turn|4
|inactive|Itsterra has 120 seconds left.
|
|t:|1743794728
|move|p2a: Primarina|Calm Mind|p2a: Primarina
|-boost|p2a: Primarina|spa|1
|-boost|p2a: Primarina|spd|1
|move|p1a: Corviknight|U-turn|p2a: Primarina
|-resisted|p2a: Primarina
|-damage|p2a: Primarina|91/100
|
|t:|1743794733
|switch|p1a: Great Tusk|Great Tusk|100/100|[from] U-turn
|
|upkeep
|turn|5
|inactive|Itsterra has 120 seconds left.
|inactive|xAmethystx has 120 seconds left.
|inactive|Itsterra has 90 seconds left.
|
|t:|1743794778
|switch|p2a: Landorus|Landorus-Therian, M|100/100
|-ability|p2a: Landorus|Intimidate|boost
|-unboost|p1a: Great Tusk|atk|1
|-terastallize|p1a: Great Tusk|Ground
|move|p1a: Great Tusk|Headlong Rush|p2a: Landorus
|-immune|p2a: Landorus
|
|upkeep
|turn|6
|inactive|Itsterra has 90 seconds left.
|
|t:|1743794806
|-end|p1a: Great Tusk|Protosynthesis|[silent]
|switch|p1a: Corviknight|Corviknight, F, shiny|81/100
|switch|p2a: Iron Crown|Iron Crown|94/100 brn
|
|-heal|p1a: Corviknight|88/100|[from] item: Leftovers
|-damage|p2a: Iron Crown|88/100 brn|[from] brn
|upkeep
|turn|7
|
|t:|1743794814
|move|p2a: Iron Crown|Volt Switch|p1a: Corviknight
|-supereffective|p1a: Corviknight
|-damage|p1a: Corviknight|53/100
|
|t:|1743794836
|-end|p2a: Iron Crown|Quark Drive|[silent]
|switch|p2a: Landorus|Landorus-Therian, M|100/100|[from] Volt Switch
|-ability|p2a: Landorus|Intimidate|boost
|-ability|p1a: Corviknight|Mirror Armor
|-unboost|p2a: Landorus|atk|1
|move|p1a: Corviknight|U-turn|p2a: Landorus
|-resisted|p2a: Landorus
|-damage|p2a: Landorus|96/100
|-damage|p1a: Corviknight|36/100|[from] item: Rocky Helmet|[of] p2a: Landorus
|
|t:|1743794843
|switch|p1a: Rotom|Rotom-Wash|81/100|[from] U-turn
|
|-heal|p1a: Rotom|88/100|[from] item: Leftovers
|upkeep
|turn|8
|
|t:|1743794852
|switch|p2a: Dragapult|Dragapult, F|95/100 brn
|move|p1a: Rotom|Hydro Pump|p2a: Dragapult
|-resisted|p2a: Dragapult
|-damage|p2a: Dragapult|70/100 brn
|
|-heal|p1a: Rotom|94/100|[from] item: Leftovers
|-damage|p2a: Dragapult|64/100 brn|[from] brn
|upkeep
|turn|9
|
|t:|1743794868
|move|p1a: Rotom|Protect|p1a: Rotom
|-singleturn|p1a: Rotom|Protect
|move|p2a: Dragapult|U-turn|p1a: Rotom
|-activate|p1a: Rotom|move: Protect
|
|-heal|p1a: Rotom|99/100|[from] item: Leftovers
|-damage|p2a: Dragapult|58/100 brn|[from] brn
|upkeep
|turn|10
|
|t:|1743794878
|move|p2a: Dragapult|U-turn|p1a: Rotom
|-damage|p1a: Rotom|88/100
|
|t:|1743794885
|switch|p2a: Iron Crown|Iron Crown|88/100 brn|[from] U-turn
|move|p1a: Rotom|Hydro Pump|p2a: Iron Crown
|-damage|p2a: Iron Crown|62/100 brn
|
|-heal|p1a: Rotom|94/100|[from] item: Leftovers
|-damage|p2a: Iron Crown|56/100 brn|[from] brn
|upkeep
|turn|11
|
|t:|1743794894
|move|p1a: Rotom|Protect|p1a: Rotom
|-singleturn|p1a: Rotom|Protect
|move|p2a: Iron Crown|Future Sight|p1a: Rotom
|-start|p2a: Iron Crown|move: Future Sight
|
|-heal|p1a: Rotom|100/100|[from] item: Leftovers
|-damage|p2a: Iron Crown|49/100 brn|[from] brn
|upkeep
|turn|12
|
|t:|1743794911
|move|p2a: Iron Crown|Focus Blast|p1a: Rotom|[miss]
|-miss|p2a: Iron Crown|p1a: Rotom
|move|p1a: Rotom|Volt Switch|p2a: Iron Crown
|-damage|p2a: Iron Crown|33/100 brn
|inactive|xAmethystx has 120 seconds left.
|
|t:|1743794931
|switch|p1a: Chandelure|Chandelure, F|100/100|[from] Volt Switch
|
|-damage|p2a: Iron Crown|26/100 brn|[from] brn
|upkeep
|turn|13
|inactive|Itsterra has 90 seconds left.
|
|t:|1743794958
|switch|p1a: Kingambit|Kingambit, F|100/100
|-end|p2a: Iron Crown|Quark Drive|[silent]
|switch|p2a: Samurott|Samurott-Hisui, F|100/100
|
|-end|p1a: Kingambit|move: Future Sight
|-immune|p1a: Kingambit
|upkeep
|turn|14
|
|t:|1743794972
|-end|p1a: Kingambit|fallenundefined|[silent]
|switch|p1a: Rotom|Rotom-Wash|100/100
|move|p2a: Samurott|Ceaseless Edge|p1a: Rotom
|-damage|p1a: Rotom|68/100
|-sidestart|p1: xAmethystx|Spikes
|
|-heal|p1a: Rotom|74/100|[from] item: Leftovers
|upkeep
|turn|15
|inactive|Itsterra has 60 seconds left.
|
|t:|1743794998
|switch|p2a: Iron Crown|Iron Crown|26/100 brn
|move|p1a: Rotom|Volt Switch|p2a: Iron Crown
|-damage|p2a: Iron Crown|10/100 brn
|
|t:|1743795005
|switch|p1a: Corviknight|Corviknight, F, shiny|36/100|[from] Volt Switch
|
|-heal|p1a: Corviknight|42/100|[from] item: Leftovers
|-damage|p2a: Iron Crown|4/100 brn|[from] brn
|upkeep
|turn|16
|inactive|Itsterra has 60 seconds left.
|inactive|xAmethystx has 120 seconds left.
|
|t:|1743795029
|move|p2a: Iron Crown|Volt Switch|p1a: Corviknight
|-supereffective|p1a: Corviknight
|-damage|p1a: Corviknight|12/100
|
|t:|1743795058
|-end|p2a: Iron Crown|Quark Drive|[silent]
|switch|p2a: Primarina|Primarina, F|91/100|[from] Volt Switch
|move|p1a: Corviknight|Roost|p1a: Corviknight
|-heal|p1a: Corviknight|62/100
|-singleturn|p1a: Corviknight|move: Roost
|
|-heal|p1a: Corviknight|69/100|[from] item: Leftovers
|upkeep
|turn|17
|inactive|Itsterra has 30 seconds left.
|
|t:|1743795083
|move|p2a: Primarina|Surf|p1a: Corviknight
|-damage|p1a: Corviknight|38/100
|move|p1a: Corviknight|U-turn|p2a: Primarina
|-resisted|p2a: Primarina
|-damage|p2a: Primarina|83/100
|inactive|Itsterra has 30 seconds left this turn.
|inactive|xAmethystx has 120 seconds left.
|
|t:|1743795100
|switch|p1a: Rotom|Rotom-Wash|74/100|[from] U-turn
|
|-heal|p1a: Rotom|80/100|[from] item: Leftovers
|upkeep
|turn|18
|inactive|xAmethystx has 120 seconds left.
|inactive|Itsterra has 30 seconds left.
|inactive|Itsterra has 20 seconds left.
|inactive|Itsterra has 15 seconds left.
|inactive|Itsterra has 10 seconds left.
|
|t:|1743795132
|move|p1a: Rotom|Volt Switch|p2a: Primarina
|-supereffective|p2a: Primarina
|-damage|p2a: Primarina|41/100
|inactive|Itsterra has 15 seconds left this turn.
|inactive|xAmethystx has 120 seconds left.
|
|t:|1743795145
|switch|p1a: Corviknight|Corviknight, F, shiny|38/100|[from] Volt Switch
|move|p2a: Primarina|Moonblast|p1a: Corviknight
|-resisted|p1a: Corviknight
|-damage|p1a: Corviknight|22/100
|-ability|p1a: Corviknight|Mirror Armor
|-unboost|p2a: Primarina|spa|1
|
|-heal|p1a: Corviknight|28/100|[from] item: Leftovers
|upkeep
|turn|19
|inactive|Itsterra has 25 seconds left this turn.
|inactive|Itsterra has 20 seconds left.
|inactive|Itsterra has 15 seconds left.
|inactive|Itsterra has 10 seconds left.
|
|t:|1743795162
|move|p2a: Primarina|Surf|p1a: Corviknight
|-damage|p1a: Corviknight|8/100
|move|p1a: Corviknight|Roost|p1a: Corviknight
|-heal|p1a: Corviknight|58/100
|-singleturn|p1a: Corviknight|move: Roost
|
|-heal|p1a: Corviknight|65/100|[from] item: Leftovers
|upkeep
|turn|20
|inactive|Itsterra has 20 seconds left this turn.
|inactive|Itsterra has 15 seconds left.
|inactive|Itsterra has 10 seconds left.
|inactive|Itsterra has 5 seconds left.
|-message|Itsterra forfeited.
|
|win|xAmethystx
|inactive|Itsterra has 10 seconds left this turn.
|raw|xAmethystx's rating: 1592 &rarr; <strong>1611</strong><br />(+19 for winning)
|raw|Itsterra's rating: 1576 &rarr; <strong>1557</strong><br />(-19 for losing)
|l|☆Itsterra
|player|p2|
|l|☆xAmethystx
|player|p1|
