|j|☆aaron200589
|j|☆pikaacharr
|t:|1743805023
|gametype|singles
|player|p1|aaron200589|giovanni|1181
|player|p2|pikaacharr|red|1136
|teamsize|p1|6
|teamsize|p2|6
|gen|9
|tier|[Gen 9] OU
|rated|
|rule|HP Percentage Mod: HP is shown in percentages
|rule|Endless Battle Clause: Forcing endless battles is banned
|rule|Species Clause: Limit one of each Pokémon
|rule|OHKO Clause: OHKO moves are banned
|rule|Evasion Items Clause: Evasion items are banned
|rule|Evasion Moves Clause: Evasion moves are banned
|rule|Sleep Moves Clause: Sleep-inducing moves are banned
|clearpoke
|poke|p1|Dondozo, F|
|poke|p1|Grimmsnarl, M|
|poke|p1|Serperior, M|
|poke|p1|Dragonite, M|
|poke|p1|Iron Treads|
|poke|p1|Hatterene, F|
|poke|p2|Glimmora, F|
|poke|p2|Zamazenta-*|
|poke|p2|Latias, F|
|poke|p2|Gholdengo|
|poke|p2|Dragonite, M|
|poke|p2|Weavile, F|
|teampreview
|inactive|Battle timer is ON: inactive players will automatically lose when time's up. (requested by pikaacharr)
|
|t:|1743805043
|start
|switch|p1a: Serperior|Serperior, M|100/100
|switch|p2a: Weavile|Weavile, F|100/100
|turn|1
|
|t:|1743805061
|switch|p1a: Dondozo|Dondozo, F|100/100
|move|p2a: Weavile|Knock Off|p1a: Dondozo
|-damage|p1a: Dondozo|79/100
|-enditem|p1a: Dondozo|Chesto Berry|[from] move: Knock Off|[of] p2a: Weavile
|
|upkeep
|turn|2
|
|t:|1743805081
|switch|p2a: Latias|Latias, F|100/100
|move|p1a: Dondozo|Body Press|p2a: Latias
|-resisted|p2a: Latias
|-damage|p2a: Latias|88/100
|
|-heal|p2a: Latias|94/100|[from] item: Leftovers
|upkeep
|turn|3
|
|t:|1743805092
|switch|p1a: Grimmsnarl|Grimmsnarl, M|100/100
|move|p2a: Latias|Calm Mind|p2a: Latias
|-boost|p2a: Latias|spa|1
|-boost|p2a: Latias|spd|1
|
|-heal|p2a: Latias|100/100|[from] item: Leftovers
|upkeep
|turn|4
|inactive|pikaacharr has 120 seconds left.
|
|t:|1743805118
|switch|p2a: Glimmora|Glimmora, F|100/100
|move|p1a: Grimmsnarl|Taunt|p2a: Glimmora
|-start|p2a: Glimmora|move: Taunt
|
|upkeep
|turn|5
|
|t:|1743805132
|switch|p1a: Iron Treads|Iron Treads|100/100
|move|p2a: Glimmora|Mortal Spin|p1a: Iron Treads
|-immune|p1a: Iron Treads
|
|upkeep
|turn|6
|inactive|pikaacharr has 120 seconds left.
|
|t:|1743805157
|switch|p2a: Latias|Latias, F|100/100
|move|p1a: Iron Treads|Earthquake|p2a: Latias
|-immune|p2a: Latias|[from] ability: Levitate
|
|upkeep
|turn|7
|inactive|pikaacharr has 120 seconds left.
|
|t:|1743805167
|move|p2a: Latias|Draining Kiss|p1a: Iron Treads
|-resisted|p1a: Iron Treads
|-damage|p1a: Iron Treads|93/100
|-damage|p2a: Latias|84/100|[from] item: Rocky Helmet|[of] p1a: Iron Treads
|move|p1a: Iron Treads|Volt Switch|p2a: Latias
|-resisted|p2a: Latias
|-crit|p2a: Latias
|-damage|p2a: Latias|78/100
|
|t:|1743805176
|-end|p1a: Iron Treads|Quark Drive|[silent]
|switch|p1a: Grimmsnarl|Grimmsnarl, M|100/100|[from] Volt Switch
|
|-heal|p2a: Latias|84/100|[from] item: Leftovers
|upkeep
|turn|8
|inactive|pikaacharr has 120 seconds left.
|
|t:|1743805196
|switch|p2a: Weavile|Weavile, F|100/100
|move|p1a: Grimmsnarl|Trick|p2a: Weavile
|-hint|Since gen 7, Dark is immune to Prankster moves.
|-immune|p2a: Weavile
|
|upkeep
|turn|9
|inactive|pikaacharr has 120 seconds left.
|
|t:|1743805216
|switch|p1a: Dondozo|Dondozo, F|79/100
|move|p2a: Weavile|Knock Off|p1a: Dondozo
|-damage|p1a: Dondozo|66/100
|
|upkeep
|turn|10
|
|t:|1743805225
|switch|p2a: Gholdengo|Gholdengo|100/100
|move|p1a: Dondozo|Body Press|p2a: Gholdengo
|-immune|p2a: Gholdengo
|
|upkeep
|turn|11
|inactive|pikaacharr has 120 seconds left.
|
|t:|1743805237
|switch|p1a: Iron Treads|Iron Treads|93/100
|move|p2a: Gholdengo|Thunderbolt|p1a: Iron Treads
|-immune|p1a: Iron Treads
|
|upkeep
|turn|12
|inactive|pikaacharr has 120 seconds left.
|
|t:|1743805247
|switch|p2a: Latias|Latias, F|84/100
|move|p1a: Iron Treads|Stealth Rock|p2a: Latias
|-sidestart|p2: pikaacharr|move: Stealth Rock
|
|-heal|p2a: Latias|90/100|[from] item: Leftovers
|upkeep
|turn|13
|inactive|pikaacharr has 120 seconds left.
|
|t:|1743805255
|move|p2a: Latias|Calm Mind|p2a: Latias
|-boost|p2a: Latias|spa|1
|-boost|p2a: Latias|spd|1
|move|p1a: Iron Treads|Volt Switch|p2a: Latias
|-resisted|p2a: Latias
|-damage|p2a: Latias|87/100
|
|t:|1743805265
|-end|p1a: Iron Treads|Quark Drive|[silent]
|switch|p1a: Grimmsnarl|Grimmsnarl, M|100/100|[from] Volt Switch
|
|-heal|p2a: Latias|94/100|[from] item: Leftovers
|upkeep
|turn|14
|inactive|pikaacharr has 120 seconds left.
|
|t:|1743805288
|switch|p2a: Glimmora|Glimmora, F|100/100
|-damage|p2a: Glimmora|88/100|[from] Stealth Rock
|move|p1a: Grimmsnarl|Parting Shot|p2a: Glimmora
|-unboost|p2a: Glimmora|atk|1
|-unboost|p2a: Glimmora|spa|1
|
|t:|1743805296
|switch|p1a: Serperior|Serperior, M|100/100|[from] Parting Shot
|
|upkeep
|turn|15
|
|t:|1743805301
|move|p1a: Serperior|Glare|p2a: Glimmora
|-status|p2a: Glimmora|par
|move|p2a: Glimmora|Mortal Spin|p1a: Serperior
|-supereffective|p1a: Serperior
|-damage|p1a: Serperior|90/100
|-status|p1a: Serperior|psn
|-sideend|p2: pikaacharr|Stealth Rock|[from] move: Mortal Spin|[of] p2a: Glimmora
|
|-heal|p1a: Serperior|96/100 psn|[from] item: Leftovers
|-damage|p1a: Serperior|84/100 psn|[from] psn
|upkeep
|turn|16
|
|t:|1743805321
|switch|p2a: Weavile|Weavile, F|100/100
|move|p1a: Serperior|Leaf Storm|p2a: Weavile
|-damage|p2a: Weavile|38/100
|-boost|p1a: Serperior|spa|2
|
|-heal|p1a: Serperior|90/100 psn|[from] item: Leftovers
|-damage|p1a: Serperior|78/100 psn|[from] psn
|upkeep
|turn|17
|
|t:|1743805335
|switch|p1a: Dondozo|Dondozo, F|66/100
|move|p2a: Weavile|Triple Axel|p1a: Dondozo|[miss]
|-miss|p2a: Weavile|p1a: Dondozo
|
|upkeep
|turn|18
|inactive|pikaacharr has 120 seconds left.
|
|t:|1743805372
|switch|p2a: Latias|Latias, F|94/100
|switch|p1a: Grimmsnarl|Grimmsnarl, M|100/100
|
|-heal|p2a: Latias|99/100|[from] item: Leftovers
|upkeep
|turn|19
|
|t:|1743805390
|switch|p2a: Glimmora|Glimmora, F|88/100 par
|move|p1a: Grimmsnarl|Taunt|p2a: Glimmora
|-start|p2a: Glimmora|move: Taunt
|
|upkeep
|turn|20
|
|t:|1743805399
|switch|p1a: Serperior|Serperior, M|78/100 psn
|move|p2a: Glimmora|Power Gem|p1a: Serperior
|-damage|p1a: Serperior|38/100 psn
|
|-heal|p1a: Serperior|44/100 psn|[from] item: Leftovers
|-damage|p1a: Serperior|32/100 psn|[from] psn
|upkeep
|turn|21
|
|t:|1743805419
|switch|p2a: Zamazenta|Zamazenta|100/100
|-ability|p2a: Zamazenta|Dauntless Shield|boost
|-boost|p2a: Zamazenta|def|1
|move|p1a: Serperior|Leaf Storm|p2a: Zamazenta
|-damage|p2a: Zamazenta|59/100
|-boost|p1a: Serperior|spa|2
|
|-heal|p2a: Zamazenta|66/100|[from] item: Leftovers
|-heal|p1a: Serperior|38/100 psn|[from] item: Leftovers
|-damage|p1a: Serperior|25/100 psn|[from] psn
|upkeep
|turn|22
|
|t:|1743805432
|move|p2a: Zamazenta|Body Press|p1a: Serperior
|-damage|p1a: Serperior|0 fnt
|faint|p1a: Serperior
|
|-heal|p2a: Zamazenta|72/100|[from] item: Leftovers
|upkeep
|inactive|aaron200589 has 120 seconds left.
|
|t:|1743805466
|switch|p1a: Dondozo|Dondozo, F|66/100
|turn|23
|inactive|aaron200589 has 120 seconds left.
|
|t:|1743805481
|move|p2a: Zamazenta|Body Press|p1a: Dondozo
|-damage|p1a: Dondozo|49/100
|move|p1a: Dondozo|Body Press|p2a: Zamazenta
|-damage|p2a: Zamazenta|50/100
|
|-heal|p2a: Zamazenta|56/100|[from] item: Leftovers
|upkeep
|turn|24
|
|t:|1743805491
|move|p2a: Zamazenta|Iron Defense|p2a: Zamazenta
|-boost|p2a: Zamazenta|def|2
|move|p1a: Dondozo|Body Press|p2a: Zamazenta
|-damage|p2a: Zamazenta|33/100
|
|-heal|p2a: Zamazenta|39/100|[from] item: Leftovers
|upkeep
|turn|25
|
|t:|1743805500
|move|p2a: Zamazenta|Body Press|p1a: Dondozo
|-damage|p1a: Dondozo|33/100
|move|p1a: Dondozo|Rest|p1a: Dondozo
|-status|p1a: Dondozo|slp|[from] move: Rest
|-heal|p1a: Dondozo|100/100 slp|[silent]
|
|-heal|p2a: Zamazenta|45/100|[from] item: Leftovers
|upkeep
|turn|26
|
|t:|1743805510
|move|p2a: Zamazenta|Substitute|p2a: Zamazenta
|-start|p2a: Zamazenta|Substitute
|-damage|p2a: Zamazenta|20/100
|cant|p1a: Dondozo|slp
|move|p1a: Dondozo|Sleep Talk|p1a: Dondozo
|move|p1a: Dondozo|Avalanche|p2a: Zamazenta|[from] move: Sleep Talk
|-activate|p2a: Zamazenta|move: Substitute|[damage]
|
|-heal|p2a: Zamazenta|26/100|[from] item: Leftovers
|upkeep
|turn|27
|
|t:|1743805522
|move|p2a: Zamazenta|Body Press|p1a: Dondozo
|-damage|p1a: Dondozo|86/100 slp
|cant|p1a: Dondozo|slp
|move|p1a: Dondozo|Sleep Talk|p1a: Dondozo
|move|p1a: Dondozo|Avalanche|p2a: Zamazenta|[from] move: Sleep Talk
|-end|p2a: Zamazenta|Substitute
|
|-heal|p2a: Zamazenta|33/100|[from] item: Leftovers
|upkeep
|turn|28
|inactive|pikaacharr has 120 seconds left.
|
|t:|1743805538
|switch|p2a: Gholdengo|Gholdengo|100/100
|-curestatus|p1a: Dondozo|slp|[msg]
|move|p1a: Dondozo|Body Press|p2a: Gholdengo
|-immune|p2a: Gholdengo
|
|upkeep
|turn|29
|inactive|pikaacharr has 120 seconds left.
|
|t:|1743805553
|switch|p1a: Grimmsnarl|Grimmsnarl, M|100/100
|move|p2a: Gholdengo|Shadow Ball|p1a: Grimmsnarl
|-resisted|p1a: Grimmsnarl
|-crit|p1a: Grimmsnarl
|-damage|p1a: Grimmsnarl|65/100
|
|upkeep
|turn|30
|inactive|pikaacharr has 120 seconds left.
|
|t:|1743805577
|move|p1a: Grimmsnarl|Sucker Punch|p2a: Gholdengo
|-supereffective|p2a: Gholdengo
|-damage|p2a: Gholdengo|29/100
|move|p2a: Gholdengo|Thunderbolt|p1a: Grimmsnarl
|-damage|p1a: Grimmsnarl|28/100
|-status|p1a: Grimmsnarl|par
|
|upkeep
|turn|31
|
|t:|1743805602
|switch|p2a: Glimmora|Glimmora, F|88/100 par
|switch|p1a: Iron Treads|Iron Treads|93/100
|
|upkeep
|turn|32
|inactive|pikaacharr has 90 seconds left.
|
|t:|1743805625
|switch|p2a: Latias|Latias, F|99/100
|move|p1a: Iron Treads|Earthquake|p2a: Latias
|-immune|p2a: Latias|[from] ability: Levitate
|
|-heal|p2a: Latias|100/100|[from] item: Leftovers
|upkeep
|turn|33
|
|t:|1743805638
|move|p2a: Latias|Stored Power|p1a: Iron Treads
|-resisted|p1a: Iron Treads
|-damage|p1a: Iron Treads|89/100
|move|p1a: Iron Treads|Volt Switch|p2a: Latias
|-resisted|p2a: Latias
|-damage|p2a: Latias|96/100
|
|t:|1743805647
|-end|p1a: Iron Treads|Quark Drive|[silent]
|switch|p1a: Hatterene|Hatterene, F|100/100|[from] Volt Switch
|
|-heal|p2a: Latias|100/100|[from] item: Leftovers
|upkeep
|turn|34
|
|t:|1743805654
|move|p2a: Latias|Calm Mind|p2a: Latias
|-boost|p2a: Latias|spa|1
|-boost|p2a: Latias|spd|1
|move|p1a: Hatterene|Psyshock|p2a: Latias
|-resisted|p2a: Latias
|-damage|p2a: Latias|82/100
|
|-heal|p2a: Latias|88/100|[from] item: Leftovers
|upkeep
|turn|35
|
|t:|1743805664
|move|p2a: Latias|Agility|p2a: Latias
|-boost|p2a: Latias|spe|2
|move|p1a: Hatterene|Nuzzle|p2a: Latias
|-resisted|p2a: Latias
|-damage|p2a: Latias|86/100
|-status|p2a: Latias|par
|
|-heal|p2a: Latias|92/100 par|[from] item: Leftovers
|upkeep
|turn|36
|
|t:|1743805676
|cant|p2a: Latias|par
|move|p1a: Hatterene|Draining Kiss|p2a: Latias
|-supereffective|p2a: Latias
|-damage|p2a: Latias|65/100 par
|
|-heal|p2a: Latias|71/100 par|[from] item: Leftovers
|upkeep
|turn|37
|
|t:|1743805684
|move|p2a: Latias|Calm Mind|p2a: Latias
|-boost|p2a: Latias|spa|1
|-boost|p2a: Latias|spd|1
|move|p1a: Hatterene|Draining Kiss|p2a: Latias
|-supereffective|p2a: Latias
|-damage|p2a: Latias|51/100 par
|
|-heal|p2a: Latias|57/100 par|[from] item: Leftovers
|upkeep
|turn|38
|inactive|pikaacharr has 120 seconds left.
|
|t:|1743805695
|switch|p1a: Grimmsnarl|Grimmsnarl, M|28/100 par
|move|p2a: Latias|Stored Power|p1a: Grimmsnarl
|-immune|p1a: Grimmsnarl
|
|-heal|p2a: Latias|63/100 par|[from] item: Leftovers
|upkeep
|turn|39
|
|t:|1743805704
|cant|p1a: Grimmsnarl|par
|cant|p2a: Latias|par
|
|-heal|p2a: Latias|70/100 par|[from] item: Leftovers
|upkeep
|turn|40
|inactive|pikaacharr has 120 seconds left.
|
|t:|1743805720
|move|p1a: Grimmsnarl|Trick|p2a: Latias
|-activate|p1a: Grimmsnarl|move: Trick|[of] p2a: Latias
|-item|p2a: Latias|Choice Scarf|[from] move: Trick
|-item|p1a: Grimmsnarl|Leftovers|[from] move: Trick
|move|p2a: Latias|Calm Mind|p2a: Latias
|-boost|p2a: Latias|spa|1
|-boost|p2a: Latias|spd|1
|
|-heal|p1a: Grimmsnarl|34/100 par|[from] item: Leftovers
|upkeep
|turn|41
|inactive|pikaacharr has 120 seconds left.
|
|t:|1743805734
|switch|p2a: Glimmora|Glimmora, F|88/100 par
|move|p1a: Grimmsnarl|Parting Shot|p2a: Glimmora
|-unboost|p2a: Glimmora|atk|1
|-unboost|p2a: Glimmora|spa|1
|inactive|aaron200589 has 120 seconds left.
|
|t:|1743805767
|switch|p1a: Iron Treads|Iron Treads|89/100|[from] Parting Shot
|
|upkeep
|turn|42
|
|t:|1743805780
|switch|p2a: Latias|Latias, F|70/100 par
|move|p1a: Iron Treads|Earthquake|p2a: Latias
|-immune|p2a: Latias|[from] ability: Levitate
|
|upkeep
|turn|43
|
|t:|1743805789
|move|p1a: Iron Treads|Stealth Rock|p2a: Latias
|-sidestart|p2: pikaacharr|move: Stealth Rock
|move|p2a: Latias|Draining Kiss|p1a: Iron Treads
|-resisted|p1a: Iron Treads
|-damage|p1a: Iron Treads|81/100
|-heal|p2a: Latias|76/100 par|[from] drain|[of] p1a: Iron Treads
|-damage|p2a: Latias|60/100 par|[from] item: Rocky Helmet|[of] p1a: Iron Treads
|
|upkeep
|turn|44
|
|t:|1743805797
|switch|p2a: Weavile|Weavile, F|38/100
|move|p1a: Iron Treads|Volt Switch|p2a: Weavile
|-damage|p2a: Weavile|22/100
|
|t:|1743805813
|-end|p1a: Iron Treads|Quark Drive|[silent]
|switch|p1a: Grimmsnarl|Grimmsnarl, M|34/100 par|[from] Volt Switch
|
|-heal|p1a: Grimmsnarl|40/100 par|[from] item: Leftovers
|upkeep
|turn|45
|
|t:|1743805823
|move|p1a: Grimmsnarl|Sucker Punch|p2a: Weavile
|-resisted|p2a: Weavile
|-damage|p2a: Weavile|0 fnt
|faint|p2a: Weavile
|
|-heal|p1a: Grimmsnarl|46/100 par|[from] item: Leftovers
|upkeep
|
|t:|1743805847
|switch|p2a: Dragonite|Dragonite, M|100/100
|turn|46
|
|t:|1743805851
|move|p1a: Grimmsnarl|Taunt|p2a: Dragonite
|-start|p2a: Dragonite|move: Taunt
|cant|p2a: Dragonite|move: Taunt|Dragon Dance
|
|-heal|p1a: Grimmsnarl|52/100 par|[from] item: Leftovers
|upkeep
|turn|47
|
|t:|1743805859
|move|p1a: Grimmsnarl|Parting Shot|p2a: Dragonite
|-unboost|p2a: Dragonite|atk|1
|-unboost|p2a: Dragonite|spa|1
|
|t:|1743805864
|switch|p1a: Dondozo|Dondozo, F|86/100|[from] Parting Shot
|move|p2a: Dragonite|Ice Spinner|p1a: Dondozo
|-resisted|p1a: Dondozo
|-damage|p1a: Dondozo|79/100
|
|upkeep
|turn|48
|
|t:|1743805876
|switch|p2a: Gholdengo|Gholdengo|29/100
|-damage|p2a: Gholdengo|23/100|[from] Stealth Rock
|move|p1a: Dondozo|Avalanche|p2a: Gholdengo
|-resisted|p2a: Gholdengo
|-damage|p2a: Gholdengo|16/100
|
|upkeep
|turn|49
|-enditem|p2a: Gholdengo|Custap Berry|[eat]
|-activate|p2a: Gholdengo|item: Custap Berry|[consumed]
|
|t:|1743805888
|switch|p1a: Grimmsnarl|Grimmsnarl, M|52/100 par
|move|p2a: Gholdengo|Shadow Ball|p1a: Grimmsnarl
|-resisted|p1a: Grimmsnarl
|-damage|p1a: Grimmsnarl|28/100 par
|
|-heal|p1a: Grimmsnarl|35/100 par|[from] item: Leftovers
|upkeep
|turn|50
|
|t:|1743805904
|move|p1a: Grimmsnarl|Parting Shot|p2a: Gholdengo
|-immune|p2a: Gholdengo|[from] ability: Good as Gold
|move|p2a: Gholdengo|Thunderbolt|p1a: Grimmsnarl
|-damage|p1a: Grimmsnarl|0 fnt
|faint|p1a: Grimmsnarl
|
|upkeep
|inactive|aaron200589 has 120 seconds left.
|
|t:|1743805925
|switch|p1a: Iron Treads|Iron Treads|81/100
|turn|51
|
|t:|1743805947
|switch|p2a: Latias|Latias, F|60/100 par
|-damage|p2a: Latias|47/100 par|[from] Stealth Rock
|move|p1a: Iron Treads|Volt Switch|p2a: Latias
|-resisted|p2a: Latias
|-damage|p2a: Latias|43/100 par
|
|t:|1743805955
|-end|p1a: Iron Treads|Quark Drive|[silent]
|switch|p1a: Dragonite|Dragonite, M|100/100|[from] Volt Switch
|
|upkeep
|turn|52
|
|t:|1743805962
|move|p2a: Latias|Draining Kiss|p1a: Dragonite
|-supereffective|p1a: Dragonite
|-damage|p1a: Dragonite|89/100
|-heal|p2a: Latias|52/100 par|[from] drain|[of] p1a: Dragonite
|move|p1a: Dragonite|Dragon Claw|p2a: Latias
|-supereffective|p2a: Latias
|-damage|p2a: Latias|0 fnt
|faint|p2a: Latias
|
|upkeep
|
|t:|1743805982
|switch|p2a: Dragonite|Dragonite, M|100/100
|turn|53
|
|t:|1743805992
|switch|p1a: Dondozo|Dondozo, F|79/100
|move|p2a: Dragonite|Ice Spinner|p1a: Dondozo
|-resisted|p1a: Dondozo
|-damage|p1a: Dondozo|72/100
|
|upkeep
|turn|54
|
|t:|1743806004
|switch|p2a: Glimmora|Glimmora, F|88/100 par
|-damage|p2a: Glimmora|76/100 par|[from] Stealth Rock
|move|p1a: Dondozo|Avalanche|p2a: Glimmora
|-damage|p2a: Glimmora|63/100 par
|-activate|p2a: Glimmora|ability: Toxic Debris
|-sidestart|p1: aaron200589|move: Toxic Spikes
|-enditem|p2a: Glimmora|Red Card|[of] p1a: Dondozo
|drag|p1a: Hatterene|Hatterene, F|100/100
|-status|p1a: Hatterene|psn
|
|-damage|p1a: Hatterene|88/100 psn|[from] psn
|upkeep
|turn|55
|
|t:|1743806020
|move|p2a: Glimmora|Mortal Spin|p1a: Hatterene
|-supereffective|p1a: Hatterene
|-damage|p1a: Hatterene|74/100 psn
|-sideend|p2: pikaacharr|Stealth Rock|[from] move: Mortal Spin|[of] p2a: Glimmora
|move|p1a: Hatterene|Psyshock|p2a: Glimmora
|-supereffective|p2a: Glimmora
|-damage|p2a: Glimmora|0 fnt
|faint|p2a: Glimmora
|
|-damage|p1a: Hatterene|62/100 psn|[from] psn
|upkeep
|
|t:|1743806030
|switch|p2a: Gholdengo|Gholdengo|16/100
|turn|56
|
|t:|1743806040
|switch|p1a: Iron Treads|Iron Treads|81/100
|move|p2a: Gholdengo|Shadow Ball|p1a: Iron Treads
|-crit|p1a: Iron Treads
|-damage|p1a: Iron Treads|7/100
|
|upkeep
|turn|57
|
|t:|1743806048
|move|p2a: Gholdengo|Shadow Ball|p1a: Iron Treads
|-damage|p1a: Iron Treads|0 fnt
|faint|p1a: Iron Treads
|-end|p1a: Iron Treads|Quark Drive|[silent]
|
|upkeep
|
|t:|1743806055
|switch|p1a: Hatterene|Hatterene, F|62/100 psn
|turn|58
|
|t:|1743806060
|move|p2a: Gholdengo|Shadow Ball|p1a: Hatterene
|-supereffective|p1a: Hatterene
|-damage|p1a: Hatterene|9/100 psn
|move|p1a: Hatterene|Mystical Fire|p2a: Gholdengo
|-supereffective|p2a: Gholdengo
|-damage|p2a: Gholdengo|0 fnt
|faint|p2a: Gholdengo
|
|-damage|p1a: Hatterene|0 fnt|[from] psn
|faint|p1a: Hatterene
|upkeep
|
|t:|1743806079
|switch|p2a: Zamazenta|Zamazenta|33/100
|switch|p1a: Dondozo|Dondozo, F|72/100
|-status|p1a: Dondozo|psn
|turn|59
|
|t:|1743806088
|move|p2a: Zamazenta|Crunch|p1a: Dondozo
|-crit|p1a: Dondozo
|-damage|p1a: Dondozo|56/100 psn
|move|p1a: Dondozo|Rest|p1a: Dondozo
|-status|p1a: Dondozo|slp|[from] move: Rest
|-heal|p1a: Dondozo|100/100 slp|[silent]
|
|-heal|p2a: Zamazenta|39/100|[from] item: Leftovers
|upkeep
|turn|60
|
|t:|1743806098
|move|p2a: Zamazenta|Crunch|p1a: Dondozo
|-damage|p1a: Dondozo|90/100 slp
|cant|p1a: Dondozo|slp
|move|p1a: Dondozo|Sleep Talk|p1a: Dondozo
|move|p1a: Dondozo|Rest||[from] move: Sleep Talk|[still]
|-fail|p1a: Dondozo
|
|-heal|p2a: Zamazenta|45/100|[from] item: Leftovers
|upkeep
|turn|61
|
|t:|1743806109
|move|p2a: Zamazenta|Crunch|p1a: Dondozo
|-damage|p1a: Dondozo|81/100 slp
|-unboost|p1a: Dondozo|def|1
|cant|p1a: Dondozo|slp
|move|p1a: Dondozo|Sleep Talk|p1a: Dondozo
|move|p1a: Dondozo|Avalanche|p2a: Zamazenta|[from] move: Sleep Talk
|-damage|p2a: Zamazenta|23/100
|
|-heal|p2a: Zamazenta|29/100|[from] item: Leftovers
|upkeep
|turn|62
|
|t:|1743806122
|move|p2a: Zamazenta|Crunch|p1a: Dondozo
|-damage|p1a: Dondozo|67/100 slp
|-curestatus|p1a: Dondozo|slp|[msg]
|move|p1a: Dondozo|Avalanche|p2a: Zamazenta
|-damage|p2a: Zamazenta|8/100
|
|-heal|p2a: Zamazenta|15/100|[from] item: Leftovers
|upkeep
|turn|63
|
|t:|1743806131
|move|p2a: Zamazenta|Body Press|p1a: Dondozo
|-damage|p1a: Dondozo|46/100
|move|p1a: Dondozo|Avalanche|p2a: Zamazenta
|-damage|p2a: Zamazenta|0 fnt
|faint|p2a: Zamazenta
|
|upkeep
|
|t:|1743806138
|switch|p2a: Dragonite|Dragonite, M|100/100
|turn|64
|
|t:|1743806155
|-terastallize|p2a: Dragonite|Normal
|-terastallize|p1a: Dondozo|Fairy
|move|p2a: Dragonite|Dragon Dance|p2a: Dragonite
|-boost|p2a: Dragonite|atk|1
|-boost|p2a: Dragonite|spe|1
|move|p1a: Dondozo|Rest|p1a: Dondozo
|-status|p1a: Dondozo|slp|[from] move: Rest
|-heal|p1a: Dondozo|100/100 slp|[silent]
|
|upkeep
|turn|65
|
|t:|1743806174
|move|p2a: Dragonite|Extreme Speed|p1a: Dondozo
|-damage|p1a: Dondozo|68/100 slp
|cant|p1a: Dondozo|slp
|
|upkeep
|turn|66
|
|t:|1743806181
|move|p2a: Dragonite|Dragon Dance|p2a: Dragonite
|-boost|p2a: Dragonite|atk|1
|-boost|p2a: Dragonite|spe|1
|cant|p1a: Dondozo|slp
|move|p1a: Dondozo|Sleep Talk|p1a: Dondozo
|move|p1a: Dondozo|Body Press|p2a: Dragonite|[from] move: Sleep Talk
|-supereffective|p2a: Dragonite
|-damage|p2a: Dragonite|81/100
|
|upkeep
|turn|67
|
|t:|1743806192
|move|p2a: Dragonite|Extreme Speed|p1a: Dondozo
|-damage|p1a: Dondozo|35/100 slp
|-curestatus|p1a: Dondozo|slp|[msg]
|move|p1a: Dondozo|Body Press|p2a: Dragonite
|-supereffective|p2a: Dragonite
|-damage|p2a: Dragonite|41/100
|
|upkeep
|turn|68
|
|t:|1743806211
|move|p2a: Dragonite|Extreme Speed|p1a: Dondozo
|-damage|p1a: Dondozo|1/100
|move|p1a: Dondozo|Rest|p1a: Dondozo
|-status|p1a: Dondozo|slp|[from] move: Rest
|-heal|p1a: Dondozo|100/100 slp|[silent]
|
|upkeep
|turn|69
|
|t:|1743806220
|move|p2a: Dragonite|Dragon Dance|p2a: Dragonite
|-boost|p2a: Dragonite|atk|1
|-boost|p2a: Dragonite|spe|1
|cant|p1a: Dondozo|slp
|move|p1a: Dondozo|Sleep Talk|p1a: Dondozo
|move|p1a: Dondozo|Avalanche|p2a: Dragonite|[from] move: Sleep Talk
|-damage|p2a: Dragonite|25/100
|
|upkeep
|turn|70
|
|t:|1743806237
|move|p2a: Dragonite|Dragon Dance|p2a: Dragonite
|-boost|p2a: Dragonite|atk|1
|-boost|p2a: Dragonite|spe|1
|cant|p1a: Dondozo|slp
|move|p1a: Dondozo|Sleep Talk|p1a: Dondozo
|move|p1a: Dondozo|Avalanche|p2a: Dragonite|[from] move: Sleep Talk
|-damage|p2a: Dragonite|9/100
|
|upkeep
|turn|71
|
|t:|1743806248
|move|p2a: Dragonite|Extreme Speed|p1a: Dondozo
|-damage|p1a: Dondozo|68/100 slp
|-curestatus|p1a: Dondozo|slp|[msg]
|move|p1a: Dondozo|Body Press|p2a: Dragonite
|-supereffective|p2a: Dragonite
|-damage|p2a: Dragonite|0 fnt
|faint|p2a: Dragonite
|
|win|aaron200589
|raw|aaron200589's rating: 1181 &rarr; <strong>1203</strong><br />(+22 for winning)
|raw|pikaacharr's rating: 1136 &rarr; <strong>1114</strong><br />(-22 for losing)
|c|☆pikaacharr|gg bro
|c|☆pikaacharr|holy crap
|l|☆aaron200589
|player|p1|
