|j|☆Siwis2
|j|☆54 Insane Rats
|t:|1743913343
|gametype|singles
|player|p1|Siwis2|doubleteam|1683
|player|p2|54 Insane Rats|supernerd|1679
|teamsize|p1|6
|teamsize|p2|6
|gen|9
|tier|[Gen 9] OU
|rated|
|rule|HP Percentage Mod: HP is shown in percentages
|rule|Endless Battle Clause: Forcing endless battles is banned
|rule|Species Clause: Limit one of each Pokémon
|rule|OHKO Clause: OHKO moves are banned
|rule|Evasion Items Clause: Evasion items are banned
|rule|Evasion Moves Clause: Evasion moves are banned
|rule|Sleep Moves Clause: Sleep-inducing moves are banned
|clearpoke
|poke|p1|Ting-Lu|
|poke|p1|Pecharunt|
|poke|p1|Iron Valiant|
|poke|p1|Garganacl, F|
|poke|p1|Lokix, M|
|poke|p1|Corviknight, M|
|poke|p2|Pelipper, M|
|poke|p2|Inteleon, M|
|poke|p2|Ogerpon-Wellspring, F|
|poke|p2|Barraskewda, M|
|poke|p2|Iron Treads|
|poke|p2|Pecharunt|
|teampreview
|inactive|Battle timer is ON: inactive players will automatically lose when time's up. (requested by Siwis2)
|inactive|54 Insane Rats also wants the timer to be on.
|j| rroge
|inactive|Siwis2 has 120 seconds left.
|
|t:|1743913382
|start
|switch|p1a: Garganacl|Garganacl, F|100/100
|switch|p2a: Pelipper|Pelipper, M|100/100
|-weather|RainDance|[from] ability: Drizzle|[of] p2a: Pelipper
|turn|1
|
|t:|1743913388
|-terastallize|p1a: Garganacl|Water
|move|p2a: Pelipper|Weather Ball|p1a: Garganacl
|-resisted|p1a: Garganacl
|-damage|p1a: Garganacl|85/100
|move|p1a: Garganacl|Salt Cure|p2a: Pelipper
|-supereffective|p2a: Pelipper
|-damage|p2a: Pelipper|78/100
|-start|p2a: Pelipper|Salt Cure
|
|-weather|RainDance|[upkeep]
|-damage|p2a: Pelipper|53/100|[from] Salt Cure
|upkeep
|turn|2
|
|t:|1743913393
|move|p2a: Pelipper|U-turn|p1a: Garganacl
|-damage|p1a: Garganacl|78/100
|
|t:|1743913397
|switch|p2a: Ogerpon|Ogerpon-Wellspring, F|100/100|[from] U-turn
|move|p1a: Garganacl|Stealth Rock|p2a: Ogerpon
|-sidestart|p2: 54 Insane Rats|move: Stealth Rock
|
|-weather|RainDance|[upkeep]
|upkeep
|turn|3
|j| qqwwpp123
|
|t:|1743913405
|switch|p1a: Pecharunt|Pecharunt|100/100
|move|p2a: Ogerpon|U-turn|p1a: Pecharunt
|-resisted|p1a: Pecharunt
|-damage|p1a: Pecharunt|96/100
|
|t:|1743913408
|switch|p2a: Inteleon|Inteleon, M|100/100|[from] U-turn
|-damage|p2a: Inteleon|88/100|[from] Stealth Rock
|
|-weather|RainDance|[upkeep]
|upkeep
|turn|4
|
|t:|1743913416
|move|p2a: Inteleon|Snipe Shot|p1a: Pecharunt
|-crit|p1a: Pecharunt
|-damage|p1a: Pecharunt|0 fnt
|faint|p1a: Pecharunt
|
|-weather|RainDance|[upkeep]
|upkeep
|l| rroge
|
|t:|1743913429
|switch|p1a: Garganacl|Garganacl, F, tera:Water|78/100
|turn|5
|
|t:|1743913431
|move|p2a: Inteleon|U-turn|p1a: Garganacl
|-damage|p1a: Garganacl|69/100
|
|t:|1743913437
|switch|p2a: Iron Treads|Iron Treads|100/100|[from] U-turn
|-damage|p2a: Iron Treads|97/100|[from] Stealth Rock
|move|p1a: Garganacl|Salt Cure|p2a: Iron Treads
|-resisted|p2a: Iron Treads
|-damage|p2a: Iron Treads|94/100
|-start|p2a: Iron Treads|Salt Cure
|
|-weather|RainDance|[upkeep]
|-heal|p2a: Iron Treads|100/100|[from] item: Leftovers
|-damage|p2a: Iron Treads|76/100|[from] Salt Cure
|upkeep
|turn|6
|
|t:|1743913440
|move|p2a: Iron Treads|Rapid Spin|p1a: Garganacl
|-damage|p1a: Garganacl|59/100
|-boost|p2a: Iron Treads|spe|1
|-sideend|p2: 54 Insane Rats|Stealth Rock|[from] move: Rapid Spin|[of] p2a: Iron Treads
|move|p1a: Garganacl|Recover|p1a: Garganacl
|-heal|p1a: Garganacl|100/100
|
|-weather|RainDance|[upkeep]
|-heal|p2a: Iron Treads|82/100|[from] item: Leftovers
|-damage|p2a: Iron Treads|57/100|[from] Salt Cure
|upkeep
|turn|7
|j| bybvdn
|
|t:|1743913443
|move|p2a: Iron Treads|Volt Switch|p1a: Garganacl
|-supereffective|p1a: Garganacl
|-damage|p1a: Garganacl|85/100
|j| Cold07
|
|t:|1743913445
|-end|p2a: Iron Treads|Quark Drive|[silent]
|switch|p2a: Ogerpon|Ogerpon-Wellspring, F|100/100|[from] Volt Switch
|move|p1a: Garganacl|Salt Cure|p2a: Ogerpon
|-damage|p2a: Ogerpon|83/100
|-start|p2a: Ogerpon|Salt Cure
|
|-weather|RainDance|[upkeep]
|-damage|p2a: Ogerpon|58/100|[from] Salt Cure
|upkeep
|turn|8
|
|t:|1743913452
|move|p2a: Ogerpon|Horn Leech|p1a: Garganacl
|-supereffective|p1a: Garganacl
|-damage|p1a: Garganacl|23/100
|-heal|p2a: Ogerpon|99/100|[from] drain|[of] p1a: Garganacl
|move|p1a: Garganacl|Recover|p1a: Garganacl
|-heal|p1a: Garganacl|73/100
|
|-weather|none
|-damage|p2a: Ogerpon|75/100|[from] Salt Cure
|upkeep
|turn|9
|
|t:|1743913458
|move|p2a: Ogerpon|U-turn|p1a: Garganacl
|-damage|p1a: Garganacl|53/100
|
|t:|1743913460
|switch|p2a: Pelipper|Pelipper, M|53/100|[from] U-turn
|-weather|RainDance|[from] ability: Drizzle|[of] p2a: Pelipper
|move|p1a: Garganacl|Recover|p1a: Garganacl
|-heal|p1a: Garganacl|100/100
|
|-weather|RainDance|[upkeep]
|upkeep
|turn|10
|
|t:|1743913463
|move|p2a: Pelipper|Hurricane|p1a: Garganacl
|-damage|p1a: Garganacl|78/100
|move|p1a: Garganacl|Salt Cure|p2a: Pelipper
|-supereffective|p2a: Pelipper
|-crit|p2a: Pelipper
|-damage|p2a: Pelipper|18/100
|-start|p2a: Pelipper|Salt Cure
|
|-weather|RainDance|[upkeep]
|-damage|p2a: Pelipper|0 fnt|[from] Salt Cure
|faint|p2a: Pelipper
|upkeep
|
|t:|1743913466
|switch|p2a: Ogerpon|Ogerpon-Wellspring, F|75/100
|turn|11
|
|t:|1743913469
|switch|p1a: Corviknight|Corviknight, M|100/100
|move|p2a: Ogerpon|Horn Leech|p1a: Corviknight
|-resisted|p1a: Corviknight
|-damage|p1a: Corviknight|94/100
|-heal|p2a: Ogerpon|79/100|[from] drain|[of] p1a: Corviknight
|-damage|p2a: Ogerpon|62/100|[from] item: Rocky Helmet|[of] p1a: Corviknight
|
|-weather|RainDance|[upkeep]
|upkeep
|turn|12
|
|t:|1743913477
|-terastallize|p2a: Ogerpon|Water
|detailschange|p2a: Ogerpon|Ogerpon-Wellspring-Tera, F, tera:Water
|-ability|p2a: Ogerpon|Embody Aspect (Wellspring)|boost
|-boost|p2a: Ogerpon|spd|1
|move|p2a: Ogerpon|Ivy Cudgel|p1a: Corviknight|[anim] Ivy Cudgel Water
|-damage|p1a: Corviknight|15/100
|move|p1a: Corviknight|Brave Bird|p2a: Ogerpon
|-damage|p2a: Ogerpon|10/100
|-damage|p1a: Corviknight|3/100|[from] Recoil
|
|-weather|RainDance|[upkeep]
|upkeep
|turn|13
|j| hodiondo
|
|t:|1743913484
|move|p2a: Ogerpon|Ivy Cudgel|p1a: Corviknight|[anim] Ivy Cudgel Water
|-damage|p1a: Corviknight|0 fnt
|faint|p1a: Corviknight
|
|-weather|RainDance|[upkeep]
|upkeep
|
|t:|1743913491
|switch|p1a: Iron Valiant|Iron Valiant|100/100
|turn|14
|
|t:|1743913497
|switch|p2a: Iron Treads|Iron Treads|57/100
|move|p1a: Iron Valiant|Moonblast|p2a: Iron Treads
|-resisted|p2a: Iron Treads
|-damage|p2a: Iron Treads|25/100
|-unboost|p2a: Iron Treads|spa|1
|
|-weather|RainDance|[upkeep]
|-heal|p2a: Iron Treads|32/100|[from] item: Leftovers
|upkeep
|turn|15
|
|t:|1743913501
|move|p1a: Iron Valiant|Close Combat|p2a: Iron Treads
|-supereffective|p2a: Iron Treads
|-damage|p2a: Iron Treads|0 fnt
|-unboost|p1a: Iron Valiant|def|1
|-unboost|p1a: Iron Valiant|spd|1
|faint|p2a: Iron Treads
|-end|p2a: Iron Treads|Quark Drive|[silent]
|
|-weather|RainDance|[upkeep]
|upkeep
|
|t:|1743913505
|switch|p2a: Inteleon|Inteleon, M|88/100
|turn|16
|
|t:|1743913522
|move|p2a: Inteleon|Snipe Shot|p1a: Iron Valiant
|-crit|p1a: Iron Valiant
|-damage|p1a: Iron Valiant|0 fnt
|faint|p1a: Iron Valiant
|-end|p1a: Iron Valiant|Quark Drive|[silent]
|
|-weather|none
|upkeep
|
|t:|1743913528
|switch|p1a: Garganacl|Garganacl, F, tera:Water|78/100
|turn|17
|l| bybvdn
|
|t:|1743913546
|move|p2a: Inteleon|U-turn|p1a: Garganacl
|-crit|p1a: Garganacl
|-damage|p1a: Garganacl|60/100
|
|t:|1743913546
|switch|p2a: Pecharunt|Pecharunt|100/100|[from] U-turn
|move|p1a: Garganacl|Salt Cure|p2a: Pecharunt
|-damage|p2a: Pecharunt|93/100
|-start|p2a: Pecharunt|Salt Cure
|
|-damage|p2a: Pecharunt|81/100|[from] Salt Cure
|upkeep
|turn|18
|
|t:|1743913558
|switch|p1a: Ting-Lu|Ting-Lu|100/100
|-ability|p1a: Ting-Lu|Vessel of Ruin
|move|p2a: Pecharunt|Parting Shot|p1a: Ting-Lu
|-unboost|p1a: Ting-Lu|atk|1
|-unboost|p1a: Ting-Lu|spa|1
|
|t:|1743913560
|switch|p2a: Ogerpon|Ogerpon-Wellspring-Tera, F, tera:Water|10/100|[from] Parting Shot
|-ability|p2a: Ogerpon|Embody Aspect (Wellspring)|boost
|-boost|p2a: Ogerpon|spd|1
|
|upkeep
|turn|19
|
|t:|1743913564
|move|p2a: Ogerpon|Horn Leech|p1a: Ting-Lu
|-supereffective|p1a: Ting-Lu
|-damage|p1a: Ting-Lu|55/100
|-heal|p2a: Ogerpon|50/100|[from] drain|[of] p1a: Ting-Lu
|move|p1a: Ting-Lu|Earthquake|p2a: Ogerpon
|-damage|p2a: Ogerpon|19/100
|
|-heal|p1a: Ting-Lu|61/100|[from] item: Leftovers
|upkeep
|turn|20
|
|t:|1743913572
|move|p2a: Ogerpon|Ivy Cudgel|p1a: Ting-Lu|[anim] Ivy Cudgel Water
|-supereffective|p1a: Ting-Lu
|-crit|p1a: Ting-Lu
|-damage|p1a: Ting-Lu|0 fnt
|faint|p1a: Ting-Lu
|
|upkeep
|
|t:|1743913580
|switch|p1a: Lokix|Lokix, M|100/100
|turn|21
|
|t:|1743913584
|switch|p2a: Pecharunt|Pecharunt|81/100
|move|p1a: Lokix|First Impression|p2a: Pecharunt
|-resisted|p2a: Pecharunt
|-damage|p2a: Pecharunt|71/100
|
|upkeep
|turn|22
|
|t:|1743913589
|move|p1a: Lokix|U-turn|p2a: Pecharunt
|-resisted|p2a: Pecharunt
|-damage|p2a: Pecharunt|63/100
|
|t:|1743913591
|switch|p1a: Garganacl|Garganacl, F, tera:Water|60/100|[from] U-turn
|move|p2a: Pecharunt|Parting Shot|p1a: Garganacl
|-unboost|p1a: Garganacl|atk|1
|-unboost|p1a: Garganacl|spa|1
|
|t:|1743913593
|switch|p2a: Ogerpon|Ogerpon-Wellspring-Tera, F, tera:Water|19/100|[from] Parting Shot
|-ability|p2a: Ogerpon|Embody Aspect (Wellspring)|boost
|-boost|p2a: Ogerpon|spd|1
|
|upkeep
|turn|23
|
|t:|1743913595
|move|p2a: Ogerpon|U-turn|p1a: Garganacl
|-damage|p1a: Garganacl|42/100
|
|t:|1743913598
|switch|p2a: Barraskewda|Barraskewda, M|100/100|[from] U-turn
|move|p1a: Garganacl|Salt Cure|p2a: Barraskewda
|-damage|p2a: Barraskewda|83/100
|-start|p2a: Barraskewda|Salt Cure
|
|-damage|p2a: Barraskewda|58/100|[from] Salt Cure
|upkeep
|turn|24
|
|t:|1743913600
|move|p2a: Barraskewda|Flip Turn|p1a: Garganacl
|-resisted|p1a: Garganacl
|-damage|p1a: Garganacl|28/100
|
|t:|1743913602
|switch|p2a: Ogerpon|Ogerpon-Wellspring-Tera, F, tera:Water|19/100|[from] Flip Turn
|-ability|p2a: Ogerpon|Embody Aspect (Wellspring)|boost
|-boost|p2a: Ogerpon|spd|1
|move|p1a: Garganacl|Recover|p1a: Garganacl
|-heal|p1a: Garganacl|78/100
|
|upkeep
|turn|25
|l| qqwwpp123
|
|t:|1743913607
|move|p2a: Ogerpon|Horn Leech|p1a: Garganacl
|-supereffective|p1a: Garganacl
|-damage|p1a: Garganacl|18/100
|-heal|p2a: Ogerpon|60/100|[from] drain|[of] p1a: Garganacl
|move|p1a: Garganacl|Salt Cure|p2a: Ogerpon
|-damage|p2a: Ogerpon|47/100
|-start|p2a: Ogerpon|Salt Cure
|
|-damage|p2a: Ogerpon|22/100|[from] Salt Cure
|upkeep
|turn|26
|
|t:|1743913612
|move|p2a: Ogerpon|Ivy Cudgel|p1a: Garganacl|[anim] Ivy Cudgel Water
|-resisted|p1a: Garganacl
|-damage|p1a: Garganacl|0 fnt
|faint|p1a: Garganacl
|
|-damage|p2a: Ogerpon|0 fnt|[from] Salt Cure
|faint|p2a: Ogerpon
|upkeep
|
|t:|1743913616
|switch|p2a: Pecharunt|Pecharunt|63/100
|switch|p1a: Lokix|Lokix, M|100/100
|turn|27
|
|t:|1743913619
|move|p1a: Lokix|Knock Off|p2a: Pecharunt
|-supereffective|p2a: Pecharunt
|-damage|p2a: Pecharunt|17/100
|-enditem|p2a: Pecharunt|Heavy-Duty Boots|[from] move: Knock Off|[of] p1a: Lokix
|move|p2a: Pecharunt|Recover|p2a: Pecharunt
|-heal|p2a: Pecharunt|67/100
|
|upkeep
|turn|28
|
|t:|1743913622
|move|p1a: Lokix|Knock Off|p2a: Pecharunt
|-supereffective|p2a: Pecharunt
|-damage|p2a: Pecharunt|39/100
|move|p2a: Pecharunt|Recover|p2a: Pecharunt
|-heal|p2a: Pecharunt|89/100
|
|upkeep
|turn|29
|-message|Siwis2 forfeited.
|
|win|54 Insane Rats
|raw|Siwis2's rating: 1683 &rarr; <strong>1663</strong><br />(-20 for losing)
|raw|54 Insane Rats's rating: 1679 &rarr; <strong>1699</strong><br />(+20 for winning)
|l|☆Siwis2
|player|p1|
