|j|☆monarkx
|j|☆1WunnaGunna
|t:|1743827948
|gametype|singles
|player|p1|monarkx|pokemonranger-gen4|1090
|player|p2|1WunnaGunna|unknown|1131
|teamsize|p1|6
|teamsize|p2|6
|gen|9
|tier|[Gen 9] OU
|rated|
|rule|HP Percentage Mod: HP is shown in percentages
|rule|Endless Battle Clause: Forcing endless battles is banned
|rule|Species Clause: Limit one of each Pokémon
|rule|OHKO Clause: OHKO moves are banned
|rule|Evasion Items Clause: Evasion items are banned
|rule|Evasion Moves Clause: Evasion moves are banned
|rule|Sleep Moves Clause: Sleep-inducing moves are banned
|clearpoke
|poke|p1|Goodra, F|
|poke|p1|Corviknight, M|
|poke|p1|Sylveon, F|
|poke|p1|Mienshao, F|
|poke|p1|Gengar, M|
|poke|p1|Zoroark, F|
|poke|p2|Decidueye-Hisui, M|
|poke|p2|Heatran, M|
|poke|p2|Ceruledge, M|
|poke|p2|Hydreigon, M|
|poke|p2|Noivern, F|
|poke|p2|Iron Moth|
|teampreview
|inactive|Battle timer is ON: inactive players will automatically lose when time's up. (requested by 1WunnaGunna)
|
|t:|1743827967
|start
|switch|p1a: Mienshao|Mienshao, F, shiny|100/100
|switch|p2a: Vulcan|Heatran, M|100/100
|turn|1
|
|t:|1743827982
|move|p1a: Mienshao|Fake Out|p2a: Vulcan
|-resisted|p2a: Vulcan
|-damage|p2a: Vulcan|96/100
|cant|p2a: Vulcan|flinch
|
|-heal|p2a: Vulcan|100/100|[from] item: Leftovers
|upkeep
|turn|2
|
|t:|1743827991
|switch|p2a: Benimaru|Ceruledge, M, shiny|100/100
|move|p1a: Mienshao|Knock Off|p2a: Benimaru
|-supereffective|p2a: Benimaru
|-crit|p2a: Benimaru
|-enditem|p2a: Benimaru|Focus Sash
|-damage|p2a: Benimaru|1/100
|-ability|p2a: Benimaru|Weak Armor|boost
|-unboost|p2a: Benimaru|def|1
|-boost|p2a: Benimaru|spe|2
|
|upkeep
|turn|3
|
|t:|1743828002
|move|p2a: Benimaru|Bitter Blade|p1a: Mienshao
|-damage|p1a: Mienshao|19/100
|-heal|p2a: Benimaru|39/100|[from] drain|[of] p1a: Mienshao
|move|p1a: Mienshao|U-turn|p2a: Benimaru
|-resisted|p2a: Benimaru
|-damage|p2a: Benimaru|26/100
|-ability|p2a: Benimaru|Weak Armor|boost
|-unboost|p2a: Benimaru|def|1
|-boost|p2a: Benimaru|spe|2
|
|t:|1743828018
|switch|p1a: Corviknight|Corviknight, M|100/100|[from] U-turn
|
|upkeep
|turn|4
|
|t:|1743828025
|move|p2a: Benimaru|Bitter Blade|p1a: Corviknight
|-damage|p1a: Corviknight|16/100
|-heal|p2a: Benimaru|63/100|[from] drain|[of] p1a: Corviknight
|replace|p1a: Zoroark|Zoroark, F
|-end|p1a: Zoroark|Illusion
|move|p1a: Zoroark|Dark Pulse|p2a: Benimaru
|-supereffective|p2a: Benimaru
|-damage|p2a: Benimaru|0 fnt
|faint|p2a: Benimaru
|
|upkeep
|
|t:|1743828047
|switch|p2a: Veldanava|Hydreigon, M|100/100
|turn|5
|
|t:|1743828051
|switch|p1a: Sylveon|Sylveon, F|100/100
|move|p2a: Veldanava|Dragon Dance|p2a: Veldanava
|-boost|p2a: Veldanava|atk|1
|-boost|p2a: Veldanava|spe|1
|
|upkeep
|turn|6
|inactive|1WunnaGunna has 120 seconds left.
|
|t:|1743828082
|-terastallize|p2a: Veldanava|Steel
|move|p2a: Veldanava|Dragon Dance|p2a: Veldanava
|-boost|p2a: Veldanava|atk|1
|-boost|p2a: Veldanava|spe|1
|move|p1a: Sylveon|Calm Mind|p1a: Sylveon
|-boost|p1a: Sylveon|spa|1
|-boost|p1a: Sylveon|spd|1
|
|upkeep
|turn|7
|
|t:|1743828092
|move|p2a: Veldanava|Earthquake|p1a: Sylveon
|-damage|p1a: Sylveon|49/100
|move|p1a: Sylveon|Wish|p1a: Sylveon
|
|-heal|p1a: Sylveon|55/100|[from] item: Leftovers
|upkeep
|turn|8
|
|t:|1743828101
|move|p2a: Veldanava|Dragon Dance|p2a: Veldanava
|-boost|p2a: Veldanava|atk|1
|-boost|p2a: Veldanava|spe|1
|move|p1a: Sylveon|Psyshock|p2a: Veldanava
|-resisted|p2a: Veldanava
|-damage|p2a: Veldanava|85/100
|
|-heal|p1a: Sylveon|100/100|[from] move: Wish|[wisher] Sylveon
|upkeep
|turn|9
|
|t:|1743828111
|switch|p1a: Corviknight|Corviknight, M|100/100
|move|p2a: Veldanava|Dragon Dance|p2a: Veldanava
|-boost|p2a: Veldanava|atk|1
|-boost|p2a: Veldanava|spe|1
|
|upkeep
|turn|10
|
|t:|1743828120
|move|p2a: Veldanava|Crunch|p1a: Corviknight
|-damage|p1a: Corviknight|19/100
|-damage|p2a: Veldanava|68/100|[from] item: Rocky Helmet|[of] p1a: Corviknight
|move|p1a: Corviknight|Iron Head|p2a: Veldanava
|-resisted|p2a: Veldanava
|-damage|p2a: Veldanava|50/100
|
|upkeep
|turn|11
|
|t:|1743828134
|move|p2a: Veldanava|Crunch|p1a: Corviknight
|-damage|p1a: Corviknight|0 fnt
|-damage|p2a: Veldanava|33/100|[from] item: Rocky Helmet|[of] p1a: Corviknight
|faint|p1a: Corviknight
|
|upkeep
|
|t:|1743828140
|switch|p1a: Mienshao|Mienshao, F, shiny|52/100
|turn|12
|
|t:|1743828150
|move|p1a: Mienshao|Fake Out|p2a: Veldanava
|-resisted|p2a: Veldanava
|-damage|p2a: Veldanava|25/100
|cant|p2a: Veldanava|flinch
|
|upkeep
|turn|13
|
|t:|1743828156
|switch|p1a: Gengar|Gengar, M|100/100
|move|p2a: Veldanava|Earthquake|p1a: Gengar
|-supereffective|p1a: Gengar
|-damage|p1a: Gengar|0 fnt
|faint|p1a: Gengar
|
|upkeep
|
|t:|1743828164
|switch|p1a: Mienshao|Mienshao, F, shiny|85/100
|turn|14
|
|t:|1743828169
|move|p1a: Mienshao|Fake Out|p2a: Veldanava
|-resisted|p2a: Veldanava
|-damage|p2a: Veldanava|17/100
|cant|p2a: Veldanava|flinch
|
|upkeep
|turn|15
|
|t:|1743828175
|switch|p1a: Sylveon|Sylveon, F|16/100
|move|p2a: Veldanava|Earthquake|p1a: Sylveon
|-damage|p1a: Sylveon|0 fnt
|replace|p1a: Zoroark|Zoroark, F
|-end|p1a: Zoroark|Illusion
|faint|p1a: Zoroark
|
|upkeep
|
|t:|1743828182
|switch|p1a: Mienshao|Mienshao, F, shiny|100/100
|turn|16
|
|t:|1743828185
|move|p1a: Mienshao|Fake Out|p2a: Veldanava
|-resisted|p2a: Veldanava
|-damage|p2a: Veldanava|10/100
|cant|p2a: Veldanava|flinch
|
|upkeep
|turn|17
|
|t:|1743828190
|move|p2a: Veldanava|Earthquake|p1a: Mienshao
|-crit|p1a: Mienshao
|-enditem|p1a: Mienshao|Focus Sash
|-damage|p1a: Mienshao|1/100
|move|p1a: Mienshao|U-turn|p2a: Veldanava
|-resisted|p2a: Veldanava
|-damage|p2a: Veldanava|0 fnt
|faint|p2a: Veldanava
|
|t:|1743828198
|switch|p1a: Sylveon|Sylveon, F|100/100|[from] U-turn
|
|upkeep
|
|t:|1743828211
|switch|p2a: Bugz|Iron Moth|100/100
|-enditem|p2a: Bugz|Booster Energy
|-activate|p2a: Bugz|ability: Quark Drive|[fromitem]
|-start|p2a: Bugz|quarkdrivespe
|turn|18
|
|t:|1743828217
|move|p2a: Bugz|Sludge Wave|p1a: Sylveon
|-supereffective|p1a: Sylveon
|-damage|p1a: Sylveon|39/100
|move|p1a: Sylveon|Calm Mind|p1a: Sylveon
|-boost|p1a: Sylveon|spa|1
|-boost|p1a: Sylveon|spd|1
|
|-heal|p1a: Sylveon|45/100|[from] item: Leftovers
|upkeep
|turn|19
|
|t:|1743828226
|-terastallize|p1a: Sylveon|Psychic
|move|p2a: Bugz|Sludge Wave|p1a: Sylveon
|-damage|p1a: Sylveon|24/100
|move|p1a: Sylveon|Calm Mind|p1a: Sylveon
|-boost|p1a: Sylveon|spa|1
|-boost|p1a: Sylveon|spd|1
|
|-heal|p1a: Sylveon|30/100|[from] item: Leftovers
|upkeep
|turn|20
|
|t:|1743828234
|move|p2a: Bugz|Fiery Dance|p1a: Sylveon
|-damage|p1a: Sylveon|16/100
|move|p1a: Sylveon|Wish|p1a: Sylveon
|
|-heal|p1a: Sylveon|23/100|[from] item: Leftovers
|upkeep
|turn|21
|
|t:|1743828240
|move|p2a: Bugz|Fiery Dance|p1a: Sylveon
|-damage|p1a: Sylveon|7/100
|-boost|p2a: Bugz|spa|1
|move|p1a: Sylveon|Calm Mind|p1a: Sylveon
|-boost|p1a: Sylveon|spa|1
|-boost|p1a: Sylveon|spd|1
|
|-heal|p1a: Sylveon|57/100|[from] move: Wish|[wisher] Sylveon
|-heal|p1a: Sylveon|63/100|[from] item: Leftovers
|upkeep
|turn|22
|
|t:|1743828253
|move|p2a: Bugz|Fiery Dance|p1a: Sylveon
|-damage|p1a: Sylveon|46/100
|-boost|p2a: Bugz|spa|1
|move|p1a: Sylveon|Calm Mind|p1a: Sylveon
|-boost|p1a: Sylveon|spa|1
|-boost|p1a: Sylveon|spd|1
|
|-heal|p1a: Sylveon|53/100|[from] item: Leftovers
|upkeep
|turn|23
|
|t:|1743828261
|move|p2a: Bugz|Fiery Dance|p1a: Sylveon
|-damage|p1a: Sylveon|33/100
|-boost|p2a: Bugz|spa|1
|move|p1a: Sylveon|Wish|p1a: Sylveon
|
|-heal|p1a: Sylveon|39/100|[from] item: Leftovers
|upkeep
|turn|24
|
|t:|1743828268
|move|p2a: Bugz|Fiery Dance|p1a: Sylveon
|-damage|p1a: Sylveon|15/100
|-boost|p2a: Bugz|spa|1
|move|p1a: Sylveon|Draining Kiss|p2a: Bugz
|-resisted|p2a: Bugz
|-crit|p2a: Bugz
|-damage|p2a: Bugz|79/100
|-heal|p1a: Sylveon|28/100|[from] drain|[of] p2a: Bugz
|
|-heal|p1a: Sylveon|78/100|[from] move: Wish|[wisher] Sylveon
|-heal|p1a: Sylveon|84/100|[from] item: Leftovers
|upkeep
|turn|25
|
|t:|1743828280
|move|p2a: Bugz|Sludge Wave|p1a: Sylveon
|-damage|p1a: Sylveon|50/100
|move|p1a: Sylveon|Psyshock|p2a: Bugz
|-supereffective|p2a: Bugz
|-damage|p2a: Bugz|0 fnt
|faint|p2a: Bugz
|-end|p2a: Bugz|Quark Drive|[silent]
|
|-heal|p1a: Sylveon|56/100|[from] item: Leftovers
|upkeep
|
|t:|1743828288
|switch|p2a: Vulcan|Heatran, M|100/100
|turn|26
|
|t:|1743828298
|move|p2a: Vulcan|Magma Storm|p1a: Sylveon
|-damage|p1a: Sylveon|45/100
|-activate|p1a: Sylveon|move: Magma Storm|[of] p2a: Vulcan
|move|p1a: Sylveon|Wish|p1a: Sylveon
|
|-heal|p1a: Sylveon|52/100|[from] item: Leftovers
|-damage|p1a: Sylveon|39/100|[from] move: Magma Storm|[partiallytrapped]
|upkeep
|turn|27
|
|t:|1743828307
|move|p2a: Vulcan|Stealth Rock|p1a: Sylveon
|-sidestart|p1: monarkx|move: Stealth Rock
|move|p1a: Sylveon|Psyshock|p2a: Vulcan
|-resisted|p2a: Vulcan
|-damage|p2a: Vulcan|70/100
|
|-heal|p1a: Sylveon|89/100|[from] move: Wish|[wisher] Sylveon
|-heal|p2a: Vulcan|76/100|[from] item: Leftovers
|-heal|p1a: Sylveon|95/100|[from] item: Leftovers
|-damage|p1a: Sylveon|83/100|[from] move: Magma Storm|[partiallytrapped]
|upkeep
|turn|28
|
|t:|1743828318
|move|p2a: Vulcan|Protect|p2a: Vulcan
|-singleturn|p2a: Vulcan|Protect
|move|p1a: Sylveon|Calm Mind|p1a: Sylveon
|-boost|p1a: Sylveon|spa|1
|-boost|p1a: Sylveon|spd|1
|
|-heal|p2a: Vulcan|82/100|[from] item: Leftovers
|-heal|p1a: Sylveon|89/100|[from] item: Leftovers
|-damage|p1a: Sylveon|76/100|[from] move: Magma Storm|[partiallytrapped]
|upkeep
|turn|29
|
|t:|1743828327
|move|p2a: Vulcan|Protect||[still]
|-fail|p2a: Vulcan
|move|p1a: Sylveon|Calm Mind|p1a: Sylveon
|-boost|p1a: Sylveon|spa|1
|-boost|p1a: Sylveon|spd|1
|
|-heal|p2a: Vulcan|88/100|[from] item: Leftovers
|-heal|p1a: Sylveon|82/100|[from] item: Leftovers
|-damage|p1a: Sylveon|70/100|[from] move: Magma Storm|[partiallytrapped]
|upkeep
|turn|30
|
|t:|1743828339
|move|p2a: Vulcan|Protect|p2a: Vulcan
|-singleturn|p2a: Vulcan|Protect
|move|p1a: Sylveon|Psyshock|p2a: Vulcan
|-activate|p2a: Vulcan|move: Protect
|
|-heal|p2a: Vulcan|95/100|[from] item: Leftovers
|-heal|p1a: Sylveon|76/100|[from] item: Leftovers
|-damage|p1a: Sylveon|64/100|[from] move: Magma Storm|[partiallytrapped]
|upkeep
|turn|31
|
|t:|1743828347
|move|p2a: Vulcan|Earth Power|p1a: Sylveon
|-damage|p1a: Sylveon|59/100
|move|p1a: Sylveon|Wish|p1a: Sylveon
|
|-heal|p2a: Vulcan|100/100|[from] item: Leftovers
|-heal|p1a: Sylveon|65/100|[from] item: Leftovers
|-end|p1a: Sylveon|Magma Storm|[partiallytrapped]
|upkeep
|turn|32
|
|t:|1743828354
|move|p2a: Vulcan|Magma Storm|p1a: Sylveon
|-damage|p1a: Sylveon|57/100
|-activate|p1a: Sylveon|move: Magma Storm|[of] p2a: Vulcan
|move|p1a: Sylveon|Psyshock|p2a: Vulcan
|-resisted|p2a: Vulcan
|-damage|p2a: Vulcan|56/100
|
|-heal|p1a: Sylveon|100/100|[from] move: Wish|[wisher] Sylveon
|-heal|p2a: Vulcan|62/100|[from] item: Leftovers
|-damage|p1a: Sylveon|88/100|[from] move: Magma Storm|[partiallytrapped]
|upkeep
|turn|33
|
|t:|1743828365
|move|p2a: Vulcan|Protect|p2a: Vulcan
|-singleturn|p2a: Vulcan|Protect
|move|p1a: Sylveon|Wish|p1a: Sylveon
|
|-heal|p2a: Vulcan|69/100|[from] item: Leftovers
|-heal|p1a: Sylveon|94/100|[from] item: Leftovers
|-damage|p1a: Sylveon|82/100|[from] move: Magma Storm|[partiallytrapped]
|upkeep
|turn|34
|
|t:|1743828374
|move|p2a: Vulcan|Earth Power|p1a: Sylveon
|-damage|p1a: Sylveon|77/100
|move|p1a: Sylveon|Psyshock|p2a: Vulcan
|-resisted|p2a: Vulcan
|-damage|p2a: Vulcan|29/100
|
|-heal|p1a: Sylveon|100/100|[from] move: Wish|[wisher] Sylveon
|-heal|p2a: Vulcan|35/100|[from] item: Leftovers
|-damage|p1a: Sylveon|88/100|[from] move: Magma Storm|[partiallytrapped]
|upkeep
|turn|35
|
|t:|1743828384
|move|p2a: Vulcan|Protect|p2a: Vulcan
|-singleturn|p2a: Vulcan|Protect
|move|p1a: Sylveon|Psyshock|p2a: Vulcan
|-activate|p2a: Vulcan|move: Protect
|
|-heal|p2a: Vulcan|41/100|[from] item: Leftovers
|-heal|p1a: Sylveon|94/100|[from] item: Leftovers
|-damage|p1a: Sylveon|82/100|[from] move: Magma Storm|[partiallytrapped]
|upkeep
|turn|36
|
|t:|1743828394
|move|p2a: Vulcan|Earth Power|p1a: Sylveon
|-crit|p1a: Sylveon
|-damage|p1a: Sylveon|57/100
|move|p1a: Sylveon|Psyshock|p2a: Vulcan
|-resisted|p2a: Vulcan
|-crit|p2a: Vulcan
|-damage|p2a: Vulcan|0 fnt
|faint|p2a: Vulcan
|
|-heal|p1a: Sylveon|63/100|[from] item: Leftovers
|-end|p1a: Sylveon|Magma Storm|[partiallytrapped]
|upkeep
|inactive|1WunnaGunna has 120 seconds left.
|
|t:|1743828431
|switch|p2a: JEFFERY|Decidueye-Hisui, M, shiny|100/100
|turn|37
|
|t:|1743828436
|move|p2a: JEFFERY|Sucker Punch|p1a: Sylveon
|-supereffective|p1a: Sylveon
|-damage|p1a: Sylveon|22/100
|-start|p2a: JEFFERY|Attract|[from] ability: Cute Charm|[of] p1a: Sylveon
|move|p1a: Sylveon|Draining Kiss|p2a: JEFFERY
|-supereffective|p2a: JEFFERY
|-damage|p2a: JEFFERY|15/100
|-heal|p1a: Sylveon|84/100|[from] drain|[of] p2a: JEFFERY
|
|-heal|p1a: Sylveon|90/100|[from] item: Leftovers
|upkeep
|turn|38
|inactive|1WunnaGunna has 120 seconds left.
|
|t:|1743828455
|-activate|p2a: JEFFERY|move: Attract|[of] p1a: Sylveon
|move|p2a: JEFFERY|U-turn|p1a: Sylveon
|-supereffective|p1a: Sylveon
|-damage|p1a: Sylveon|53/100
|
|t:|1743828458
|switch|p2a: Velgrynd|Noivern, F, shiny|100/100|[from] U-turn
|-item|p1a: Sylveon|Leftovers|[from] ability: Frisk|[of] p2a: Velgrynd
|move|p1a: Sylveon|Psyshock|p2a: Velgrynd
|-damage|p2a: Velgrynd|0 fnt
|faint|p2a: Velgrynd
|
|-heal|p1a: Sylveon|59/100|[from] item: Leftovers
|upkeep
|
|t:|1743828459
|switch|p2a: JEFFERY|Decidueye-Hisui, M, shiny|15/100
|turn|39
|
|t:|1743828468
|move|p2a: JEFFERY|Leaf Blade|p1a: Sylveon
|-damage|p1a: Sylveon|23/100
|move|p1a: Sylveon|Draining Kiss|p2a: JEFFERY
|-supereffective|p2a: JEFFERY
|-damage|p2a: JEFFERY|0 fnt
|-heal|p1a: Sylveon|33/100|[from] drain|[of] p2a: JEFFERY
|faint|p2a: JEFFERY
|
|win|monarkx
|raw|monarkx's rating: 1090 &rarr; <strong>1120</strong><br />(+30 for winning)
|raw|1WunnaGunna's rating: 1131 &rarr; <strong>1103</strong><br />(-28 for losing)
|l|☆1WunnaGunna
|player|p2|
|l|☆monarkx
|player|p1|
