|j|☆lklowxhn
|j|☆bigene
|t:|1743909174
|gametype|singles
|player|p1|lklowxhn|silver|1342
|player|p2|bigene|102|1305
|teamsize|p1|6
|teamsize|p2|6
|gen|9
|tier|[Gen 9] OU
|rated|
|rule|HP Percentage Mod: HP is shown in percentages
|rule|Endless Battle Clause: Forcing endless battles is banned
|rule|Species Clause: Limit one of each Pokémon
|rule|OHKO Clause: OHKO moves are banned
|rule|Evasion Items Clause: Evasion items are banned
|rule|Evasion Moves Clause: Evasion moves are banned
|rule|Sleep Moves Clause: Sleep-inducing moves are banned
|clearpoke
|poke|p1|Pelipper, F|
|poke|p1|Scizor, M|
|poke|p1|Floatzel, F|
|poke|p1|Thundurus, M|
|poke|p1|Ludicolo, F|
|poke|p1|Landorus-Therian, M|
|poke|p2|Gholdengo|
|poke|p2|Iron Crown|
|poke|p2|Dondozo, F|
|poke|p2|Dragapult, M|
|poke|p2|Greninja-*, M|
|poke|p2|Tyranitar, F|
|teampreview
|inactive|Battle timer is ON: inactive players will automatically lose when time's up. (requested by lklowxhn)
|
|t:|1743909181
|start
|switch|p1a: 梦泪菇我错了✋😭✋|Pelipper, F|100/100
|switch|p2a: Greninja|Greninja, M|100/100
|-weather|RainDance|[from] ability: Drizzle|[of] p1a: 梦泪菇我错了✋😭✋
|turn|1
|
|t:|1743909193
|move|p2a: Greninja|U-turn|p1a: 梦泪菇我错了✋😭✋
|-resisted|p1a: 梦泪菇我错了✋😭✋
|-damage|p1a: 梦泪菇我错了✋😭✋|94/100
|
|t:|1743909199
|switch|p2a: Dragapult|Dragapult, M|100/100|[from] U-turn
|move|p1a: 梦泪菇我错了✋😭✋|U-turn|p2a: Dragapult
|-resisted|p2a: Dragapult
|-damage|p2a: Dragapult|94/100
|
|t:|1743909207
|switch|p1a: 一头创死在~大树上|Floatzel, F|100/100|[from] U-turn
|
|-weather|RainDance|[upkeep]
|upkeep
|turn|2
|
|t:|1743909213
|move|p1a: 一头创死在~大树上|Ice Spinner|p2a: Dragapult
|-supereffective|p2a: Dragapult
|-damage|p2a: Dragapult|0 fnt
|faint|p2a: Dragapult
|-damage|p1a: 一头创死在~大树上|91/100|[from] item: Life Orb
|
|-weather|RainDance|[upkeep]
|upkeep
|
|t:|1743909224
|switch|p2a: Greninja|Greninja, M|100/100
|turn|3
|
|t:|1743909235
|move|p1a: 一头创死在~大树上|Low Kick|p2a: Greninja
|-supereffective|p2a: Greninja
|-damage|p2a: Greninja|16/100
|-damage|p1a: 一头创死在~大树上|81/100|[from] item: Life Orb
|move|p2a: Greninja|U-turn|p1a: 一头创死在~大树上
|-damage|p1a: 一头创死在~大树上|57/100
|
|t:|1743909244
|switch|p2a: Iron Crown|Iron Crown|100/100|[from] U-turn
|-enditem|p2a: Iron Crown|Booster Energy
|-activate|p2a: Iron Crown|ability: Quark Drive|[fromitem]
|-start|p2a: Iron Crown|quarkdrivespa
|
|-weather|RainDance|[upkeep]
|upkeep
|turn|4
|
|t:|1743909252
|move|p1a: 一头创死在~大树上|Wave Crash|p2a: Iron Crown
|-damage|p2a: Iron Crown|6/100
|-damage|p1a: 一头创死在~大树上|21/100|[from] Recoil
|-damage|p1a: 一头创死在~大树上|12/100|[from] item: Life Orb
|move|p2a: Iron Crown|Volt Switch|p1a: 一头创死在~大树上
|-supereffective|p1a: 一头创死在~大树上
|-damage|p1a: 一头创死在~大树上|0 fnt
|faint|p1a: 一头创死在~大树上
|
|t:|1743909262
|-end|p2a: Iron Crown|Quark Drive|[silent]
|switch|p2a: Greninja|Greninja, M|16/100|[from] Volt Switch
|
|-weather|RainDance|[upkeep]
|upkeep
|
|t:|1743909274
|switch|p1a: 哈哈哈哈哈哈哈哈哈哈|Ludicolo, F|100/100
|turn|5
|
|t:|1743909283
|switch|p2a: Iron Crown|Iron Crown|6/100
|move|p1a: 哈哈哈哈哈哈哈哈哈哈|Weather Ball|p2a: Iron Crown
|-damage|p2a: Iron Crown|0 fnt
|faint|p2a: Iron Crown
|-end|p2a: Iron Crown|Quark Drive|[silent]
|
|-weather|RainDance|[upkeep]
|upkeep
|
|t:|1743909291
|switch|p2a: Tyranitar|Tyranitar, F|100/100
|-weather|Sandstorm|[from] ability: Sand Stream|[of] p2a: Tyranitar
|turn|6
|
|t:|1743909300
|switch|p1a: 喵|Landorus-Therian, M|100/100
|-ability|p1a: 喵|Intimidate|boost
|-unboost|p2a: Tyranitar|atk|1
|switch|p2a: Gholdengo|Gholdengo|100/100
|
|-weather|Sandstorm|[upkeep]
|upkeep
|turn|7
|
|t:|1743909316
|-terastallize|p2a: Gholdengo|Fairy
|move|p2a: Gholdengo|Nasty Plot|p2a: Gholdengo
|-boost|p2a: Gholdengo|spa|2
|move|p1a: 喵|Stealth Rock|p2a: Gholdengo
|-sidestart|p2: bigene|move: Stealth Rock
|
|-weather|Sandstorm|[upkeep]
|-damage|p2a: Gholdengo|94/100|[from] Sandstorm
|-heal|p2a: Gholdengo|100/100|[from] item: Leftovers
|upkeep
|turn|8
|
|t:|1743909325
|move|p2a: Gholdengo|Make It Rain|p1a: 喵
|-damage|p1a: 喵|0 fnt
|-unboost|p2a: Gholdengo|spa|1
|faint|p1a: 喵
|
|-weather|Sandstorm|[upkeep]
|-damage|p2a: Gholdengo|94/100|[from] Sandstorm
|-heal|p2a: Gholdengo|100/100|[from] item: Leftovers
|upkeep
|
|t:|1743909331
|switch|p1a: 梦泪菇我错了✋😭✋|Pelipper, F|94/100
|-weather|RainDance|[from] ability: Drizzle|[of] p1a: 梦泪菇我错了✋😭✋
|turn|9
|
|t:|1743909337
|move|p2a: Gholdengo|Thunder Wave|p1a: 梦泪菇我错了✋😭✋|[miss]
|-miss|p2a: Gholdengo|p1a: 梦泪菇我错了✋😭✋
|move|p1a: 梦泪菇我错了✋😭✋|U-turn|p2a: Gholdengo
|-resisted|p2a: Gholdengo
|-damage|p2a: Gholdengo|98/100
|
|t:|1743909343
|switch|p1a: 哈哈哈哈哈哈哈哈哈哈|Ludicolo, F|100/100|[from] U-turn
|
|-weather|RainDance|[upkeep]
|-heal|p2a: Gholdengo|100/100|[from] item: Leftovers
|upkeep
|turn|10
|
|t:|1743909349
|move|p1a: 哈哈哈哈哈哈哈哈哈哈|Weather Ball|p2a: Gholdengo
|-damage|p2a: Gholdengo|0 fnt
|faint|p2a: Gholdengo
|
|-weather|RainDance|[upkeep]
|upkeep
|
|t:|1743909356
|switch|p2a: Tyranitar|Tyranitar, F|100/100
|-damage|p2a: Tyranitar|88/100|[from] Stealth Rock
|-weather|Sandstorm|[from] ability: Sand Stream|[of] p2a: Tyranitar
|turn|11
|
|t:|1743909370
|switch|p1a: 我是 输出|Scizor, M|100/100
|move|p2a: Tyranitar|Knock Off|p1a: 我是 输出
|-damage|p1a: 我是 输出|39/100
|-enditem|p1a: 我是 输出|Leftovers|[from] move: Knock Off|[of] p2a: Tyranitar
|
|-weather|Sandstorm|[upkeep]
|upkeep
|turn|12
|
|t:|1743909390
|switch|p2a: Dondozo|Dondozo, F|100/100
|-damage|p2a: Dondozo|88/100|[from] Stealth Rock
|move|p1a: 我是 输出|U-turn|p2a: Dondozo
|-damage|p2a: Dondozo|62/100
|
|t:|1743909398
|switch|p1a: 梦泪菇我错了✋😭✋|Pelipper, F|94/100|[from] U-turn
|-weather|RainDance|[from] ability: Drizzle|[of] p1a: 梦泪菇我错了✋😭✋
|
|-weather|RainDance|[upkeep]
|-heal|p2a: Dondozo|68/100|[from] item: Leftovers
|upkeep
|turn|13
|
|t:|1743909409
|switch|p1a: 哈哈哈哈哈哈哈哈哈哈|Ludicolo, F|100/100
|move|p2a: Dondozo|Liquidation|p1a: 哈哈哈哈哈哈哈哈哈哈
|-resisted|p1a: 哈哈哈哈哈哈哈哈哈哈
|-damage|p1a: 哈哈哈哈哈哈哈哈哈哈|83/100
|
|-weather|RainDance|[upkeep]
|-heal|p2a: Dondozo|74/100|[from] item: Leftovers
|upkeep
|turn|14
|
|t:|1743909418
|move|p1a: 哈哈哈哈哈哈哈哈哈哈|Giga Drain|p2a: Dondozo
|-supereffective|p2a: Dondozo
|-damage|p2a: Dondozo|10/100
|-heal|p1a: 哈哈哈哈哈哈哈哈哈哈|100/100|[from] drain|[of] p2a: Dondozo
|move|p2a: Dondozo|Liquidation|p1a: 哈哈哈哈哈哈哈哈哈哈
|-resisted|p1a: 哈哈哈哈哈哈哈哈哈哈
|-damage|p1a: 哈哈哈哈哈哈哈哈哈哈|83/100
|
|-weather|RainDance|[upkeep]
|-heal|p2a: Dondozo|16/100|[from] item: Leftovers
|upkeep
|turn|15
|
|t:|1743909428
|move|p1a: 哈哈哈哈哈哈哈哈哈哈|Giga Drain|p2a: Dondozo
|-supereffective|p2a: Dondozo
|-damage|p2a: Dondozo|0 fnt
|-heal|p1a: 哈哈哈哈哈哈哈哈哈哈|96/100|[from] drain|[of] p2a: Dondozo
|faint|p2a: Dondozo
|
|-weather|RainDance|[upkeep]
|upkeep
|
|t:|1743909434
|switch|p2a: Tyranitar|Tyranitar, F|88/100
|-damage|p2a: Tyranitar|76/100|[from] Stealth Rock
|-weather|Sandstorm|[from] ability: Sand Stream|[of] p2a: Tyranitar
|turn|16
|
|t:|1743909439
|move|p1a: 哈哈哈哈哈哈哈哈哈哈|Giga Drain|p2a: Tyranitar
|-supereffective|p2a: Tyranitar
|-damage|p2a: Tyranitar|40/100
|-heal|p1a: 哈哈哈哈哈哈哈哈哈哈|100/100|[from] drain|[of] p2a: Tyranitar
|move|p2a: Tyranitar|Knock Off|p1a: 哈哈哈哈哈哈哈哈哈哈
|-damage|p1a: 哈哈哈哈哈哈哈哈哈哈|10/100
|-enditem|p1a: 哈哈哈哈哈哈哈哈哈哈|Choice Specs|[from] move: Knock Off|[of] p2a: Tyranitar
|
|-weather|Sandstorm|[upkeep]
|-damage|p1a: 哈哈哈哈哈哈哈哈哈哈|4/100|[from] Sandstorm
|upkeep
|turn|17
|
|t:|1743909452
|move|p1a: 哈哈哈哈哈哈哈哈哈哈|Leaf Storm|p2a: Tyranitar
|-supereffective|p2a: Tyranitar
|-damage|p2a: Tyranitar|0 fnt
|-unboost|p1a: 哈哈哈哈哈哈哈哈哈哈|spa|2
|faint|p2a: Tyranitar
|
|-weather|Sandstorm|[upkeep]
|-damage|p1a: 哈哈哈哈哈哈哈哈哈哈|0 fnt|[from] Sandstorm
|faint|p1a: 哈哈哈哈哈哈哈哈哈哈
|upkeep
|
|t:|1743909462
|switch|p1a: 我是 输出|Scizor, M|39/100
|switch|p2a: Greninja|Greninja, M|16/100
|-damage|p2a: Greninja|3/100|[from] Stealth Rock
|turn|18
|
|t:|1743909468
|move|p2a: Greninja|Water Shuriken|p1a: 我是 输出
|-damage|p1a: 我是 输出|30/100
|-damage|p1a: 我是 输出|21/100
|-damage|p1a: 我是 输出|13/100
|-damage|p1a: 我是 输出|5/100
|-damage|p1a: 我是 输出|0 fnt
|faint|p1a: 我是 输出
|-ability|p2a: Greninja|Battle Bond|boost
|-boost|p2a: Greninja|atk|1
|-boost|p2a: Greninja|spa|1
|-boost|p2a: Greninja|spe|1
|-activate|p2a: Greninja|ability: Battle Bond
|-hitcount|p1: 我是 输出|5
|
|-weather|Sandstorm|[upkeep]
|-damage|p2a: Greninja|0 fnt|[from] Sandstorm
|faint|p2a: Greninja
|
|win|lklowxhn
|raw|lklowxhn's rating: 1342 &rarr; <strong>1360</strong><br />(+18 for winning)
|raw|bigene's rating: 1305 &rarr; <strong>1287</strong><br />(-18 for losing)
|l|☆lklowxhn
|player|p1|
|l|☆bigene
|player|p2|
