|j|☆luzrod7
|j|☆ZoitiG
|t:|1743790055
|gametype|singles
|player|p1|luzrod7|2|1410
|player|p2|ZoitiG|shadowtriad|1476
|teamsize|p1|6
|teamsize|p2|6
|gen|9
|tier|[Gen 9] OU
|rated|
|rule|HP Percentage Mod: HP is shown in percentages
|rule|Endless Battle Clause: Forcing endless battles is banned
|rule|Species Clause: Limit one of each Pokémon
|rule|OHKO Clause: OHKO moves are banned
|rule|Evasion Items Clause: Evasion items are banned
|rule|Evasion Moves Clause: Evasion moves are banned
|rule|Sleep Moves Clause: Sleep-inducing moves are banned
|clearpoke
|poke|p1|Iron Moth|
|poke|p1|Kingambit, M|
|poke|p1|Dragonite, F|
|poke|p1|Ogerpon-Cornerstone, F|
|poke|p1|Iron Valiant|
|poke|p1|Raging Bolt|
|poke|p2|Alomomola, F|
|poke|p2|Blissey, F|
|poke|p2|Quagsire, M|
|poke|p2|Toxapex, M|
|poke|p2|Cresselia, F|
|poke|p2|Garchomp, M|
|teampreview
|inactive|Battle timer is ON: inactive players will automatically lose when time's up. (requested by ZoitiG)
|c|☆luzrod7|i already hate u
|c|☆luzrod7|glhf
|
|t:|1743790084
|start
|switch|p1a: Ogerpon|Ogerpon-Cornerstone, F|100/100
|switch|p2a: Quagsire|Quagsire, M|100/100
|turn|1
|
|t:|1743790096
|-terastallize|p2a: Quagsire|Flying
|move|p1a: Ogerpon|Knock Off|p2a: Quagsire
|-damage|p2a: Quagsire|74/100
|-enditem|p2a: Quagsire|Leftovers|[from] move: Knock Off|[of] p1a: Ogerpon
|move|p2a: Quagsire|Toxic|p1a: Ogerpon
|-status|p1a: Ogerpon|tox
|
|-damage|p1a: Ogerpon|95/100 tox|[from] psn
|upkeep
|turn|2
|
|t:|1743790112
|switch|p2a: Cresselia|Cresselia, F|100/100
|move|p1a: Ogerpon|Ivy Cudgel|p2a: Cresselia|[anim] Ivy Cudgel Rock
|-damage|p2a: Cresselia|71/100
|
|-heal|p2a: Cresselia|77/100|[from] item: Leftovers
|-damage|p1a: Ogerpon|83/100 tox|[from] psn
|upkeep
|turn|3
|
|t:|1743790122
|move|p1a: Ogerpon|Knock Off|p2a: Cresselia
|-supereffective|p2a: Cresselia
|-damage|p2a: Cresselia|39/100
|-enditem|p2a: Cresselia|Leftovers|[from] move: Knock Off|[of] p1a: Ogerpon
|move|p2a: Cresselia|Reflect|p2a: Cresselia
|-sidestart|p2: ZoitiG|Reflect
|
|-damage|p1a: Ogerpon|65/100 tox|[from] psn
|upkeep
|turn|4
|inactive|luzrod7 has 120 seconds left.
|inactive|ZoitiG has 120 seconds left.
|
|t:|1743790166
|switch|p1a: Kingambit|Kingambit, M|100/100
|move|p2a: Cresselia|Moonlight|p2a: Cresselia
|-heal|p2a: Cresselia|89/100
|
|upkeep
|turn|5
|
|t:|1743790173
|switch|p2a: Garchomp|Garchomp, M|100/100
|move|p1a: Kingambit|Kowtow Cleave|p2a: Garchomp
|-damage|p2a: Garchomp|80/100
|-damage|p1a: Kingambit|88/100|[from] ability: Rough Skin|[of] p2a: Garchomp
|
|upkeep
|turn|6
|inactive|ZoitiG has 120 seconds left.
|inactive|luzrod7 has 120 seconds left.
|
|t:|1743790191
|-end|p1a: Kingambit|fallenundefined|[silent]
|switch|p1a: Iron Valiant|Iron Valiant|100/100
|-enditem|p1a: Iron Valiant|Booster Energy
|-activate|p1a: Iron Valiant|ability: Quark Drive|[fromitem]
|-start|p1a: Iron Valiant|quarkdrivespe
|move|p2a: Garchomp|Spikes|p1a: Iron Valiant
|-sidestart|p1: luzrod7|Spikes
|
|upkeep
|turn|7
|
|t:|1743790201
|switch|p2a: Cresselia|Cresselia, F|89/100
|move|p1a: Iron Valiant|Swords Dance|p1a: Iron Valiant
|-boost|p1a: Iron Valiant|atk|2
|
|-sideend|p2: ZoitiG|Reflect
|upkeep
|turn|8
|
|t:|1743790209
|move|p1a: Iron Valiant|Knock Off|p2a: Cresselia
|-supereffective|p2a: Cresselia
|-damage|p2a: Cresselia|44/100
|move|p2a: Cresselia|Reflect|p2a: Cresselia
|-sidestart|p2: ZoitiG|Reflect
|
|upkeep
|turn|9
|
|t:|1743790214
|move|p1a: Iron Valiant|Swords Dance|p1a: Iron Valiant
|-boost|p1a: Iron Valiant|atk|2
|move|p2a: Cresselia|Moonlight|p2a: Cresselia
|-heal|p2a: Cresselia|94/100
|
|upkeep
|turn|10
|
|t:|1743790238
|move|p1a: Iron Valiant|Knock Off|p2a: Cresselia
|-supereffective|p2a: Cresselia
|-damage|p2a: Cresselia|60/100
|move|p2a: Cresselia|Calm Mind|p2a: Cresselia
|-boost|p2a: Cresselia|spa|1
|-boost|p2a: Cresselia|spd|1
|
|upkeep
|turn|11
|
|t:|1743790246
|-terastallize|p1a: Iron Valiant|Steel
|move|p1a: Iron Valiant|Knock Off|p2a: Cresselia
|-supereffective|p2a: Cresselia
|-damage|p2a: Cresselia|22/100
|move|p2a: Cresselia|Stored Power|p1a: Iron Valiant
|-resisted|p1a: Iron Valiant
|-damage|p1a: Iron Valiant|80/100
|
|upkeep
|turn|12
|
|t:|1743790254
|switch|p2a: Quagsire|Quagsire, M, tera:Flying|74/100
|move|p1a: Iron Valiant|Knock Off|p2a: Quagsire
|-damage|p2a: Quagsire|66/100
|
|-sideend|p2: ZoitiG|Reflect
|upkeep
|turn|13
|
|t:|1743790269
|move|p2a: Quagsire|Protect|p2a: Quagsire
|-singleturn|p2a: Quagsire|Protect
|move|p1a: Iron Valiant|Knock Off|p2a: Quagsire
|-activate|p2a: Quagsire|move: Protect
|
|upkeep
|turn|14
|
|t:|1743790274
|move|p1a: Iron Valiant|Knock Off|p2a: Quagsire
|-damage|p2a: Quagsire|49/100
|move|p2a: Quagsire|Earthquake|p1a: Iron Valiant
|-supereffective|p1a: Iron Valiant
|-damage|p1a: Iron Valiant|2/100
|
|upkeep
|turn|15
|
|t:|1743790283
|move|p1a: Iron Valiant|Destiny Bond|p1a: Iron Valiant
|-singlemove|p1a: Iron Valiant|Destiny Bond
|move|p2a: Quagsire|Recover|p2a: Quagsire
|-heal|p2a: Quagsire|99/100
|
|upkeep
|turn|16
|
|t:|1743790290
|move|p1a: Iron Valiant|Swords Dance|p1a: Iron Valiant
|-boost|p1a: Iron Valiant|atk|2
|move|p2a: Quagsire|Earthquake|p1a: Iron Valiant
|-supereffective|p1a: Iron Valiant
|-damage|p1a: Iron Valiant|0 fnt
|faint|p1a: Iron Valiant
|-end|p1a: Iron Valiant|Quark Drive|[silent]
|
|upkeep
|
|t:|1743790296
|switch|p1a: Raging Bolt|Raging Bolt|100/100
|-damage|p1a: Raging Bolt|88/100|[from] Spikes
|-enditem|p1a: Raging Bolt|Booster Energy
|-activate|p1a: Raging Bolt|ability: Protosynthesis|[fromitem]
|-start|p1a: Raging Bolt|protosynthesisspa
|turn|17
|
|t:|1743790303
|switch|p2a: Blissey|Blissey, F|100/100
|move|p1a: Raging Bolt|Calm Mind|p1a: Raging Bolt
|-boost|p1a: Raging Bolt|spa|1
|-boost|p1a: Raging Bolt|spd|1
|
|upkeep
|turn|18
|
|t:|1743790333
|move|p1a: Raging Bolt|Thunderbolt|p2a: Blissey
|-damage|p2a: Blissey|72/100
|move|p2a: Blissey|Light Screen|p2a: Blissey
|-sidestart|p2: ZoitiG|move: Light Screen
|
|upkeep
|turn|19
|
|t:|1743790343
|move|p1a: Raging Bolt|Thunderbolt|p2a: Blissey
|-damage|p2a: Blissey|58/100
|move|p2a: Blissey|Seismic Toss|p1a: Raging Bolt
|-damage|p1a: Raging Bolt|63/100
|
|upkeep
|turn|20
|
|t:|1743790349
|move|p1a: Raging Bolt|Thunderbolt|p2a: Blissey
|-damage|p2a: Blissey|42/100
|-status|p2a: Blissey|par
|move|p2a: Blissey|Seismic Toss|p1a: Raging Bolt
|-damage|p1a: Raging Bolt|37/100
|
|upkeep
|turn|21
|
|t:|1743790357
|move|p1a: Raging Bolt|Calm Mind|p1a: Raging Bolt
|-boost|p1a: Raging Bolt|spa|1
|-boost|p1a: Raging Bolt|spd|1
|cant|p2a: Blissey|par
|
|upkeep
|turn|22
|
|t:|1743790363
|move|p1a: Raging Bolt|Thunderbolt|p2a: Blissey
|-damage|p2a: Blissey|21/100 par
|move|p2a: Blissey|Soft-Boiled|p2a: Blissey
|-heal|p2a: Blissey|71/100 par
|
|-sideend|p2: ZoitiG|move: Light Screen
|upkeep
|turn|23
|j| SaturnCraft
|
|t:|1743790370
|move|p1a: Raging Bolt|Thunderbolt|p2a: Blissey
|-damage|p2a: Blissey|34/100 par
|move|p2a: Blissey|Light Screen|p2a: Blissey
|-sidestart|p2: ZoitiG|move: Light Screen
|
|upkeep
|turn|24
|
|t:|1743790375
|move|p1a: Raging Bolt|Thunderbolt|p2a: Blissey
|-damage|p2a: Blissey|13/100 par
|move|p2a: Blissey|Soft-Boiled|p2a: Blissey
|-heal|p2a: Blissey|63/100 par
|
|upkeep
|turn|25
|
|t:|1743790382
|move|p1a: Raging Bolt|Dragon Pulse|p2a: Blissey
|-damage|p2a: Blissey|44/100 par
|cant|p2a: Blissey|par
|
|upkeep
|turn|26
|
|t:|1743790387
|move|p1a: Raging Bolt|Thunderbolt|p2a: Blissey
|-damage|p2a: Blissey|25/100 par
|move|p2a: Blissey|Soft-Boiled|p2a: Blissey
|-heal|p2a: Blissey|75/100 par
|
|upkeep
|turn|27
|
|t:|1743790393
|move|p1a: Raging Bolt|Thunderbolt|p2a: Blissey
|-damage|p2a: Blissey|55/100 par
|move|p2a: Blissey|Seismic Toss|p1a: Raging Bolt
|-damage|p1a: Raging Bolt|11/100
|
|-sideend|p2: ZoitiG|move: Light Screen
|upkeep
|turn|28
|
|t:|1743790401
|move|p1a: Raging Bolt|Thunderbolt|p2a: Blissey
|-damage|p2a: Blissey|13/100 par
|move|p2a: Blissey|Seismic Toss|p1a: Raging Bolt
|-damage|p1a: Raging Bolt|0 fnt
|faint|p1a: Raging Bolt
|-end|p1a: Raging Bolt|Protosynthesis|[silent]
|
|upkeep
|
|t:|1743790405
|switch|p1a: Dragonite|Dragonite, F|100/100
|turn|29
|
|t:|1743790411
|-curestatus|p2a: Blissey|par|[from] ability: Natural Cure
|switch|p2a: Quagsire|Quagsire, M, tera:Flying|99/100
|move|p1a: Dragonite|Dragon Dance|p1a: Dragonite
|-boost|p1a: Dragonite|atk|1
|-boost|p1a: Dragonite|spe|1
|
|upkeep
|turn|30
|
|t:|1743790420
|move|p1a: Dragonite|Extreme Speed|p2a: Quagsire
|-damage|p2a: Quagsire|79/100
|move|p2a: Quagsire|Toxic|p1a: Dragonite
|-status|p1a: Dragonite|tox
|
|-damage|p1a: Dragonite|94/100 tox|[from] psn
|upkeep
|turn|31
|c|☆luzrod7|baise ta mere ça y est
|l|☆luzrod7
|inactive|luzrod7 disconnected and has a minute to reconnect!
|player|p1|
|c| SaturnCraft|damn
|inactive|luzrod7 has 30 seconds to reconnect!
|inactive|luzrod7 has 20 seconds to reconnect!
|inactive|luzrod7 has 15 seconds to reconnect!
|inactive|luzrod7 has 10 seconds to reconnect!
|inactive|luzrod7 has 5 seconds to reconnect!
|-message|luzrod7 lost due to inactivity.
|
|win|ZoitiG
