|j|☆mrweston
|j|☆gonzamer2
|t:|1743889734
|gametype|singles
|player|p1|mrweston|youngn|1120
|player|p2|gonzamer2|170|1129
|teamsize|p1|6
|teamsize|p2|6
|gen|9
|tier|[Gen 9] OU
|rated|
|rule|HP Percentage Mod: HP is shown in percentages
|rule|Endless Battle Clause: Forcing endless battles is banned
|rule|Species Clause: Limit one of each Pokémon
|rule|OHKO Clause: OHKO moves are banned
|rule|Evasion Items Clause: Evasion items are banned
|rule|Evasion Moves Clause: Evasion moves are banned
|rule|Sleep Moves Clause: Sleep-inducing moves are banned
|clearpoke
|poke|p1|Donphan, F|
|poke|p1|Milotic, M|
|poke|p1|Decidueye-Hisui, M|
|poke|p1|Greninja-*, M|
|poke|p1|Emboar, M|
|poke|p1|Lanturn, F|
|poke|p2|Grimmsnarl, M|
|poke|p2|Skeledirge, M|
|poke|p2|Dragonite, F|
|poke|p2|Kleavor, M|
|poke|p2|Leavanny, M|
|poke|p2|Slowbro, M|
|teampreview
|inactive|Battle timer is ON: inactive players will automatically lose when time's up. (requested by mrweston)
|
|t:|1743889745
|start
|switch|p1a: Donphan|Donphan, F|100/100
|switch|p2a: Grimmsnarl|Grimmsnarl, M, shiny|100/100
|turn|1
|
|t:|1743889757
|move|p2a: Grimmsnarl|Parting Shot|p1a: Donphan
|-unboost|p1a: Donphan|atk|1
|-unboost|p1a: Donphan|spa|1
|
|t:|1743889778
|switch|p2a: Skeledirge|Skeledirge, M|100/100|[from] Parting Shot
|-item|p2a: Skeledirge|Air Balloon
|move|p1a: Donphan|Knock Off|p2a: Skeledirge
|-supereffective|p2a: Skeledirge
|-damage|p2a: Skeledirge|60/100
|-enditem|p2a: Skeledirge|Air Balloon
|
|upkeep
|turn|2
|
|t:|1743889793
|switch|p1a: Milotic|Milotic, M, shiny|100/100
|move|p2a: Skeledirge|Encore||[still]
|-fail|p2a: Skeledirge
|
|-status|p1a: Milotic|brn|[from] item: Flame Orb
|upkeep
|turn|3
|inactive|gonzamer2 has 120 seconds left.
|
|t:|1743889813
|switch|p2a: Dragonite|Dragonite, F|100/100
|move|p1a: Milotic|Dragon Breath|p2a: Dragonite
|-supereffective|p2a: Dragonite
|-damage|p2a: Dragonite|84/100
|
|-damage|p1a: Milotic|94/100 brn|[from] brn
|upkeep
|turn|4
|inactive|gonzamer2 has 120 seconds left.
|
|t:|1743889823
|move|p2a: Dragonite|Dragon Dance|p2a: Dragonite
|-boost|p2a: Dragonite|atk|1
|-boost|p2a: Dragonite|spe|1
|move|p1a: Milotic|Dragon Breath|p2a: Dragonite
|-supereffective|p2a: Dragonite
|-damage|p2a: Dragonite|52/100
|
|-damage|p1a: Milotic|88/100 brn|[from] brn
|upkeep
|turn|5
|inactive|gonzamer2 has 120 seconds left.
|
|t:|1743889838
|move|p2a: Dragonite|Dragon Dance|p2a: Dragonite
|-boost|p2a: Dragonite|atk|1
|-boost|p2a: Dragonite|spe|1
|move|p1a: Milotic|Haze|p1a: Milotic
|-clearallboost
|
|-damage|p1a: Milotic|82/100 brn|[from] brn
|upkeep
|turn|6
|inactive|gonzamer2 has 120 seconds left.
|
|t:|1743889848
|switch|p2a: Grimmsnarl|Grimmsnarl, M, shiny|100/100
|move|p1a: Milotic|Dragon Breath|p2a: Grimmsnarl
|-immune|p2a: Grimmsnarl
|
|-damage|p1a: Milotic|76/100 brn|[from] brn
|upkeep
|turn|7
|
|t:|1743889858
|switch|p1a: Donphan|Donphan, F|100/100
|move|p2a: Grimmsnarl|Spirit Break|p1a: Donphan
|-damage|p1a: Donphan|75/100
|-unboost|p1a: Donphan|spa|1
|
|-heal|p1a: Donphan|81/100|[from] item: Leftovers
|upkeep
|turn|8
|
|t:|1743889872
|move|p2a: Grimmsnarl|Parting Shot|p1a: Donphan
|-unboost|p1a: Donphan|atk|1
|-unboost|p1a: Donphan|spa|1
|inactive|gonzamer2 has 120 seconds left.
|
|t:|1743889887
|switch|p2a: Leavanny|Leavanny, M|100/100|[from] Parting Shot
|move|p1a: Donphan|Knock Off|p2a: Leavanny
|-damage|p2a: Leavanny|68/100
|-enditem|p2a: Leavanny|Eject Pack|[from] move: Knock Off|[of] p1a: Donphan
|
|-heal|p1a: Donphan|87/100|[from] item: Leftovers
|upkeep
|turn|9
|inactive|gonzamer2 has 120 seconds left.
|inactive|mrweston has 120 seconds left.
|inactive|mrweston has 90 seconds left.
|
|t:|1743889959
|switch|p1a: Milotic|Milotic, M, shiny|76/100 brn
|move|p2a: Leavanny|Sticky Web|p1a: Milotic
|-sidestart|p1: mrweston|move: Sticky Web
|
|-damage|p1a: Milotic|70/100 brn|[from] brn
|upkeep
|turn|10
|
|t:|1743889970
|move|p2a: Leavanny|Leaf Storm|p1a: Milotic
|-supereffective|p1a: Milotic
|-damage|p1a: Milotic|20/100 brn
|-unboost|p2a: Leavanny|spa|2
|move|p1a: Milotic|Recover|p1a: Milotic
|-heal|p1a: Milotic|70/100 brn
|
|-damage|p1a: Milotic|64/100 brn|[from] brn
|upkeep
|turn|11
|inactive|gonzamer2 has 120 seconds left.
|
|t:|1743889993
|switch|p2a: Grimmsnarl|Grimmsnarl, M, shiny|100/100
|move|p1a: Milotic|Recover|p1a: Milotic
|-heal|p1a: Milotic|100/100 brn
|
|-damage|p1a: Milotic|94/100 brn|[from] brn
|upkeep
|turn|12
|inactive|gonzamer2 has 120 seconds left.
|inactive|mrweston has 90 seconds left.
|
|t:|1743890023
|switch|p1a: Donphan|Donphan, F|87/100
|-activate|p1a: Donphan|move: Sticky Web
|-unboost|p1a: Donphan|spe|1
|move|p2a: Grimmsnarl|Spirit Break|p1a: Donphan
|-damage|p1a: Donphan|62/100
|-unboost|p1a: Donphan|spa|1
|
|-heal|p1a: Donphan|68/100|[from] item: Leftovers
|upkeep
|turn|13
|inactive|gonzamer2 has 120 seconds left.
|
|t:|1743890037
|move|p2a: Grimmsnarl|Spirit Break|p1a: Donphan
|-damage|p1a: Donphan|42/100
|-unboost|p1a: Donphan|spa|1
|move|p1a: Donphan|Rapid Spin|p2a: Grimmsnarl
|-damage|p2a: Grimmsnarl|80/100
|-boost|p1a: Donphan|spe|1
|-sideend|p1: mrweston|Sticky Web|[from] move: Rapid Spin|[of] p1a: Donphan
|
|-heal|p1a: Donphan|48/100|[from] item: Leftovers
|upkeep
|turn|14
|inactive|mrweston has 90 seconds left.
|inactive|gonzamer2 has 120 seconds left.
|inactive|mrweston has 60 seconds left.
|
|t:|1743890073
|switch|p1a: Emboar|Emboar, M, shiny|100/100
|move|p2a: Grimmsnarl|Spirit Break|p1a: Emboar
|-damage|p1a: Emboar|61/100
|-unboost|p1a: Emboar|spa|1
|
|upkeep
|turn|15
|inactive|gonzamer2 has 120 seconds left.
|
|t:|1743890084
|move|p2a: Grimmsnarl|Parting Shot|p1a: Emboar
|-unboost|p1a: Emboar|atk|1
|-unboost|p1a: Emboar|spa|1
|
|t:|1743890092
|switch|p2a: Skeledirge|Skeledirge, M|60/100|[from] Parting Shot
|move|p1a: Emboar|Flare Blitz|p2a: Skeledirge
|-resisted|p2a: Skeledirge
|-damage|p2a: Skeledirge|38/100
|-damage|p1a: Emboar|53/100|[from] Recoil
|
|upkeep
|turn|16
|inactive|gonzamer2 has 120 seconds left.
|inactive|mrweston has 60 seconds left.
|
|t:|1743890119
|switch|p2a: Slowbro|Slowbro, M|100/100
|move|p1a: Emboar|Scald|p2a: Slowbro
|-resisted|p2a: Slowbro
|-damage|p2a: Slowbro|94/100
|
|upkeep
|turn|17
|
|t:|1743890133
|switch|p1a: Greninja|Greninja, M|100/100
|move|p2a: Slowbro|Scald|p1a: Greninja
|-resisted|p1a: Greninja
|-damage|p1a: Greninja|79/100
|
|upkeep
|turn|18
|inactive|mrweston has 60 seconds left.
|
|t:|1743890164
|switch|p2a: Grimmsnarl|Grimmsnarl, M, shiny|80/100
|move|p1a: Greninja|U-turn|p2a: Grimmsnarl
|-start|p1a: Greninja|typechange|Bug|[from] ability: Protean
|-damage|p2a: Grimmsnarl|27/100
|
|t:|1743890168
|switch|p1a: Lanturn|Lanturn, F|100/100|[from] U-turn
|
|upkeep
|turn|19
|
|t:|1743890175
|move|p2a: Grimmsnarl|Parting Shot|p1a: Lanturn
|-unboost|p1a: Lanturn|atk|1
|-unboost|p1a: Lanturn|spa|1
|
|t:|1743890185
|switch|p2a: Leavanny|Leavanny, M|68/100|[from] Parting Shot
|move|p1a: Lanturn|Volt Switch|p2a: Leavanny
|-resisted|p2a: Leavanny
|-damage|p2a: Leavanny|43/100
|
|t:|1743890197
|switch|p1a: Greninja|Greninja, M|79/100|[from] Volt Switch
|
|upkeep
|turn|20
|inactive|gonzamer2 has 120 seconds left.
|
|t:|1743890227
|switch|p2a: Kleavor|Kleavor, M|100/100
|move|p1a: Greninja|U-turn|p2a: Kleavor
|-start|p1a: Greninja|typechange|Bug|[from] ability: Protean
|-damage|p2a: Kleavor|46/100
|inactive|mrweston has 60 seconds left.
|
|t:|1743890261
|switch|p1a: Lanturn|Lanturn, F|100/100|[from] U-turn
|
|upkeep
|turn|21
|inactive|gonzamer2 has 90 seconds left.
|
|t:|1743890288
|move|p2a: Kleavor|U-turn|p1a: Lanturn
|-damage|p1a: Lanturn|57/100
|
|t:|1743890293
|switch|p2a: Leavanny|Leavanny, M|43/100|[from] U-turn
|move|p1a: Lanturn|Volt Switch|p2a: Leavanny
|-resisted|p2a: Leavanny
|-damage|p2a: Leavanny|13/100
|inactive|mrweston has 60 seconds left.
|
|t:|1743890310
|switch|p1a: Greninja|Greninja, M|79/100|[from] Volt Switch
|
|upkeep
|turn|22
|
|t:|1743890317
|move|p1a: Greninja|U-turn|p2a: Leavanny
|-start|p1a: Greninja|typechange|Bug|[from] ability: Protean
|-supereffective|p2a: Leavanny
|-damage|p2a: Leavanny|0 fnt
|faint|p2a: Leavanny
|inactive|mrweston has 60 seconds left.
|
|t:|1743890342
|switch|p1a: Milotic|Milotic, M, shiny|94/100 brn|[from] U-turn
|
|-damage|p1a: Milotic|88/100 brn|[from] brn
|upkeep
|
|t:|1743890367
|switch|p2a: Kleavor|Kleavor, M|46/100
|turn|23
|inactive|gonzamer2 has 90 seconds left.
|
|t:|1743890386
|move|p2a: Kleavor|U-turn|p1a: Milotic
|-damage|p1a: Milotic|62/100 brn
|
|t:|1743890390
|switch|p2a: Slowbro|Slowbro, M|100/100|[from] U-turn
|move|p1a: Milotic|Scald|p2a: Slowbro
|-resisted|p2a: Slowbro
|-damage|p2a: Slowbro|85/100
|-status|p2a: Slowbro|brn
|
|-damage|p1a: Milotic|56/100 brn|[from] brn
|-damage|p2a: Slowbro|79/100 brn|[from] brn
|upkeep
|turn|24
|inactive|gonzamer2 has 90 seconds left.
|
|t:|1743890421
|switch|p1a: Greninja|Greninja, M|79/100
|move|p2a: Slowbro|Calm Mind|p2a: Slowbro
|-boost|p2a: Slowbro|spa|1
|-boost|p2a: Slowbro|spd|1
|
|-damage|p2a: Slowbro|73/100 brn|[from] brn
|upkeep
|turn|25
|inactive|gonzamer2 has 60 seconds left.
|
|t:|1743890465
|-terastallize|p2a: Slowbro|Poison
|move|p1a: Greninja|U-turn|p2a: Slowbro
|-start|p1a: Greninja|typechange|Bug|[from] ability: Protean
|-resisted|p2a: Slowbro
|-damage|p2a: Slowbro|60/100 brn
|inactive|mrweston has 30 seconds left.
|
|t:|1743890488
|switch|p1a: Donphan|Donphan, F|48/100|[from] U-turn
|move|p2a: Slowbro|Calm Mind|p2a: Slowbro
|-boost|p2a: Slowbro|spa|1
|-boost|p2a: Slowbro|spd|1
|
|-heal|p1a: Donphan|54/100|[from] item: Leftovers
|-damage|p2a: Slowbro|54/100 brn|[from] brn
|upkeep
|turn|26
|
|t:|1743890513
|switch|p2a: Dragonite|Dragonite, F|52/100
|move|p1a: Donphan|Earthquake|p2a: Dragonite
|-immune|p2a: Dragonite
|
|-heal|p1a: Donphan|60/100|[from] item: Leftovers
|upkeep
|turn|27
|
|t:|1743890525
|move|p1a: Donphan|Ice Shard|p2a: Dragonite
|-supereffective|p2a: Dragonite
|-damage|p2a: Dragonite|0 fnt
|faint|p2a: Dragonite
|
|-heal|p1a: Donphan|66/100|[from] item: Leftovers
|upkeep
|
|t:|1743890532
|switch|p2a: Skeledirge|Skeledirge, M|38/100
|turn|28
|inactive|mrweston has 30 seconds left.
|inactive|mrweston has 20 seconds left.
|inactive|mrweston has 15 seconds left.
|
|t:|1743890573
|move|p1a: Donphan|Earthquake|p2a: Skeledirge
|-supereffective|p2a: Skeledirge
|-damage|p2a: Skeledirge|0 fnt
|faint|p2a: Skeledirge
|
|-heal|p1a: Donphan|72/100|[from] item: Leftovers
|upkeep
|inactive|mrweston has 20 seconds left this turn.
|
|t:|1743890597
|switch|p2a: Slowbro|Slowbro, M, tera:Poison|87/100 brn
|turn|29
|inactive|mrweston has 30 seconds left this turn.
|inactive|mrweston has 20 seconds left.
|inactive|mrweston has 15 seconds left.
|inactive|mrweston has 10 seconds left.
|inactive|mrweston has 5 seconds left.
|-message|mrweston lost due to inactivity.
|
|win|gonzamer2
|raw|mrweston's rating: 1120 &rarr; <strong>1096</strong><br />(-24 for losing)
|raw|gonzamer2's rating: 1129 &rarr; <strong>1153</strong><br />(+24 for winning)
|l|☆mrweston
|player|p1|
|l|☆gonzamer2
|player|p2|
