|j|‽Posty26291
|j|☆Sans_The_Skelebone
|t:|1743884069
|gametype|singles
|player|p1|Posty26291|1|1241
|player|p2|Sans_The_Skelebone|dawn|1225
|teamsize|p1|6
|teamsize|p2|6
|gen|9
|tier|[Gen 9] OU
|rated|
|rule|HP Percentage Mod: HP is shown in percentages
|rule|Endless Battle Clause: Forcing endless battles is banned
|rule|Species Clause: Limit one of each Pokémon
|rule|OHKO Clause: OHKO moves are banned
|rule|Evasion Items Clause: Evasion items are banned
|rule|Evasion Moves Clause: Evasion moves are banned
|rule|Sleep Moves Clause: Sleep-inducing moves are banned
|clearpoke
|poke|p1|Araquanid, M|
|poke|p1|Garganacl, F|
|poke|p1|Glimmora, M|
|poke|p1|Comfey, M|
|poke|p1|Latias, F|
|poke|p1|Cinderace, F|
|poke|p2|Lycanroc, M|
|poke|p2|Kommo-o, F|
|poke|p2|Greninja-*, M|
|poke|p2|Dusknoir, M|
|poke|p2|Pawmot, M|
|poke|p2|Skeledirge, F|
|teampreview
|
|t:|1743884077
|start
|switch|p1a: Glimmora|Glimmora, M, shiny|100/100
|switch|p2a: Lycanroc|Lycanroc, M|100/100
|turn|1
|
|t:|1743884084
|move|p2a: Lycanroc|Stealth Rock|p1a: Glimmora
|-sidestart|p1: Posty26291|move: Stealth Rock
|move|p1a: Glimmora|Toxic|p2a: Lycanroc
|-status|p2a: Lycanroc|tox
|
|-damage|p2a: Lycanroc|94/100 tox|[from] psn
|upkeep
|turn|2
|
|t:|1743884093
|move|p2a: Lycanroc|Taunt|p1a: Glimmora
|-start|p1a: Glimmora|move: Taunt
|cant|p1a: Glimmora|move: Taunt|Stealth Rock
|
|-damage|p2a: Lycanroc|82/100 tox|[from] psn
|upkeep
|turn|3
|
|t:|1743884103
|move|p2a: Lycanroc|Rock Blast|p1a: Glimmora
|-damage|p1a: Glimmora|87/100
|-activate|p1a: Glimmora|ability: Toxic Debris
|-sidestart|p2: Sans_The_Skelebone|move: Toxic Spikes
|-damage|p1a: Glimmora|73/100
|-activate|p1a: Glimmora|ability: Toxic Debris
|-sidestart|p2: Sans_The_Skelebone|move: Toxic Spikes
|-damage|p1a: Glimmora|59/100
|-damage|p1a: Glimmora|45/100
|-hitcount|p1a: Glimmora|4
|move|p1a: Glimmora|Earth Power|p2a: Lycanroc
|-supereffective|p2a: Lycanroc
|-damage|p2a: Lycanroc|0 fnt
|faint|p2a: Lycanroc
|
|upkeep
|
|t:|1743884117
|switch|p2a: Greninja|Greninja, M|100/100
|-status|p2a: Greninja|tox
|turn|4
|
|t:|1743884125
|move|p2a: Greninja|Water Shuriken|p1a: Glimmora
|-supereffective|p1a: Glimmora
|-damage|p1a: Glimmora|22/100
|-supereffective|p1a: Glimmora
|-damage|p1a: Glimmora|0 fnt
|faint|p1a: Glimmora
|-ability|p2a: Greninja|Battle Bond|boost
|-boost|p2a: Greninja|atk|1
|-boost|p2a: Greninja|spa|1
|-boost|p2a: Greninja|spe|1
|-activate|p2a: Greninja|ability: Battle Bond
|-hitcount|p1: Glimmora|2
|-damage|p2a: Greninja|91/100 tox|[from] item: Life Orb
|
|-damage|p2a: Greninja|85/100 tox|[from] psn
|upkeep
|
|t:|1743884141
|switch|p1a: Comfey|Comfey, M, shiny|100/100
|-damage|p1a: Comfey|88/100|[from] Stealth Rock
|turn|5
|
|t:|1743884147
|-terastallize|p2a: Greninja|Water
|move|p2a: Greninja|Water Shuriken|p1a: Comfey
|-damage|p1a: Comfey|68/100
|-damage|p1a: Comfey|50/100
|-damage|p1a: Comfey|32/100
|-crit|p1a: Comfey
|-damage|p1a: Comfey|3/100
|-hitcount|p1a: Comfey|4
|-damage|p2a: Greninja|75/100 tox|[from] item: Life Orb
|move|p1a: Comfey|Calm Mind|p1a: Comfey
|-boost|p1a: Comfey|spa|1
|-boost|p1a: Comfey|spd|1
|
|-damage|p2a: Greninja|63/100 tox|[from] psn
|upkeep
|turn|6
|
|t:|1743884163
|move|p1a: Comfey|Giga Drain|p2a: Greninja
|-supereffective|p2a: Greninja
|-damage|p2a: Greninja|0 fnt
|-heal|p1a: Comfey|51/100|[from] drain|[of] p2a: Greninja
|faint|p2a: Greninja
|
|upkeep
|
|t:|1743884172
|switch|p2a: Dusknoir|Dusknoir, M|100/100
|-status|p2a: Dusknoir|tox
|-ability|p2a: Dusknoir|Pressure
|turn|7
|
|t:|1743884184
|move|p1a: Comfey|Giga Drain|p2a: Dusknoir
|-damage|p2a: Dusknoir|88/100 tox
|-heal|p1a: Comfey|61/100|[from] drain|[of] p2a: Dusknoir
|move|p2a: Dusknoir|Ice Punch|p1a: Comfey
|-damage|p1a: Comfey|33/100
|
|-damage|p2a: Dusknoir|82/100 tox|[from] psn
|upkeep
|turn|8
|
|t:|1743884194
|move|p1a: Comfey|Leech Seed|p2a: Dusknoir
|-start|p2a: Dusknoir|move: Leech Seed
|move|p2a: Dusknoir|Ice Punch|p1a: Comfey
|-damage|p1a: Comfey|2/100
|-status|p1a: Comfey|frz
|
|-damage|p2a: Dusknoir|70/100 tox|[from] Leech Seed|[of] p1a: Comfey
|-heal|p1a: Comfey|21/100 frz|[silent]
|-damage|p2a: Dusknoir|57/100 tox|[from] psn
|upkeep
|turn|9
|
|t:|1743884204
|cant|p1a: Comfey|frz
|move|p2a: Dusknoir|Ice Punch|p1a: Comfey
|-damage|p1a: Comfey|0 fnt
|faint|p1a: Comfey
|
|-damage|p2a: Dusknoir|39/100 tox|[from] psn
|upkeep
|
|t:|1743884219
|switch|p1a: Araquanid|Araquanid, M, shiny|100/100
|-damage|p1a: Araquanid|76/100|[from] Stealth Rock
|turn|10
|
|t:|1743884225
|move|p2a: Dusknoir|Thunder Punch|p1a: Araquanid
|-supereffective|p1a: Araquanid
|-damage|p1a: Araquanid|30/100
|-damage|p2a: Dusknoir|22/100 tox|[from] item: Rocky Helmet|[of] p1a: Araquanid
|move|p1a: Araquanid|Sticky Web|p2a: Dusknoir
|-sidestart|p2: Sans_The_Skelebone|move: Sticky Web
|
|-damage|p2a: Dusknoir|10/100 tox|[from] Leech Seed|[of] p1a: Araquanid
|-heal|p1a: Araquanid|43/100|[silent]
|-damage|p2a: Dusknoir|0 fnt|[from] psn
|faint|p2a: Dusknoir
|upkeep
|
|t:|1743884237
|switch|p2a: Pawmot|Pawmot, M|100/100
|turn|11
|
|t:|1743884248
|move|p2a: Pawmot|Double Shock|p1a: Araquanid
|-supereffective|p1a: Araquanid
|-crit|p1a: Araquanid
|-damage|p1a: Araquanid|0 fnt
|-start|p2a: Pawmot|typechange|???/Fighting|[from] move: Double Shock
|-damage|p2a: Pawmot|84/100|[from] item: Rocky Helmet|[of] p1a: Araquanid
|faint|p1a: Araquanid
|
|upkeep
|
|t:|1743884263
|switch|p1a: Cinderace|Cinderace, F, shiny|100/100
|turn|12
|
|t:|1743884271
|move|p2a: Pawmot|Knock Off|p1a: Cinderace
|-damage|p1a: Cinderace|56/100
|-enditem|p1a: Cinderace|Heavy-Duty Boots|[from] move: Knock Off|[of] p2a: Pawmot
|move|p1a: Cinderace|Pyro Ball|p2a: Pawmot|[miss]
|-miss|p1a: Cinderace|p2a: Pawmot
|
|upkeep
|turn|13
|
|t:|1743884279
|move|p2a: Pawmot|Mach Punch|p1a: Cinderace
|-damage|p1a: Cinderace|25/100
|move|p1a: Cinderace|Pyro Ball|p2a: Pawmot
|-damage|p2a: Pawmot|0 fnt
|faint|p2a: Pawmot
|
|upkeep
|
|t:|1743884285
|switch|p2a: Kommo-o|Kommo-o, F|100/100
|-status|p2a: Kommo-o|tox
|-activate|p2a: Kommo-o|move: Sticky Web
|-unboost|p2a: Kommo-o|spe|1
|turn|14
|
|t:|1743884302
|move|p1a: Cinderace|Pyro Ball|p2a: Kommo-o
|-immune|p2a: Kommo-o|[from] ability: Bulletproof
|move|p2a: Kommo-o|Boomburst|p1a: Cinderace
|-damage|p1a: Cinderace|0 fnt
|faint|p1a: Cinderace
|-enditem|p2a: Kommo-o|Throat Spray
|-boost|p2a: Kommo-o|spa|1|[from] item: Throat Spray
|
|-damage|p2a: Kommo-o|94/100 tox|[from] psn
|upkeep
|
|t:|1743884320
|switch|p1a: Latias|Latias, F, shiny|100/100
|-damage|p1a: Latias|88/100|[from] Stealth Rock
|turn|15
|
|t:|1743884328
|-terastallize|p1a: Latias|Electric
|move|p1a: Latias|Agility|p1a: Latias
|-boost|p1a: Latias|spe|2
|move|p2a: Kommo-o|Boomburst|p1a: Latias
|-damage|p1a: Latias|42/100
|
|-heal|p1a: Latias|48/100|[from] item: Leftovers
|-damage|p2a: Kommo-o|82/100 tox|[from] psn
|upkeep
|turn|16
|
|t:|1743884341
|move|p1a: Latias|Calm Mind|p1a: Latias
|-boost|p1a: Latias|spa|1
|-boost|p1a: Latias|spd|1
|move|p2a: Kommo-o|Drain Punch|p1a: Latias
|-damage|p1a: Latias|23/100
|-heal|p2a: Kommo-o|95/100 tox|[from] drain|[of] p1a: Latias
|
|-heal|p1a: Latias|29/100|[from] item: Leftovers
|-damage|p2a: Kommo-o|76/100 tox|[from] psn
|upkeep
|turn|17
|
|t:|1743884353
|move|p1a: Latias|Calm Mind|p1a: Latias
|-boost|p1a: Latias|spa|1
|-boost|p1a: Latias|spd|1
|move|p2a: Kommo-o|Boomburst|p1a: Latias
|-damage|p1a: Latias|7/100
|
|-heal|p1a: Latias|13/100|[from] item: Leftovers
|-damage|p2a: Kommo-o|52/100 tox|[from] psn
|upkeep
|turn|18
|
|t:|1743884363
|move|p1a: Latias|Draining Kiss|p2a: Kommo-o
|-supereffective|p2a: Kommo-o
|-damage|p2a: Kommo-o|0 fnt
|-heal|p1a: Latias|50/100|[from] drain|[of] p2a: Kommo-o
|faint|p2a: Kommo-o
|
|-heal|p1a: Latias|56/100|[from] item: Leftovers
|upkeep
|
|t:|1743884366
|switch|p2a: Skeledirge|Skeledirge, F|100/100
|-status|p2a: Skeledirge|tox
|-activate|p2a: Skeledirge|move: Sticky Web
|-unboost|p2a: Skeledirge|spe|1
|turn|19
|
|t:|1743884378
|move|p1a: Latias|Draining Kiss|p2a: Skeledirge
|-resisted|p2a: Skeledirge
|-damage|p2a: Skeledirge|96/100 tox
|-heal|p1a: Latias|61/100|[from] drain|[of] p2a: Skeledirge
|move|p2a: Skeledirge|Torch Song|p1a: Latias
|-damage|p1a: Latias|41/100
|-boost|p2a: Skeledirge|spa|1
|
|-heal|p1a: Latias|47/100|[from] item: Leftovers
|-heal|p2a: Skeledirge|100/100 tox|[from] item: Leftovers
|-damage|p2a: Skeledirge|94/100 tox|[from] psn
|upkeep
|turn|20
|
|t:|1743884391
|move|p1a: Latias|Stored Power|p2a: Skeledirge
|-damage|p2a: Skeledirge|55/100 tox
|move|p2a: Skeledirge|Torch Song|p1a: Latias
|-damage|p1a: Latias|14/100
|-boost|p2a: Skeledirge|spa|1
|
|-heal|p1a: Latias|20/100|[from] item: Leftovers
|-heal|p2a: Skeledirge|61/100 tox|[from] item: Leftovers
|-damage|p2a: Skeledirge|49/100 tox|[from] psn
|upkeep
|turn|21
|
|t:|1743884404
|move|p1a: Latias|Stored Power|p2a: Skeledirge
|-damage|p2a: Skeledirge|8/100 tox
|move|p2a: Skeledirge|Torch Song|p1a: Latias
|-damage|p1a: Latias|0 fnt
|-boost|p2a: Skeledirge|spa|1
|faint|p1a: Latias
|
|-heal|p2a: Skeledirge|14/100 tox|[from] item: Leftovers
|-damage|p2a: Skeledirge|0 fnt|[from] psn
|faint|p2a: Skeledirge
|
|win|Posty26291
|raw|Posty26291's rating: 1241 &rarr; <strong>1265</strong><br />(+24 for winning)
|raw|Sans_The_Skelebone's rating: 1225 &rarr; <strong>1201</strong><br />(-24 for losing)
|l|☆Sans_The_Skelebone
|player|p2|
|l|‽Posty26291
|player|p1|
