|j|☆Parthzival123
|j|☆dxiong
|t:|1743835040
|gametype|singles
|player|p1|Parthzival123|169|1284
|player|p2|dxiong|cynthia-gen4|1324
|teamsize|p1|6
|teamsize|p2|6
|gen|9
|tier|[Gen 9] OU
|rated|
|rule|HP Percentage Mod: HP is shown in percentages
|rule|Endless Battle Clause: Forcing endless battles is banned
|rule|Species Clause: Limit one of each Pokémon
|rule|OHKO Clause: OHKO moves are banned
|rule|Evasion Items Clause: Evasion items are banned
|rule|Evasion Moves Clause: Evasion moves are banned
|rule|Sleep Moves Clause: Sleep-inducing moves are banned
|clearpoke
|poke|p1|Grimmsnarl, M|
|poke|p1|Ursaluna, M|
|poke|p1|Slowbro-Galar, M|
|poke|p1|Iron Hands|
|poke|p1|Kingambit, F|
|poke|p1|Enamorus-Therian, F|
|poke|p2|Cinderace, F|
|poke|p2|Galvantula, M|
|poke|p2|Pecharunt|
|poke|p2|Great Tusk|
|poke|p2|Weavile, M|
|poke|p2|Zamazenta-*|
|teampreview
|inactive|Battle timer is ON: inactive players will automatically lose when time's up. (requested by Parthzival123)
|
|t:|1743835067
|start
|switch|p1a: Ursaluna|Ursaluna, M|100/100
|switch|p2a: Pecharunt|Pecharunt|100/100
|turn|1
|
|t:|1743835073
|move|p2a: Pecharunt|Malignant Chain|p1a: Ursaluna
|-resisted|p1a: Ursaluna
|-damage|p1a: Ursaluna|83/100
|move|p1a: Ursaluna|Night Slash|p2a: Pecharunt
|-supereffective|p2a: Pecharunt
|-damage|p2a: Pecharunt|60/100
|
|-heal|p2a: Pecharunt|66/100|[from] item: Black Sludge
|upkeep
|turn|2
|
|t:|1743835082
|move|p2a: Pecharunt|Parting Shot|p1a: Ursaluna
|-unboost|p1a: Ursaluna|atk|1
|-unboost|p1a: Ursaluna|spa|1
|
|t:|1743835092
|switch|p2a: Galvantula|Galvantula, M|100/100|[from] Parting Shot
|move|p1a: Ursaluna|Headlong Rush|p2a: Galvantula
|-damage|p2a: Galvantula|5/100
|-unboost|p1a: Ursaluna|def|1
|-unboost|p1a: Ursaluna|spd|1
|
|upkeep
|turn|3
|
|t:|1743835103
|move|p2a: Galvantula|Sticky Web|p1a: Ursaluna
|-sidestart|p1: Parthzival123|move: Sticky Web
|move|p1a: Ursaluna|Headlong Rush|p2a: Galvantula
|-damage|p2a: Galvantula|0 fnt
|-unboost|p1a: Ursaluna|def|1
|-unboost|p1a: Ursaluna|spd|1
|faint|p2a: Galvantula
|
|upkeep
|
|t:|1743835110
|switch|p2a: Weavile|Weavile, M|100/100
|-ability|p2a: Weavile|Pressure
|turn|4
|
|t:|1743835114
|switch|p1a: Grimmsnarl|Grimmsnarl, M|100/100
|-activate|p1a: Grimmsnarl|move: Sticky Web
|-unboost|p1a: Grimmsnarl|spe|1
|move|p2a: Weavile|Low Kick|p1a: Grimmsnarl
|-damage|p1a: Grimmsnarl|71/100
|-damage|p2a: Weavile|91/100|[from] item: Life Orb
|
|upkeep
|turn|5
|
|t:|1743835122
|move|p1a: Grimmsnarl|Reflect|p1a: Grimmsnarl
|-sidestart|p1: Parthzival123|Reflect
|move|p2a: Weavile|Taunt|p1a: Grimmsnarl
|-start|p1a: Grimmsnarl|move: Taunt
|
|upkeep
|turn|6
|
|t:|1743835128
|switch|p2a: Pecharunt|Pecharunt|66/100
|switch|p1a: Iron Hands|Iron Hands|100/100
|-activate|p1a: Iron Hands|move: Sticky Web
|-unboost|p1a: Iron Hands|spe|1
|
|-heal|p2a: Pecharunt|72/100|[from] item: Black Sludge
|upkeep
|turn|7
|
|t:|1743835137
|move|p2a: Pecharunt|Malignant Chain|p1a: Iron Hands
|-damage|p1a: Iron Hands|64/100
|-status|p1a: Iron Hands|tox
|-start|p1a: Iron Hands|confusion|[from] ability: Poison Puppeteer|[of] p2a: Pecharunt
|-activate|p1a: Iron Hands|confusion
|move|p1a: Iron Hands|Wild Charge|p2a: Pecharunt
|-damage|p2a: Pecharunt|38/100
|-damage|p1a: Iron Hands|58/100 tox|[from] Recoil
|
|-heal|p2a: Pecharunt|44/100|[from] item: Black Sludge
|-damage|p1a: Iron Hands|52/100 tox|[from] psn
|upkeep
|turn|8
|
|t:|1743835149
|-end|p1a: Iron Hands|Quark Drive|[silent]
|switch|p1a: Ursaluna|Ursaluna, M|83/100
|-activate|p1a: Ursaluna|move: Sticky Web
|-unboost|p1a: Ursaluna|spe|1
|move|p2a: Pecharunt|Recover|p2a: Pecharunt
|-heal|p2a: Pecharunt|94/100
|
|-heal|p2a: Pecharunt|99/100|[from] item: Black Sludge
|upkeep
|turn|9
|
|t:|1743835160
|move|p2a: Pecharunt|Parting Shot|p1a: Ursaluna
|-unboost|p1a: Ursaluna|atk|1
|-unboost|p1a: Ursaluna|spa|1
|
|t:|1743835171
|switch|p2a: Zamazenta|Zamazenta|100/100|[from] Parting Shot
|-ability|p2a: Zamazenta|Dauntless Shield|boost
|-boost|p2a: Zamazenta|def|1
|move|p1a: Ursaluna|Swords Dance|p1a: Ursaluna
|-boost|p1a: Ursaluna|atk|2
|
|upkeep
|turn|10
|-activate|p1a: Ursaluna|item: Quick Claw
|
|t:|1743835180
|move|p1a: Ursaluna|Headlong Rush|p2a: Zamazenta
|-damage|p2a: Zamazenta|61/100
|-unboost|p1a: Ursaluna|def|1
|-unboost|p1a: Ursaluna|spd|1
|move|p2a: Zamazenta|Iron Defense|p2a: Zamazenta
|-boost|p2a: Zamazenta|def|2
|
|-heal|p2a: Zamazenta|67/100|[from] item: Leftovers
|upkeep
|turn|11
|
|t:|1743835194
|switch|p1a: Slowbro|Slowbro-Galar, M|100/100
|-activate|p1a: Slowbro|move: Sticky Web
|-unboost|p1a: Slowbro|spe|1
|move|p2a: Zamazenta|Body Press|p1a: Slowbro
|-resisted|p1a: Slowbro
|-damage|p1a: Slowbro|88/100
|
|-heal|p2a: Zamazenta|73/100|[from] item: Leftovers
|upkeep
|turn|12
|-activate|p1a: Slowbro|ability: Quick Draw
|
|t:|1743835204
|switch|p2a: Pecharunt|Pecharunt|99/100
|move|p1a: Slowbro|Sludge Bomb|p2a: Pecharunt
|-resisted|p2a: Pecharunt
|-damage|p2a: Pecharunt|88/100
|
|-heal|p2a: Pecharunt|94/100|[from] item: Black Sludge
|-sideend|p1: Parthzival123|Reflect
|upkeep
|turn|13
|
|t:|1743835214
|switch|p1a: Ursaluna|Ursaluna, M|83/100
|-activate|p1a: Ursaluna|move: Sticky Web
|-unboost|p1a: Ursaluna|spe|1
|move|p2a: Pecharunt|Hex|p1a: Ursaluna
|-immune|p1a: Ursaluna
|
|-heal|p2a: Pecharunt|99/100|[from] item: Black Sludge
|upkeep
|turn|14
|-activate|p1a: Ursaluna|item: Quick Claw
|
|t:|1743835222
|move|p1a: Ursaluna|Swords Dance|p1a: Ursaluna
|-boost|p1a: Ursaluna|atk|2
|move|p2a: Pecharunt|Malignant Chain|p1a: Ursaluna
|-resisted|p1a: Ursaluna
|-damage|p1a: Ursaluna|66/100
|
|-heal|p2a: Pecharunt|100/100|[from] item: Black Sludge
|upkeep
|turn|15
|
|t:|1743835235
|-terastallize|p2a: Pecharunt|Ghost
|move|p2a: Pecharunt|Malignant Chain|p1a: Ursaluna
|-resisted|p1a: Ursaluna
|-damage|p1a: Ursaluna|47/100
|-status|p1a: Ursaluna|tox
|-start|p1a: Ursaluna|confusion|[from] ability: Poison Puppeteer|[of] p2a: Pecharunt
|-activate|p1a: Ursaluna|confusion
|move|p1a: Ursaluna|Headlong Rush|p2a: Pecharunt
|-damage|p2a: Pecharunt|0 fnt
|-unboost|p1a: Ursaluna|def|1
|-unboost|p1a: Ursaluna|spd|1
|faint|p2a: Pecharunt
|
|-damage|p1a: Ursaluna|41/100 tox|[from] psn
|upkeep
|
|t:|1743835254
|switch|p2a: Weavile|Weavile, M|91/100
|-ability|p2a: Weavile|Pressure
|turn|16
|
|t:|1743835259
|move|p2a: Weavile|Triple Axel|p1a: Ursaluna
|-supereffective|p1a: Ursaluna
|-damage|p1a: Ursaluna|12/100 tox
|-supereffective|p1a: Ursaluna
|-damage|p1a: Ursaluna|0 fnt
|faint|p1a: Ursaluna
|-hitcount|p1: Ursaluna|2
|-damage|p2a: Weavile|81/100|[from] item: Life Orb
|
|upkeep
|
|t:|1743835267
|switch|p1a: Iron Hands|Iron Hands|52/100 tox
|-activate|p1a: Iron Hands|move: Sticky Web
|-unboost|p1a: Iron Hands|spe|1
|turn|17
|
|t:|1743835272
|move|p2a: Weavile|Triple Axel|p1a: Iron Hands
|-damage|p1a: Iron Hands|44/100 tox
|-damage|p1a: Iron Hands|27/100 tox
|-damage|p1a: Iron Hands|3/100 tox
|-hitcount|p1a: Iron Hands|3
|-damage|p2a: Weavile|71/100|[from] item: Life Orb
|move|p1a: Iron Hands|Drain Punch|p2a: Weavile
|-supereffective|p2a: Weavile
|-damage|p2a: Weavile|0 fnt
|-heal|p1a: Iron Hands|22/100 tox|[from] drain|[of] p2a: Weavile
|faint|p2a: Weavile
|
|-damage|p1a: Iron Hands|16/100 tox|[from] psn
|upkeep
|
|t:|1743835290
|switch|p2a: Cinderace|Cinderace, F|100/100
|turn|18
|
|t:|1743835295
|move|p2a: Cinderace|U-turn|p1a: Iron Hands
|-start|p2a: Cinderace|typechange|Bug|[from] ability: Libero
|-resisted|p1a: Iron Hands
|-damage|p1a: Iron Hands|6/100 tox
|
|t:|1743835299
|switch|p2a: Zamazenta|Zamazenta|73/100|[from] U-turn
|move|p1a: Iron Hands|Wild Charge|p2a: Zamazenta
|-damage|p2a: Zamazenta|44/100
|-damage|p1a: Iron Hands|0 fnt|[from] Recoil
|faint|p1a: Iron Hands
|-end|p1a: Iron Hands|Quark Drive|[silent]
|
|-heal|p2a: Zamazenta|50/100|[from] item: Leftovers
|upkeep
|
|t:|1743835313
|switch|p1a: Grimmsnarl|Grimmsnarl, M|71/100
|-activate|p1a: Grimmsnarl|move: Sticky Web
|-unboost|p1a: Grimmsnarl|spe|1
|turn|19
|
|t:|1743835318
|move|p1a: Grimmsnarl|Reflect|p1a: Grimmsnarl
|-sidestart|p1: Parthzival123|Reflect
|move|p2a: Zamazenta|Iron Head|p1a: Grimmsnarl
|-supereffective|p1a: Grimmsnarl
|-damage|p1a: Grimmsnarl|54/100
|
|-heal|p2a: Zamazenta|57/100|[from] item: Leftovers
|upkeep
|turn|20
|
|t:|1743835324
|switch|p2a: Cinderace|Cinderace, F|100/100
|move|p1a: Grimmsnarl|Parting Shot|p2a: Cinderace
|-unboost|p2a: Cinderace|atk|1
|-unboost|p2a: Cinderace|spa|1
|
|t:|1743835330
|switch|p1a: Slowbro|Slowbro-Galar, M|88/100|[from] Parting Shot
|-activate|p1a: Slowbro|move: Sticky Web
|-unboost|p1a: Slowbro|spe|1
|
|upkeep
|turn|21
|
|t:|1743835337
|move|p2a: Cinderace|Court Change|p2a: Cinderace
|-start|p2a: Cinderace|typechange|Normal|[from] ability: Libero
|-swapsideconditions
|-activate|p2a: Cinderace|move: Court Change
|move|p1a: Slowbro|Surf|p2a: Cinderace
|-damage|p2a: Cinderace|61/100
|
|upkeep
|turn|22
|-activate|p1a: Slowbro|item: Quick Claw
|
|t:|1743835364
|move|p1a: Slowbro|Surf|p2a: Cinderace
|-damage|p2a: Cinderace|23/100
|move|p2a: Cinderace|U-turn|p1a: Slowbro
|-damage|p1a: Slowbro|73/100
|
|t:|1743835387
|switch|p2a: Great Tusk|Great Tusk|100/100|[from] U-turn
|-activate|p2a: Great Tusk|move: Sticky Web
|-unboost|p2a: Great Tusk|spe|1
|-enditem|p2a: Great Tusk|Booster Energy
|-activate|p2a: Great Tusk|ability: Protosynthesis|[fromitem]
|-start|p2a: Great Tusk|protosynthesisatk
|
|upkeep
|turn|23
|
|t:|1743835398
|move|p2a: Great Tusk|Stealth Rock|p1a: Slowbro
|-sidestart|p1: Parthzival123|move: Stealth Rock
|move|p1a: Slowbro|Surf|p2a: Great Tusk
|-supereffective|p2a: Great Tusk
|-damage|p2a: Great Tusk|11/100
|
|upkeep
|turn|24
|
|t:|1743835404
|move|p2a: Great Tusk|Rapid Spin|p1a: Slowbro
|-damage|p1a: Slowbro|50/100
|-boost|p2a: Great Tusk|spe|1
|-sideend|p2: dxiong|Sticky Web|[from] move: Rapid Spin|[of] p2a: Great Tusk
|move|p1a: Slowbro|Nasty Plot|p1a: Slowbro
|-boost|p1a: Slowbro|spa|2
|
|upkeep
|turn|25
|
|t:|1743835411
|move|p2a: Great Tusk|Headlong Rush|p1a: Slowbro
|-supereffective|p1a: Slowbro
|-damage|p1a: Slowbro|0 fnt
|-unboost|p2a: Great Tusk|def|1
|-unboost|p2a: Great Tusk|spd|1
|faint|p1a: Slowbro
|
|upkeep
|
|t:|1743835418
|switch|p1a: Grimmsnarl|Grimmsnarl, M|54/100
|-damage|p1a: Grimmsnarl|41/100|[from] Stealth Rock
|turn|26
|
|t:|1743835425
|move|p2a: Great Tusk|Headlong Rush|p1a: Grimmsnarl
|-damage|p1a: Grimmsnarl|0 fnt
|-unboost|p2a: Great Tusk|def|1
|-unboost|p2a: Great Tusk|spd|1
|faint|p1a: Grimmsnarl
|
|-sideend|p2: dxiong|Reflect
|upkeep
|
|t:|1743835431
|switch|p1a: Enamorus|Enamorus-Therian, F|100/100
|-damage|p1a: Enamorus|76/100|[from] Stealth Rock
|turn|27
|
|t:|1743835438
|move|p2a: Great Tusk|Rapid Spin|p1a: Enamorus
|-damage|p1a: Enamorus|52/100
|-boost|p2a: Great Tusk|spe|1
|move|p1a: Enamorus|Moonblast|p2a: Great Tusk
|-supereffective|p2a: Great Tusk
|-damage|p2a: Great Tusk|0 fnt
|faint|p2a: Great Tusk
|-end|p2a: Great Tusk|Protosynthesis|[silent]
|
|upkeep
|
|t:|1743835442
|switch|p2a: Cinderace|Cinderace, F|23/100
|turn|28
|
|t:|1743835449
|move|p2a: Cinderace|Pyro Ball|p1a: Enamorus|[miss]
|-miss|p2a: Cinderace|p1a: Enamorus
|move|p1a: Enamorus|Moonblast|p2a: Cinderace
|-resisted|p2a: Cinderace
|-damage|p2a: Cinderace|0 fnt
|faint|p2a: Cinderace
|
|upkeep
|
|t:|1743835451
|switch|p2a: Zamazenta|Zamazenta|57/100
|turn|29
|c|☆Parthzival123|GG
|c|☆Parthzival123|and goodbye
|
|t:|1743835464
|move|p2a: Zamazenta|Protect|p2a: Zamazenta
|-singleturn|p2a: Zamazenta|Protect
|move|p1a: Enamorus|Moonblast|p2a: Zamazenta
|-activate|p2a: Zamazenta|move: Protect
|
|-heal|p2a: Zamazenta|63/100|[from] item: Leftovers
|upkeep
|turn|30
|
|t:|1743835471
|move|p2a: Zamazenta|Iron Head|p1a: Enamorus
|-supereffective|p1a: Enamorus
|-damage|p1a: Enamorus|15/100
|move|p1a: Enamorus|Moonblast|p2a: Zamazenta
|-supereffective|p2a: Zamazenta
|-damage|p2a: Zamazenta|0 fnt
|faint|p2a: Zamazenta
|
|win|Parthzival123
|raw|Parthzival123's rating: 1284 &rarr; <strong>1312</strong><br />(+28 for winning)
|raw|dxiong's rating: 1324 &rarr; <strong>1302</strong><br />(-22 for losing)
|l|☆dxiong
|player|p2|
|l|☆Parthzival123
|player|p1|
