|j|☆vs9425
|j|☆rhoomesie
|t:|1743828840
|gametype|singles
|player|p1|vs9425|265|1124
|player|p2|rhoomesie|170|1175
|teamsize|p1|6
|teamsize|p2|6
|gen|9
|tier|[Gen 9] OU
|rated|
|rule|HP Percentage Mod: HP is shown in percentages
|rule|Endless Battle Clause: Forcing endless battles is banned
|rule|Species Clause: Limit one of each Pokémon
|rule|OHKO Clause: OHKO moves are banned
|rule|Evasion Items Clause: Evasion items are banned
|rule|Evasion Moves Clause: Evasion moves are banned
|rule|Sleep Moves Clause: Sleep-inducing moves are banned
|clearpoke
|poke|p1|Electrode-Hisui|
|poke|p1|Toxapex, F|
|poke|p1|Incineroar, M|
|poke|p1|Landorus-Therian, M|
|poke|p1|Darkrai|
|poke|p1|Suicune|
|poke|p2|Weavile, M|
|poke|p2|Kyurem|
|poke|p2|Gholdengo|
|poke|p2|Slowking-Galar, M|
|poke|p2|Ting-Lu|
|poke|p2|Raging Bolt|
|teampreview
|l|☆vs9425
|player|p1|
|j|☆vs9425
|player|p1|vs9425|265|
|
|t:|1743828880
|start
|switch|p1a: Electrode|Electrode-Hisui|100/100
|switch|p2a: Ting-Lu|Ting-Lu|100/100
|-ability|p2a: Ting-Lu|Vessel of Ruin
|turn|1
|inactive|Battle timer is ON: inactive players will automatically lose when time's up. (requested by vs9425)
|inactive|rhoomesie has 120 seconds left.
|inactive|rhoomesie has 90 seconds left.
|inactive|rhoomesie has 60 seconds left.
|
|t:|1743829007
|move|p1a: Electrode|Taunt|p2a: Ting-Lu
|-start|p2a: Ting-Lu|move: Taunt
|cant|p2a: Ting-Lu|move: Taunt|Stealth Rock
|
|upkeep
|turn|2
|
|t:|1743829014
|switch|p2a: Slowking|Slowking-Galar, M|100/100
|move|p1a: Electrode|Chloroblast|p2a: Slowking
|-resisted|p2a: Slowking
|-damage|p2a: Slowking|85/100
|-damage|p1a: Electrode|50/100|[from] Recoil
|
|upkeep
|turn|3
|
|t:|1743829041
|switch|p1a: Landorus|Landorus-Therian, M|100/100
|-ability|p1a: Landorus|Intimidate|boost
|-unboost|p2a: Slowking|atk|1
|move|p2a: Slowking|Future Sight|p1a: Landorus
|-start|p2a: Slowking|move: Future Sight
|
|upkeep
|turn|4
|
|t:|1743829056
|move|p1a: Landorus|Earthquake|p2a: Slowking
|-supereffective|p2a: Slowking
|-damage|p2a: Slowking|0 fnt
|faint|p2a: Slowking
|
|upkeep
|
|t:|1743829062
|switch|p2a: Kyurem|Kyurem|100/100
|-ability|p2a: Kyurem|Pressure
|turn|5
|
|t:|1743829072
|switch|p1a: Incineroar|Incineroar, M|100/100
|-ability|p1a: Incineroar|Intimidate|boost
|-unboost|p2a: Kyurem|atk|1
|move|p2a: Kyurem|Freeze-Dry|p1a: Incineroar
|-resisted|p1a: Incineroar
|-damage|p1a: Incineroar|84/100
|-status|p1a: Incineroar|frz
|
|-end|p1a: Incineroar|move: Future Sight
|-immune|p1a: Incineroar
|upkeep
|turn|6
|
|t:|1743829083
|move|p2a: Kyurem|Earth Power|p1a: Incineroar
|-supereffective|p1a: Incineroar
|-damage|p1a: Incineroar|27/100 frz
|cant|p1a: Incineroar|frz
|
|upkeep
|turn|7
|inactive|rhoomesie has 90 seconds left.
|
|t:|1743829114
|move|p2a: Kyurem|Earth Power|p1a: Incineroar
|-supereffective|p1a: Incineroar
|-damage|p1a: Incineroar|0 fnt
|faint|p1a: Incineroar
|
|upkeep
|
|t:|1743829128
|switch|p1a: Electrode|Electrode-Hisui|50/100
|turn|8
|
|t:|1743829134
|move|p1a: Electrode|Thunder Wave|p2a: Kyurem|[miss]
|-miss|p1a: Electrode|p2a: Kyurem
|move|p2a: Kyurem|Freeze-Dry|p1a: Electrode
|-supereffective|p1a: Electrode
|-damage|p1a: Electrode|0 fnt
|faint|p1a: Electrode
|
|upkeep
|-message|vs9425 forfeited.
|
|win|rhoomesie
|raw|vs9425's rating: 1124 &rarr; <strong>1103</strong><br />(-21 for losing)
|raw|rhoomesie's rating: 1175 &rarr; <strong>1196</strong><br />(+21 for winning)
|l|☆vs9425
|player|p1|
