|j|‽itspaoloooo
|j|☆stevenash12332
|t:|1743826940
|gametype|singles
|player|p1|itspaoloooo|lucas|1087
|player|p2|stevenash12332|blue|1068
|teamsize|p1|6
|teamsize|p2|6
|gen|9
|tier|[Gen 9] OU
|rated|
|rule|HP Percentage Mod: HP is shown in percentages
|rule|Endless Battle Clause: Forcing endless battles is banned
|rule|Species Clause: Limit one of each Pokémon
|rule|OHKO Clause: OHKO moves are banned
|rule|Evasion Items Clause: Evasion items are banned
|rule|Evasion Moves Clause: Evasion moves are banned
|rule|Sleep Moves Clause: Sleep-inducing moves are banned
|clearpoke
|poke|p1|Malamar, M|
|poke|p1|Metagross|
|poke|p1|Venomoth, M|
|poke|p1|Slowbro-Galar, M|
|poke|p1|Vaporeon, F|
|poke|p1|Magcargo, M|
|poke|p2|Raging Bolt|
|poke|p2|Greninja-*, M|
|poke|p2|Corviknight, F|
|poke|p2|Ogerpon-Wellspring, F|
|poke|p2|Dragonite, F|
|poke|p2|Rillaboom, F|
|teampreview
|inactive|Battle timer is ON: inactive players will automatically lose when time's up. (requested by itspaoloooo)
|
|t:|1743826957
|start
|switch|p1a: Magcargo|Magcargo, M|100/100
|switch|p2a: Trunks|Raging Bolt|100/100
|-enditem|p2a: Trunks|Booster Energy
|-activate|p2a: Trunks|ability: Protosynthesis|[fromitem]
|-start|p2a: Trunks|protosynthesisspa
|turn|1
|
|t:|1743826986
|move|p2a: Trunks|Calm Mind|p2a: Trunks
|-boost|p2a: Trunks|spa|1
|-boost|p2a: Trunks|spd|1
|move|p1a: Magcargo|Stealth Rock|p2a: Trunks
|-sidestart|p2: stevenash12332|move: Stealth Rock
|
|upkeep
|turn|2
|inactive|itspaoloooo has 120 seconds left.
|
|t:|1743827039
|move|p2a: Trunks|Dragon Pulse|p1a: Magcargo
|-damage|p1a: Magcargo|3/100
|move|p1a: Magcargo|Clear Smog|p2a: Trunks
|-damage|p2a: Trunks|94/100
|-clearboost|p2a: Trunks
|
|upkeep
|turn|3
|
|t:|1743827050
|move|p2a: Trunks|Calm Mind|p2a: Trunks
|-boost|p2a: Trunks|spa|1
|-boost|p2a: Trunks|spd|1
|move|p1a: Magcargo|Flamethrower|p2a: Trunks
|-resisted|p2a: Trunks
|-damage|p2a: Trunks|85/100
|
|upkeep
|turn|4
|
|t:|1743827058
|move|p2a: Trunks|Dragon Pulse|p1a: Magcargo
|-damage|p1a: Magcargo|0 fnt
|faint|p1a: Magcargo
|
|upkeep
|
|t:|1743827070
|switch|p1a: Slowbro|Slowbro-Galar, M|100/100
|turn|5
|
|t:|1743827075
|move|p2a: Trunks|Thunderbolt|p1a: Slowbro
|-damage|p1a: Slowbro|0 fnt
|faint|p1a: Slowbro
|
|upkeep
|
|t:|1743827081
|switch|p1a: Venomoth|Venomoth, M, shiny|100/100
|turn|6
|
|t:|1743827086
|-terastallize|p1a: Venomoth|Grass
|move|p2a: Trunks|Thunderclap||[still]
|-fail|p2a: Trunks
|move|p1a: Venomoth|Quiver Dance|p1a: Venomoth
|-boost|p1a: Venomoth|spa|1
|-boost|p1a: Venomoth|spd|1
|-boost|p1a: Venomoth|spe|1
|
|upkeep
|turn|7
|
|t:|1743827094
|move|p1a: Venomoth|Quiver Dance|p1a: Venomoth
|-boost|p1a: Venomoth|spa|1
|-boost|p1a: Venomoth|spd|1
|-boost|p1a: Venomoth|spe|1
|move|p2a: Trunks|Thunderbolt|p1a: Venomoth
|-resisted|p1a: Venomoth
|-damage|p1a: Venomoth|63/100
|
|-heal|p1a: Venomoth|69/100|[from] item: Leftovers
|upkeep
|turn|8
|
|t:|1743827104
|move|p2a: Trunks|Thunderclap||[still]
|-fail|p2a: Trunks
|move|p1a: Venomoth|Quiver Dance|p1a: Venomoth
|-boost|p1a: Venomoth|spa|1
|-boost|p1a: Venomoth|spd|1
|-boost|p1a: Venomoth|spe|1
|
|-heal|p1a: Venomoth|75/100|[from] item: Leftovers
|upkeep
|turn|9
|
|t:|1743827110
|move|p1a: Venomoth|Giga Drain|p2a: Trunks
|-resisted|p2a: Trunks
|-damage|p2a: Trunks|37/100
|-heal|p1a: Venomoth|100/100|[from] drain|[of] p2a: Trunks
|move|p2a: Trunks|Dragon Pulse|p1a: Venomoth
|-damage|p1a: Venomoth|45/100
|
|-heal|p1a: Venomoth|51/100|[from] item: Leftovers
|upkeep
|turn|10
|
|t:|1743827123
|move|p1a: Venomoth|Quiver Dance|p1a: Venomoth
|-boost|p1a: Venomoth|spa|1
|-boost|p1a: Venomoth|spd|1
|-boost|p1a: Venomoth|spe|1
|move|p2a: Trunks|Dragon Pulse|p1a: Venomoth
|-damage|p1a: Venomoth|3/100
|
|-heal|p1a: Venomoth|9/100|[from] item: Leftovers
|upkeep
|turn|11
|
|t:|1743827132
|move|p2a: Trunks|Thunderclap||[still]
|-fail|p2a: Trunks
|move|p1a: Venomoth|Quiver Dance|p1a: Venomoth
|-boost|p1a: Venomoth|spa|1
|-boost|p1a: Venomoth|spd|1
|-boost|p1a: Venomoth|spe|1
|
|-heal|p1a: Venomoth|16/100|[from] item: Leftovers
|upkeep
|turn|12
|
|t:|1743827141
|move|p2a: Trunks|Thunderclap|p1a: Venomoth
|-resisted|p1a: Venomoth
|-damage|p1a: Venomoth|0 fnt
|faint|p1a: Venomoth
|
|upkeep
|
|t:|1743827145
|switch|p1a: Malamar|Malamar, M|100/100
|turn|13
|
|t:|1743827148
|move|p2a: Trunks|Dragon Pulse|p1a: Malamar
|-damage|p1a: Malamar|9/100
|move|p1a: Malamar|Acupressure|p1a: Malamar
|-boost|p1a: Malamar|def|2
|
|-heal|p1a: Malamar|15/100|[from] item: Leftovers
|upkeep
|turn|14
|
|t:|1743827154
|move|p2a: Trunks|Thunderclap||[still]
|-fail|p2a: Trunks
|move|p1a: Malamar|Acupressure|p1a: Malamar
|-boost|p1a: Malamar|accuracy|2
|
|-heal|p1a: Malamar|21/100|[from] item: Leftovers
|upkeep
|turn|15
|inactive|stevenash12332 has 120 seconds left.
|
|t:|1743827184
|move|p2a: Trunks|Thunderclap||[still]
|-fail|p2a: Trunks
|move|p1a: Malamar|Rest|p1a: Malamar
|-status|p1a: Malamar|slp|[from] move: Rest
|-heal|p1a: Malamar|100/100 slp|[silent]
|
|upkeep
|turn|16
|
|t:|1743827191
|move|p2a: Trunks|Dragon Pulse|p1a: Malamar
|-damage|p1a: Malamar|6/100 slp
|cant|p1a: Malamar|slp
|
|-heal|p1a: Malamar|12/100 slp|[from] item: Leftovers
|upkeep
|turn|17
|
|t:|1743827200
|move|p2a: Trunks|Dragon Pulse|p1a: Malamar
|-damage|p1a: Malamar|0 fnt
|faint|p1a: Malamar
|
|upkeep
|
|t:|1743827214
|switch|p1a: Metagross|Metagross, shiny|100/100
|turn|18
|inactive|stevenash12332 has 120 seconds left.
|
|t:|1743827259
|move|p2a: Trunks|Thunderclap|p1a: Metagross
|-damage|p1a: Metagross|47/100
|move|p1a: Metagross|Knock Off|p2a: Trunks
|-crit|p2a: Trunks
|-damage|p2a: Trunks|2/100
|
|upkeep
|turn|19
|
|t:|1743827283
|move|p2a: Trunks|Thunderbolt|p1a: Metagross
|-damage|p1a: Metagross|0 fnt
|faint|p1a: Metagross
|
|upkeep
|
|t:|1743827286
|switch|p1a: Vaporeon|Vaporeon, F|100/100
|turn|20
|
|t:|1743827291
|move|p2a: Trunks|Thunderclap|p1a: Vaporeon
|-supereffective|p1a: Vaporeon
|-damage|p1a: Vaporeon|18/100
|move|p1a: Vaporeon|Ice Beam|p2a: Trunks
|-supereffective|p2a: Trunks
|-damage|p2a: Trunks|0 fnt
|faint|p2a: Trunks
|-end|p2a: Trunks|Protosynthesis|[silent]
|
|-heal|p1a: Vaporeon|24/100|[from] item: Leftovers
|upkeep
|
|t:|1743827295
|switch|p2a: Piccolo|Rillaboom, F|100/100
|-damage|p2a: Piccolo|88/100|[from] Stealth Rock
|-fieldstart|move: Grassy Terrain|[from] ability: Grassy Surge|[of] p2a: Piccolo
|turn|21
|c|☆stevenash12332|gg
|
|t:|1743827303
|move|p1a: Vaporeon|Protect|p1a: Vaporeon
|-singleturn|p1a: Vaporeon|Protect
|move|p2a: Piccolo|Grassy Glide|p1a: Vaporeon
|-activate|p1a: Vaporeon|move: Protect
|
|-heal|p2a: Piccolo|94/100|[from] Grassy Terrain
|-heal|p2a: Piccolo|100/100|[from] item: Leftovers
|-heal|p1a: Vaporeon|31/100|[from] Grassy Terrain
|-heal|p1a: Vaporeon|37/100|[from] item: Leftovers
|upkeep
|turn|22
|
|t:|1743827327
|move|p2a: Piccolo|Grassy Glide|p1a: Vaporeon
|-supereffective|p1a: Vaporeon
|-damage|p1a: Vaporeon|0 fnt
|faint|p1a: Vaporeon
|
|win|stevenash12332
|raw|itspaoloooo's rating: 1087 &rarr; <strong>1063</strong><br />(-24 for losing)
|raw|stevenash12332's rating: 1068 &rarr; <strong>1099</strong><br />(+31 for winning)
|l|☆stevenash12332
|player|p2|
