|j|☆mtf_ftw
|j|☆pantuxd
|t:|1743823747
|gametype|singles
|player|p1|mtf_ftw|roxie|1221
|player|p2|pantuxd|1|1275
|teamsize|p1|6
|teamsize|p2|6
|gen|9
|tier|[Gen 9] OU
|rated|
|rule|HP Percentage Mod: HP is shown in percentages
|rule|Endless Battle Clause: Forcing endless battles is banned
|rule|Species Clause: Limit one of each Pokémon
|rule|OHKO Clause: OHKO moves are banned
|rule|Evasion Items Clause: Evasion items are banned
|rule|Evasion Moves Clause: Evasion moves are banned
|rule|Sleep Moves Clause: Sleep-inducing moves are banned
|clearpoke
|poke|p1|Uxie|
|poke|p1|Cresselia, F|
|poke|p1|Hatterene, F|
|poke|p1|Ursaluna, M|
|poke|p1|Iron Hands|
|poke|p1|Hydrapple, M|
|poke|p2|Landorus-Therian, M|
|poke|p2|Raging Bolt|
|poke|p2|Gholdengo|
|poke|p2|Enamorus, F|
|poke|p2|Samurott-Hisui, M|
|poke|p2|Ribombee, M|
|teampreview
|inactive|Battle timer is ON: inactive players will automatically lose when time's up. (requested by pantuxd)
|
|t:|1743823752
|start
|switch|p1a: Uxie|Uxie|100/100
|switch|p2a: Ribombee|Ribombee, M|100/100
|turn|1
|
|t:|1743823767
|move|p2a: Ribombee|Moonblast|p1a: Uxie
|-damage|p1a: Uxie|76/100
|move|p1a: Uxie|Stealth Rock|p2a: Ribombee
|-sidestart|p2: pantuxd|move: Stealth Rock
|
|upkeep
|turn|2
|
|t:|1743823772
|move|p2a: Ribombee|Moonblast|p1a: Uxie
|-damage|p1a: Uxie|53/100
|move|p1a: Uxie|Trick Room|p1a: Uxie
|-fieldstart|move: Trick Room|[of] p1a: Uxie
|
|upkeep
|turn|3
|
|t:|1743823792
|move|p1a: Uxie|U-turn|p2a: Ribombee
|-resisted|p2a: Ribombee
|-damage|p2a: Ribombee|93/100
|
|t:|1743823796
|switch|p1a: Ursaluna|Ursaluna, M|100/100|[from] U-turn
|move|p2a: Ribombee|Moonblast|p1a: Ursaluna
|-damage|p1a: Ursaluna|73/100
|-unboost|p1a: Ursaluna|spa|1
|
|-status|p1a: Ursaluna|brn|[from] item: Flame Orb
|upkeep
|turn|4
|
|t:|1743823806
|switch|p2a: Landorus|Landorus-Therian, M|100/100
|-damage|p2a: Landorus|88/100|[from] Stealth Rock
|-ability|p2a: Landorus|Intimidate|boost
|-unboost|p1a: Ursaluna|atk|1
|move|p1a: Ursaluna|Swords Dance|p1a: Ursaluna
|-boost|p1a: Ursaluna|atk|2
|
|-damage|p1a: Ursaluna|67/100 brn|[from] brn
|upkeep
|turn|5
|
|t:|1743823812
|switch|p2a: Gholdengo|Gholdengo|100/100
|-damage|p2a: Gholdengo|94/100|[from] Stealth Rock
|move|p1a: Ursaluna|Facade|p2a: Gholdengo
|-immune|p2a: Gholdengo
|
|-damage|p1a: Ursaluna|61/100 brn|[from] brn
|upkeep
|turn|6
|
|t:|1743823817
|switch|p2a: Landorus|Landorus-Therian, M|88/100
|-damage|p2a: Landorus|76/100|[from] Stealth Rock
|-ability|p2a: Landorus|Intimidate|boost
|-unboost|p1a: Ursaluna|atk|1
|move|p1a: Ursaluna|Fire Punch|p2a: Landorus
|-damage|p2a: Landorus|20/100
|
|-damage|p1a: Ursaluna|55/100 brn|[from] brn
|-fieldend|move: Trick Room
|upkeep
|turn|7
|
|t:|1743823827
|move|p2a: Landorus|Earthquake|p1a: Ursaluna
|-damage|p1a: Ursaluna|17/100 brn
|move|p1a: Ursaluna|Fire Punch|p2a: Landorus
|-damage|p2a: Landorus|0 fnt
|faint|p2a: Landorus
|
|-damage|p1a: Ursaluna|11/100 brn|[from] brn
|upkeep
|
|t:|1743823833
|switch|p2a: Ribombee|Ribombee, M|93/100
|-damage|p2a: Ribombee|68/100|[from] Stealth Rock
|turn|8
|
|t:|1743823839
|switch|p1a: Uxie|Uxie|53/100
|move|p2a: Ribombee|Moonblast|p1a: Uxie
|-damage|p1a: Uxie|28/100
|
|upkeep
|turn|9
|
|t:|1743823842
|move|p2a: Ribombee|Sticky Web|p1a: Uxie
|-sidestart|p1: mtf_ftw|move: Sticky Web
|move|p1a: Uxie|Trick Room|p1a: Uxie
|-fieldstart|move: Trick Room|[of] p1a: Uxie
|
|upkeep
|turn|10
|
|t:|1743823850
|move|p1a: Uxie|U-turn|p2a: Ribombee
|-resisted|p2a: Ribombee
|-damage|p2a: Ribombee|60/100
|
|t:|1743823855
|switch|p1a: Iron Hands|Iron Hands|100/100|[from] U-turn
|-activate|p1a: Iron Hands|move: Sticky Web
|-unboost|p1a: Iron Hands|spe|1
|-enditem|p1a: Iron Hands|Booster Energy
|-activate|p1a: Iron Hands|ability: Quark Drive|[fromitem]
|-start|p1a: Iron Hands|quarkdriveatk
|move|p2a: Ribombee|Stun Spore|p1a: Iron Hands
|-immune|p1a: Iron Hands
|
|upkeep
|turn|11
|
|t:|1743823875
|move|p1a: Iron Hands|Supercell Slam|p2a: Ribombee
|-damage|p2a: Ribombee|0 fnt
|faint|p2a: Ribombee
|
|upkeep
|
|t:|1743823893
|switch|p2a: Raging Bolt|Raging Bolt|100/100
|-damage|p2a: Raging Bolt|88/100|[from] Stealth Rock
|-enditem|p2a: Raging Bolt|Booster Energy
|-activate|p2a: Raging Bolt|ability: Protosynthesis|[fromitem]
|-start|p2a: Raging Bolt|protosynthesisspa
|turn|12
|
|t:|1743823900
|move|p1a: Iron Hands|Ice Punch|p2a: Raging Bolt
|-supereffective|p2a: Raging Bolt
|-damage|p2a: Raging Bolt|7/100
|move|p2a: Raging Bolt|Calm Mind|p2a: Raging Bolt
|-boost|p2a: Raging Bolt|spa|1
|-boost|p2a: Raging Bolt|spd|1
|
|upkeep
|turn|13
|
|t:|1743823914
|move|p2a: Raging Bolt|Thunderclap|p1a: Iron Hands
|-resisted|p1a: Iron Hands
|-damage|p1a: Iron Hands|62/100
|move|p1a: Iron Hands|Supercell Slam|p2a: Raging Bolt
|-resisted|p2a: Raging Bolt
|-damage|p2a: Raging Bolt|0 fnt
|faint|p2a: Raging Bolt
|-end|p2a: Raging Bolt|Protosynthesis|[silent]
|
|-fieldend|move: Trick Room
|upkeep
|
|t:|1743823926
|switch|p2a: Samurott|Samurott-Hisui, M|100/100
|-damage|p2a: Samurott|88/100|[from] Stealth Rock
|turn|14
|
|t:|1743823934
|move|p2a: Samurott|Aqua Cutter|p1a: Iron Hands
|-crit|p1a: Iron Hands
|-damage|p1a: Iron Hands|13/100
|move|p1a: Iron Hands|Supercell Slam|p2a: Samurott
|-supereffective|p2a: Samurott
|-crit|p2a: Samurott
|-damage|p2a: Samurott|0 fnt
|faint|p2a: Samurott
|
|upkeep
|-message|pantuxd forfeited.
|
|win|mtf_ftw
|raw|mtf_ftw's rating: 1221 &rarr; <strong>1250</strong><br />(+29 for winning)
|raw|pantuxd's rating: 1275 &rarr; <strong>1246</strong><br />(-29 for losing)
|l|☆pantuxd
|player|p2|
|l|☆mtf_ftw
|player|p1|
