|j|☆Edlaceman
|j|☆random tera ghost
|t:|1743778865
|gametype|singles
|player|p1|Edlaceman|ghetsis|1179
|player|p2|random tera ghost|265|1214
|teamsize|p1|6
|teamsize|p2|6
|gen|9
|tier|[Gen 9] OU
|rated|
|rule|HP Percentage Mod: HP is shown in percentages
|rule|Endless Battle Clause: Forcing endless battles is banned
|rule|Species Clause: Limit one of each Pokémon
|rule|OHKO Clause: OHKO moves are banned
|rule|Evasion Items Clause: Evasion items are banned
|rule|Evasion Moves Clause: Evasion moves are banned
|rule|Sleep Moves Clause: Sleep-inducing moves are banned
|clearpoke
|poke|p1|Iron Moth|
|poke|p1|Ogerpon-Wellspring, F|
|poke|p1|Great Tusk|
|poke|p1|Dragapult, F|
|poke|p1|Garganacl, F|
|poke|p1|Tinkaton, F|
|poke|p2|Ninetales, F|
|poke|p2|Scovillain, F|
|poke|p2|Walking Wake|
|poke|p2|Hatterene, F|
|poke|p2|Great Tusk|
|poke|p2|Ceruledge, F|
|teampreview
|inactive|Battle timer is ON: inactive players will automatically lose when time's up. (requested by random tera ghost)
|
|t:|1743778871
|start
|switch|p1a: Tinkaton|Tinkaton, F, shiny|100/100
|switch|p2a: Ninetales|Ninetales, F|100/100
|-weather|SunnyDay|[from] ability: Drought|[of] p2a: Ninetales
|-ability|p1a: Tinkaton|Mold Breaker
|-item|p1a: Tinkaton|Air Balloon
|turn|1
|
|t:|1743778895
|move|p2a: Ninetales|Weather Ball|p1a: Tinkaton
|-supereffective|p1a: Tinkaton
|-damage|p1a: Tinkaton|25/100
|-enditem|p1a: Tinkaton|Air Balloon
|move|p1a: Tinkaton|Stealth Rock|p2a: Ninetales
|-sidestart|p2: random tera ghost|move: Stealth Rock
|
|-weather|SunnyDay|[upkeep]
|upkeep
|turn|2
|
|t:|1743778903
|move|p2a: Ninetales|Weather Ball|p1a: Tinkaton
|-supereffective|p1a: Tinkaton
|-damage|p1a: Tinkaton|0 fnt
|faint|p1a: Tinkaton
|
|-weather|SunnyDay|[upkeep]
|upkeep
|
|t:|1743778912
|switch|p1a: Great Tusk|Great Tusk|100/100
|-activate|p1a: Great Tusk|ability: Protosynthesis
|-start|p1a: Great Tusk|protosynthesisatk
|turn|3
|
|t:|1743778923
|-terastallize|p2a: Ninetales|Flying
|move|p2a: Ninetales|Will-O-Wisp|p1a: Great Tusk|[miss]
|-miss|p2a: Ninetales|p1a: Great Tusk
|move|p1a: Great Tusk|Rapid Spin|p2a: Ninetales
|-damage|p2a: Ninetales|72/100
|-boost|p1a: Great Tusk|spe|1
|
|-weather|SunnyDay|[upkeep]
|upkeep
|turn|4
|
|t:|1743778931
|move|p1a: Great Tusk|Ice Spinner|p2a: Ninetales
|-supereffective|p2a: Ninetales
|-damage|p2a: Ninetales|0 fnt
|faint|p2a: Ninetales
|
|-weather|SunnyDay|[upkeep]
|upkeep
|
|t:|1743778938
|switch|p2a: Don|Great Tusk|100/100
|-damage|p2a: Don|98/100|[from] Stealth Rock
|-activate|p2a: Don|ability: Protosynthesis
|-start|p2a: Don|protosynthesisatk
|turn|5
|
|t:|1743778945
|move|p1a: Great Tusk|Ice Spinner|p2a: Don
|-supereffective|p2a: Don
|-crit|p2a: Don
|-damage|p2a: Don|23/100
|-damage|p1a: Great Tusk|84/100|[from] item: Rocky Helmet|[of] p2a: Don
|move|p2a: Don|Rapid Spin|p1a: Great Tusk
|-damage|p1a: Great Tusk|66/100
|-boost|p2a: Don|spe|1
|-sideend|p2: random tera ghost|Stealth Rock|[from] move: Rapid Spin|[of] p2a: Don
|
|-weather|SunnyDay|[upkeep]
|upkeep
|turn|6
|
|t:|1743778954
|move|p1a: Great Tusk|Ice Spinner|p2a: Don
|-supereffective|p2a: Don
|-damage|p2a: Don|0 fnt
|-damage|p1a: Great Tusk|50/100|[from] item: Rocky Helmet|[of] p2a: Don
|faint|p2a: Don
|-end|p2a: Don|Protosynthesis|[silent]
|
|-weather|SunnyDay|[upkeep]
|upkeep
|
|t:|1743778971
|switch|p2a: Scovillain|Scovillain, F, shiny|100/100
|turn|7
|
|t:|1743778976
|move|p2a: Scovillain|Solar Beam||[still]
|-prepare|p2a: Scovillain|Solar Beam
|-anim|p2a: Scovillain|Solar Beam|p1a: Great Tusk
|-supereffective|p1a: Great Tusk
|-damage|p1a: Great Tusk|0 fnt
|faint|p1a: Great Tusk
|-end|p1a: Great Tusk|Protosynthesis|[silent]
|-damage|p2a: Scovillain|91/100|[from] item: Life Orb
|
|-weather|SunnyDay|[upkeep]
|upkeep
|
|t:|1743778997
|switch|p1a: Iron Moth|Iron Moth|100/100
|-enditem|p1a: Iron Moth|Booster Energy
|-activate|p1a: Iron Moth|ability: Quark Drive|[fromitem]
|-start|p1a: Iron Moth|quarkdrivespe
|turn|8
|
|t:|1743779009
|move|p2a: Scovillain|Tera Blast|p1a: Iron Moth
|-damage|p1a: Iron Moth|67/100
|-damage|p2a: Scovillain|81/100|[from] item: Life Orb
|move|p1a: Iron Moth|Sludge Wave|p2a: Scovillain
|-supereffective|p2a: Scovillain
|-damage|p2a: Scovillain|0 fnt
|faint|p2a: Scovillain
|
|-weather|none
|upkeep
|
|t:|1743779017
|switch|p2a: Walking Wake|Walking Wake|100/100
|turn|9
|
|t:|1743779024
|move|p1a: Iron Moth|Dazzling Gleam|p2a: Walking Wake
|-supereffective|p2a: Walking Wake
|-damage|p2a: Walking Wake|39/100
|move|p2a: Walking Wake|Hydro Steam|p1a: Iron Moth
|-supereffective|p1a: Iron Moth
|-damage|p1a: Iron Moth|0 fnt
|faint|p1a: Iron Moth
|-end|p1a: Iron Moth|Quark Drive|[silent]
|
|upkeep
|
|t:|1743779031
|switch|p1a: Dragapult|Dragapult, F|100/100
|turn|10
|
|t:|1743779036
|-end|p2a: Walking Wake|Protosynthesis|[silent]
|switch|p2a: Hatterene|Hatterene, F|100/100
|-terastallize|p1a: Dragapult|Fairy
|move|p1a: Dragapult|Dragon Darts|p2a: Hatterene
|-immune|p2a: Hatterene
|
|upkeep
|turn|11
|
|t:|1743779055
|switch|p2a: Walking Wake|Walking Wake|39/100
|move|p1a: Dragapult|Hex|p2a: Walking Wake
|-damage|p2a: Walking Wake|6/100
|
|upkeep
|turn|12
|
|t:|1743779062
|move|p1a: Dragapult|Hex|p2a: Walking Wake
|-damage|p2a: Walking Wake|0 fnt
|faint|p2a: Walking Wake
|-end|p2a: Walking Wake|Protosynthesis|[silent]
|
|upkeep
|
|t:|1743779065
|switch|p2a: Ceruledge|Ceruledge, F|100/100
|turn|13
|
|t:|1743779076
|move|p1a: Dragapult|Hex|p2a: Ceruledge
|-supereffective|p2a: Ceruledge
|-damage|p2a: Ceruledge|39/100
|move|p2a: Ceruledge|Bitter Blade|p1a: Dragapult
|-damage|p1a: Dragapult|35/100
|-heal|p2a: Ceruledge|74/100|[from] drain|[of] p1a: Dragapult
|
|upkeep
|turn|14
|
|t:|1743779085
|move|p2a: Ceruledge|Shadow Sneak|p1a: Dragapult
|-damage|p1a: Dragapult|6/100
|move|p1a: Dragapult|Hex|p2a: Ceruledge
|-supereffective|p2a: Ceruledge
|-damage|p2a: Ceruledge|15/100
|
|upkeep
|turn|15
|l|☆random tera ghost
|inactive|random tera ghost disconnected and has a minute to reconnect!
|player|p2|
|j| muricoca soca
|l| muricoca soca
|j|☆random tera ghost
|inactive|random tera ghost reconnected and has 115 seconds left.
|player|p2|random tera ghost|265|
|
|t:|1743779127
|move|p2a: Ceruledge|Shadow Sneak|p1a: Dragapult
|-damage|p1a: Dragapult|0 fnt
|faint|p1a: Dragapult
|
|upkeep
|
|t:|1743779133
|switch|p1a: Garganacl|Garganacl, F|100/100
|turn|16
|inactive|random tera ghost has 120 seconds left.
|
|t:|1743779141
|move|p2a: Ceruledge|Bitter Blade|p1a: Garganacl
|-resisted|p1a: Garganacl
|-damage|p1a: Garganacl|85/100
|-heal|p2a: Ceruledge|26/100|[from] drain|[of] p1a: Garganacl
|move|p1a: Garganacl|Curse|p1a: Garganacl
|-unboost|p1a: Garganacl|spe|1
|-boost|p1a: Garganacl|atk|1
|-boost|p1a: Garganacl|def|1
|
|-heal|p1a: Garganacl|91/100|[from] item: Leftovers
|upkeep
|turn|17
|
|t:|1743779157
|move|p2a: Ceruledge|Solar Blade||[still]
|-prepare|p2a: Ceruledge|Solar Blade
|move|p1a: Garganacl|Curse|p1a: Garganacl
|-unboost|p1a: Garganacl|spe|1
|-boost|p1a: Garganacl|atk|1
|-boost|p1a: Garganacl|def|1
|
|-heal|p1a: Garganacl|97/100|[from] item: Leftovers
|upkeep
|turn|18
|
|t:|1743779165
|move|p2a: Ceruledge|Solar Blade|p1a: Garganacl|[from] lockedmove
|-supereffective|p1a: Garganacl
|-damage|p1a: Garganacl|68/100
|move|p1a: Garganacl|Salt Cure|p2a: Ceruledge
|-supereffective|p2a: Ceruledge
|-crit|p2a: Ceruledge
|-damage|p2a: Ceruledge|0 fnt
|faint|p2a: Ceruledge
|
|-heal|p1a: Garganacl|74/100|[from] item: Leftovers
|upkeep
|
|t:|1743779167
|switch|p2a: Hatterene|Hatterene, F|100/100
|turn|19
|
|t:|1743779187
|move|p2a: Hatterene|Draining Kiss|p1a: Garganacl
|-damage|p1a: Garganacl|59/100
|move|p1a: Garganacl|Salt Cure|p2a: Hatterene
|-damage|p2a: Hatterene|76/100
|-start|p2a: Hatterene|Salt Cure
|
|-heal|p1a: Garganacl|65/100|[from] item: Leftovers
|-damage|p2a: Hatterene|63/100|[from] Salt Cure
|upkeep
|turn|20
|
|t:|1743779197
|move|p2a: Hatterene|Draining Kiss|p1a: Garganacl
|-damage|p1a: Garganacl|49/100
|-heal|p2a: Hatterene|79/100|[from] drain|[of] p1a: Garganacl
|move|p1a: Garganacl|Curse|p1a: Garganacl
|-unboost|p1a: Garganacl|spe|1
|-boost|p1a: Garganacl|atk|1
|-boost|p1a: Garganacl|def|1
|
|-heal|p1a: Garganacl|55/100|[from] item: Leftovers
|-damage|p2a: Hatterene|67/100|[from] Salt Cure
|upkeep
|turn|21
|
|t:|1743779207
|move|p2a: Hatterene|Draining Kiss|p1a: Garganacl
|-damage|p1a: Garganacl|39/100
|-heal|p2a: Hatterene|83/100|[from] drain|[of] p1a: Garganacl
|move|p1a: Garganacl|Curse|p1a: Garganacl
|-unboost|p1a: Garganacl|spe|1
|-boost|p1a: Garganacl|atk|1
|-boost|p1a: Garganacl|def|1
|
|-heal|p1a: Garganacl|45/100|[from] item: Leftovers
|-damage|p2a: Hatterene|70/100|[from] Salt Cure
|upkeep
|turn|22
|-message|random tera ghost forfeited.
|
|win|Edlaceman
|raw|Edlaceman's rating: 1179 &rarr; <strong>1207</strong><br />(+28 for winning)
|raw|random tera ghost's rating: 1214 &rarr; <strong>1186</strong><br />(-28 for losing)
|l|☆random tera ghost
|player|p2|
|l|☆Edlaceman
|player|p1|
