|j|☆mahardikafirdaus7
|j|☆rad_villainy
|t:|1743780657
|gametype|singles
|player|p1|mahardikafirdaus7|hugh|1372
|player|p2|rad_villainy|galacticgrunt|1384
|teamsize|p1|6
|teamsize|p2|6
|gen|9
|tier|[Gen 9] OU
|rated|
|rule|HP Percentage Mod: HP is shown in percentages
|rule|Endless Battle Clause: Forcing endless battles is banned
|rule|Species Clause: Limit one of each Pokémon
|rule|OHKO Clause: OHKO moves are banned
|rule|Evasion Items Clause: Evasion items are banned
|rule|Evasion Moves Clause: Evasion moves are banned
|rule|Sleep Moves Clause: Sleep-inducing moves are banned
|clearpoke
|poke|p1|Zamazenta-*|
|poke|p1|Kingambit, F|
|poke|p1|Samurott-Hisui, F|
|poke|p1|Landorus-Therian, M|
|poke|p1|Iron Valiant|
|poke|p1|Iron Moth|
|poke|p2|Walking Wake|
|poke|p2|Meowscarada, F|
|poke|p2|Landorus-Therian, M|
|poke|p2|Mienshao, M|
|poke|p2|Slowking-Galar, M|
|poke|p2|Cinderace, M|
|teampreview
|inactive|Battle timer is ON: inactive players will automatically lose when time's up. (requested by mahardikafirdaus7)
|
|t:|1743780673
|start
|switch|p1a: Samurott|Samurott-Hisui, F|100/100
|switch|p2a: Meowscarada|Meowscarada, F, shiny|100/100
|turn|1
|
|t:|1743780683
|move|p2a: Meowscarada|U-turn|p1a: Samurott
|-start|p2a: Meowscarada|typechange|Bug|[from] ability: Protean
|-supereffective|p1a: Samurott
|-damage|p1a: Samurott|18/100
|
|t:|1743780687
|switch|p2a: Landorus|Landorus-Therian, M|100/100|[from] U-turn
|-ability|p2a: Landorus|Intimidate|boost
|-unboost|p1a: Samurott|atk|1
|move|p1a: Samurott|Knock Off|p2a: Landorus
|-damage|p2a: Landorus|79/100
|-damage|p1a: Samurott|1/100|[from] item: Rocky Helmet|[of] p2a: Landorus
|-enditem|p2a: Landorus|Rocky Helmet|[from] move: Knock Off|[of] p1a: Samurott
|
|upkeep
|turn|2
|
|t:|1743780716
|switch|p2a: Walking Wake|Walking Wake|100/100
|move|p1a: Samurott|Aqua Jet|p2a: Walking Wake
|-resisted|p2a: Walking Wake
|-damage|p2a: Walking Wake|97/100
|
|upkeep
|turn|3
|
|t:|1743780724
|move|p2a: Walking Wake|Flip Turn|p1a: Samurott
|-resisted|p1a: Samurott
|-damage|p1a: Samurott|0 fnt
|faint|p1a: Samurott
|
|t:|1743780732
|-end|p2a: Walking Wake|Protosynthesis|[silent]
|switch|p2a: Mienshao|Mienshao, M|100/100|[from] Flip Turn
|
|upkeep
|
|t:|1743780747
|switch|p1a: Iron Valiant|Iron Valiant|100/100
|-enditem|p1a: Iron Valiant|Booster Energy
|-activate|p1a: Iron Valiant|ability: Quark Drive|[fromitem]
|-start|p1a: Iron Valiant|quarkdrivespe
|turn|4
|
|t:|1743780759
|switch|p2a: Slowking|Slowking-Galar, M|100/100
|move|p1a: Iron Valiant|Moonblast|p2a: Slowking
|-resisted|p2a: Slowking
|-damage|p2a: Slowking|88/100
|
|upkeep
|turn|5
|
|t:|1743780770
|move|p1a: Iron Valiant|Calm Mind|p1a: Iron Valiant
|-boost|p1a: Iron Valiant|spa|1
|-boost|p1a: Iron Valiant|spd|1
|move|p2a: Slowking|Sludge Bomb|p1a: Iron Valiant
|-supereffective|p1a: Iron Valiant
|-damage|p1a: Iron Valiant|20/100
|-status|p1a: Iron Valiant|psn
|
|-damage|p1a: Iron Valiant|7/100 psn|[from] psn
|upkeep
|turn|6
|
|t:|1743780777
|move|p1a: Iron Valiant|Psyshock|p2a: Slowking
|-damage|p2a: Slowking|49/100
|-prepare|p2a: Slowking|Chilly Reception|[premajor]
|move|p2a: Slowking|Chilly Reception|p2a: Slowking
|-weather|Snowscape
|
|t:|1743780783
|switch|p2a: Mienshao|Mienshao, M|100/100|[from] Chilly Reception
|
|-weather|Snowscape|[upkeep]
|-damage|p1a: Iron Valiant|0 fnt|[from] psn
|faint|p1a: Iron Valiant
|-end|p1a: Iron Valiant|Quark Drive|[silent]
|upkeep
|
|t:|1743780792
|switch|p1a: Iron Moth|Iron Moth|100/100
|-enditem|p1a: Iron Moth|Booster Energy
|-activate|p1a: Iron Moth|ability: Quark Drive|[fromitem]
|-start|p1a: Iron Moth|quarkdrivespe
|turn|7
|
|t:|1743780802
|switch|p2a: Slowking|Slowking-Galar, M|82/100
|move|p1a: Iron Moth|Psychic|p2a: Slowking
|-damage|p2a: Slowking|65/100
|
|-weather|Snowscape|[upkeep]
|upkeep
|turn|8
|
|t:|1743780809
|-terastallize|p1a: Iron Moth|Ground
|move|p1a: Iron Moth|Tera Blast|p2a: Slowking|[anim] Tera Blast Ground
|-supereffective|p2a: Slowking
|-damage|p2a: Slowking|13/100
|move|p2a: Slowking|Thunder Wave|p1a: Iron Moth
|-immune|p1a: Iron Moth
|
|-weather|Snowscape|[upkeep]
|upkeep
|turn|9
|
|t:|1743780819
|switch|p2a: Landorus|Landorus-Therian, M|79/100
|-ability|p2a: Landorus|Intimidate|boost
|-unboost|p1a: Iron Moth|atk|1
|move|p1a: Iron Moth|Fiery Dance|p2a: Landorus
|-damage|p2a: Landorus|35/100
|
|-weather|Snowscape|[upkeep]
|upkeep
|turn|10
|inactive|rad_villainy has 120 seconds left.
|
|t:|1743780855
|move|p1a: Iron Moth|Fiery Dance|p2a: Landorus
|-crit|p2a: Landorus
|-damage|p2a: Landorus|0 fnt
|-boost|p1a: Iron Moth|spa|1
|faint|p2a: Landorus
|
|-weather|none
|upkeep
|
|t:|1743780857
|switch|p2a: Meowscarada|Meowscarada, F, shiny|100/100
|turn|11
|
|t:|1743780867
|move|p2a: Meowscarada|Flower Trick|p1a: Iron Moth
|-start|p2a: Meowscarada|typechange|Grass|[from] ability: Protean
|-supereffective|p1a: Iron Moth
|-crit|p1a: Iron Moth
|-damage|p1a: Iron Moth|0 fnt
|faint|p1a: Iron Moth
|-end|p1a: Iron Moth|Quark Drive|[silent]
|
|upkeep
|
|t:|1743780880
|switch|p1a: Landorus|Landorus-Therian, M|100/100
|-ability|p1a: Landorus|Intimidate|boost
|-unboost|p2a: Meowscarada|atk|1
|turn|12
|
|t:|1743780885
|move|p2a: Meowscarada|Flower Trick|p1a: Landorus
|-crit|p1a: Landorus
|-damage|p1a: Landorus|53/100
|move|p1a: Landorus|U-turn|p2a: Meowscarada
|-supereffective|p2a: Meowscarada
|-damage|p2a: Meowscarada|32/100
|
|t:|1743780893
|switch|p1a: Kingambit|Kingambit, F|100/100|[from] U-turn
|-activate|p1a: Kingambit|ability: Supreme Overlord
|-start|p1a: Kingambit|fallen3|[silent]
|
|upkeep
|turn|13
|
|t:|1743780905
|switch|p2a: Cinderace|Cinderace, M|100/100
|move|p1a: Kingambit|Swords Dance|p1a: Kingambit
|-boost|p1a: Kingambit|atk|2
|
|upkeep
|turn|14
|
|t:|1743780911
|move|p2a: Cinderace|Will-O-Wisp|p1a: Kingambit
|-status|p1a: Kingambit|brn
|move|p1a: Kingambit|Kowtow Cleave|p2a: Cinderace
|-damage|p2a: Cinderace|15/100
|
|-damage|p1a: Kingambit|94/100 brn|[from] brn
|upkeep
|turn|15
|
|t:|1743780918
|move|p1a: Kingambit|Sucker Punch|p2a: Cinderace
|-damage|p2a: Cinderace|0 fnt
|faint|p2a: Cinderace
|
|-heal|p1a: Kingambit|100/100 brn|[from] item: Leftovers
|-damage|p1a: Kingambit|94/100 brn|[from] brn
|upkeep
|
|t:|1743780921
|switch|p2a: Mienshao|Mienshao, M|100/100
|turn|16
|
|t:|1743780928
|move|p2a: Mienshao|High Jump Kick|p1a: Kingambit
|-supereffective|p1a: Kingambit
|-damage|p1a: Kingambit|0 fnt
|faint|p1a: Kingambit
|-end|p1a: Kingambit|fallen3|[silent]
|
|upkeep
|
|t:|1743780933
|switch|p1a: Zamazenta|Zamazenta|100/100
|-ability|p1a: Zamazenta|Dauntless Shield|boost
|-boost|p1a: Zamazenta|def|1
|turn|17
|
|t:|1743780942
|move|p1a: Zamazenta|Iron Defense|p1a: Zamazenta
|-boost|p1a: Zamazenta|def|2
|move|p2a: Mienshao|High Jump Kick|p1a: Zamazenta
|-damage|p1a: Zamazenta|68/100
|
|-heal|p1a: Zamazenta|74/100|[from] item: Leftovers
|upkeep
|turn|18
|
|t:|1743780955
|move|p1a: Zamazenta|Iron Defense|p1a: Zamazenta
|-boost|p1a: Zamazenta|def|2
|move|p2a: Mienshao|High Jump Kick|p1a: Zamazenta
|-damage|p1a: Zamazenta|46/100
|
|-heal|p1a: Zamazenta|53/100|[from] item: Leftovers
|upkeep
|turn|19
|
|t:|1743780962
|move|p1a: Zamazenta|Body Press|p2a: Mienshao
|-damage|p2a: Mienshao|0 fnt
|faint|p2a: Mienshao
|
|-heal|p1a: Zamazenta|59/100|[from] item: Leftovers
|upkeep
|
|t:|1743780966
|switch|p2a: Meowscarada|Meowscarada, F, shiny|32/100
|turn|20
|
|t:|1743780970
|-terastallize|p2a: Meowscarada|Grass
|move|p2a: Meowscarada|Flower Trick|p1a: Zamazenta
|-crit|p1a: Zamazenta
|-damage|p1a: Zamazenta|11/100
|move|p1a: Zamazenta|Body Press|p2a: Meowscarada
|-damage|p2a: Meowscarada|0 fnt
|faint|p2a: Meowscarada
|
|-heal|p1a: Zamazenta|17/100|[from] item: Leftovers
|upkeep
|
|t:|1743780977
|switch|p2a: Slowking|Slowking-Galar, M|47/100
|turn|21
|
|t:|1743780981
|move|p1a: Zamazenta|Crunch|p2a: Slowking
|-supereffective|p2a: Slowking
|-damage|p2a: Slowking|2/100
|move|p2a: Slowking|Sludge Bomb|p1a: Zamazenta
|-damage|p1a: Zamazenta|0 fnt
|faint|p1a: Zamazenta
|
|upkeep
|
|t:|1743780987
|switch|p1a: Landorus|Landorus-Therian, M|53/100
|-ability|p1a: Landorus|Intimidate|boost
|-unboost|p2a: Slowking|atk|1
|turn|22
|
|t:|1743780993
|move|p1a: Landorus|Earthquake|p2a: Slowking
|-supereffective|p2a: Slowking
|-damage|p2a: Slowking|0 fnt
|faint|p2a: Slowking
|
|upkeep
|c|☆mahardikafirdaus7|Gg
|
|t:|1743780995
|switch|p2a: Walking Wake|Walking Wake|97/100
|turn|23
|
|t:|1743780999
|move|p2a: Walking Wake|Hydro Pump|p1a: Landorus
|-supereffective|p1a: Landorus
|-damage|p1a: Landorus|0 fnt
|faint|p1a: Landorus
|
|win|rad_villainy
|raw|mahardikafirdaus7's rating: 1372 &rarr; <strong>1353</strong><br />(-19 for losing)
|raw|rad_villainy's rating: 1384 &rarr; <strong>1403</strong><br />(+19 for winning)
|l|☆rad_villainy
|player|p2|
|l|☆mahardikafirdaus7
|player|p1|
