|j|☆anjo18418
|j|☆ASSATFAO
|t:|1743822843
|gametype|singles
|player|p1|anjo18418|170|1150
|player|p2|ASSATFAO|ghetsis|1214
|teamsize|p1|6
|teamsize|p2|6
|gen|9
|tier|[Gen 9] OU
|rated|
|rule|HP Percentage Mod: HP is shown in percentages
|rule|Endless Battle Clause: Forcing endless battles is banned
|rule|Species Clause: Limit one of each Pokémon
|rule|OHKO Clause: OHKO moves are banned
|rule|Evasion Items Clause: Evasion items are banned
|rule|Evasion Moves Clause: Evasion moves are banned
|rule|Sleep Moves Clause: Sleep-inducing moves are banned
|clearpoke
|poke|p1|Dondozo, F|
|poke|p1|Iron Moth|
|poke|p1|Garganacl, M|
|poke|p1|Great Tusk|
|poke|p1|Walking Wake|
|poke|p1|Dragapult, M|
|poke|p2|Inteleon, M|
|poke|p2|Dragapult, M|
|poke|p2|Cinderace, F|
|poke|p2|Corviknight, F|
|poke|p2|Alomomola, F|
|poke|p2|Ting-Lu|
|teampreview
|
|t:|1743822854
|start
|switch|p1a: Iron Moth|Iron Moth|100/100
|switch|p2a: Ting-Lu|Ting-Lu|100/100
|-ability|p2a: Ting-Lu|Vessel of Ruin
|turn|1
|
|t:|1743822867
|-terastallize|p1a: Iron Moth|Grass
|move|p1a: Iron Moth|Energy Ball|p2a: Ting-Lu
|-supereffective|p2a: Ting-Lu
|-crit|p2a: Ting-Lu
|-damage|p2a: Ting-Lu|35/100
|move|p2a: Ting-Lu|Stealth Rock|p1a: Iron Moth
|-sidestart|p1: anjo18418|move: Stealth Rock
|
|-heal|p2a: Ting-Lu|41/100|[from] item: Leftovers
|upkeep
|turn|2
|
|t:|1743822877
|switch|p2a: Cinderace|Cinderace, F|100/100
|move|p1a: Iron Moth|Fiery Dance|p2a: Cinderace
|-resisted|p2a: Cinderace
|-damage|p2a: Cinderace|66/100
|-boost|p1a: Iron Moth|spa|1
|
|upkeep
|turn|3
|
|t:|1743822886
|move|p2a: Cinderace|Pyro Ball|p1a: Iron Moth
|-supereffective|p1a: Iron Moth
|-enditem|p1a: Iron Moth|Focus Sash
|-damage|p1a: Iron Moth|1/100
|-status|p1a: Iron Moth|brn
|move|p1a: Iron Moth|Sludge Wave|p2a: Cinderace
|-damage|p2a: Cinderace|0 fnt
|faint|p2a: Cinderace
|
|-damage|p1a: Iron Moth|0 fnt|[from] brn
|faint|p1a: Iron Moth
|-end|p1a: Iron Moth|Quark Drive|[silent]
|upkeep
|
|t:|1743822900
|switch|p2a: Inteleon|Inteleon, M|100/100
|switch|p1a: Garganacl|Garganacl, M|100/100
|-damage|p1a: Garganacl|88/100|[from] Stealth Rock
|turn|4
|
|t:|1743822906
|-terastallize|p2a: Inteleon|Water
|move|p2a: Inteleon|Surf|p1a: Garganacl
|-supereffective|p1a: Garganacl
|-crit|p1a: Garganacl
|-damage|p1a: Garganacl|0 fnt
|faint|p1a: Garganacl
|
|upkeep
|
|t:|1743822912
|switch|p1a: Dragapult|Dragapult, M|100/100
|-damage|p1a: Dragapult|88/100|[from] Stealth Rock
|turn|5
|
|t:|1743822917
|switch|p2a: Ting-Lu|Ting-Lu|41/100
|-ability|p2a: Ting-Lu|Vessel of Ruin
|move|p1a: Dragapult|Thunderbolt|p2a: Ting-Lu
|-immune|p2a: Ting-Lu
|
|-heal|p2a: Ting-Lu|48/100|[from] item: Leftovers
|upkeep
|turn|6
|
|t:|1743822927
|switch|p1a: Dondozo|Dondozo, F, shiny|100/100
|-damage|p1a: Dondozo|88/100|[from] Stealth Rock
|switch|p2a: Inteleon|Inteleon, M, tera:Water|100/100
|
|upkeep
|turn|7
|
|t:|1743822955
|move|p2a: Inteleon|Surf|p1a: Dondozo
|-resisted|p1a: Dondozo
|-crit|p1a: Dondozo
|-damage|p1a: Dondozo|38/100
|move|p1a: Dondozo|Curse|p1a: Dondozo
|-unboost|p1a: Dondozo|spe|1
|-boost|p1a: Dondozo|atk|1
|-boost|p1a: Dondozo|def|1
|
|upkeep
|turn|8
|
|t:|1743822978
|move|p2a: Inteleon|Surf|p1a: Dondozo
|-resisted|p1a: Dondozo
|-damage|p1a: Dondozo|9/100
|move|p1a: Dondozo|Rest|p1a: Dondozo
|-status|p1a: Dondozo|slp|[from] move: Rest
|-heal|p1a: Dondozo|100/100 slp|[silent]
|-enditem|p1a: Dondozo|Chesto Berry|[eat]
|-curestatus|p1a: Dondozo|slp|[msg]
|
|upkeep
|turn|9
|
|t:|1743822992
|move|p2a: Inteleon|Surf|p1a: Dondozo
|-resisted|p1a: Dondozo
|-damage|p1a: Dondozo|72/100
|move|p1a: Dondozo|Wave Crash|p2a: Inteleon
|-resisted|p2a: Inteleon
|-damage|p2a: Inteleon|41/100
|-damage|p1a: Dondozo|61/100|[from] Recoil
|
|upkeep
|turn|10
|
|t:|1743823012
|switch|p2a: Alomomola|Alomomola, F|100/100
|move|p1a: Dondozo|Wave Crash|p2a: Alomomola
|-resisted|p2a: Alomomola
|-damage|p2a: Alomomola|85/100
|-damage|p1a: Dondozo|56/100|[from] Recoil
|
|upkeep
|turn|11
|
|t:|1743823024
|move|p2a: Alomomola|Scald|p1a: Dondozo
|-resisted|p1a: Dondozo
|-damage|p1a: Dondozo|51/100
|move|p1a: Dondozo|Curse|p1a: Dondozo
|-unboost|p1a: Dondozo|spe|1
|-boost|p1a: Dondozo|atk|1
|-boost|p1a: Dondozo|def|1
|
|upkeep
|turn|12
|
|t:|1743823032
|move|p2a: Alomomola|Scald|p1a: Dondozo
|-resisted|p1a: Dondozo
|-damage|p1a: Dondozo|47/100
|move|p1a: Dondozo|Curse|p1a: Dondozo
|-unboost|p1a: Dondozo|spe|1
|-boost|p1a: Dondozo|atk|1
|-boost|p1a: Dondozo|def|1
|
|upkeep
|turn|13
|
|t:|1743823040
|move|p2a: Alomomola|Scald|p1a: Dondozo
|-resisted|p1a: Dondozo
|-damage|p1a: Dondozo|42/100
|move|p1a: Dondozo|Wave Crash|p2a: Alomomola
|-resisted|p2a: Alomomola
|-damage|p2a: Alomomola|57/100
|-damage|p1a: Dondozo|33/100|[from] Recoil
|
|upkeep
|turn|14
|
|t:|1743823049
|move|p2a: Alomomola|Wish|p2a: Alomomola
|move|p1a: Dondozo|Curse|p1a: Dondozo
|-unboost|p1a: Dondozo|spe|1
|-boost|p1a: Dondozo|atk|1
|-boost|p1a: Dondozo|def|1
|
|upkeep
|turn|15
|
|t:|1743823056
|move|p2a: Alomomola|Scald|p1a: Dondozo
|-resisted|p1a: Dondozo
|-damage|p1a: Dondozo|29/100
|move|p1a: Dondozo|Rest|p1a: Dondozo
|-status|p1a: Dondozo|slp|[from] move: Rest
|-heal|p1a: Dondozo|100/100 slp|[silent]
|
|-heal|p2a: Alomomola|100/100|[from] move: Wish|[wisher] Alomomola
|upkeep
|turn|16
|
|t:|1743823066
|switch|p2a: Ting-Lu|Ting-Lu|48/100
|-ability|p2a: Ting-Lu|Vessel of Ruin
|cant|p1a: Dondozo|slp
|
|-heal|p2a: Ting-Lu|54/100|[from] item: Leftovers
|upkeep
|turn|17
|
|t:|1743823075
|cant|p1a: Dondozo|slp
|move|p2a: Ting-Lu|Whirlwind|p1a: Dondozo
|drag|p1a: Walking Wake|Walking Wake|100/100
|-damage|p1a: Walking Wake|88/100|[from] Stealth Rock
|
|-heal|p2a: Ting-Lu|60/100|[from] item: Leftovers
|upkeep
|turn|18
|
|t:|1743823085
|move|p1a: Walking Wake|Scald|p2a: Ting-Lu
|-supereffective|p2a: Ting-Lu
|-damage|p2a: Ting-Lu|0 fnt
|faint|p2a: Ting-Lu
|
|upkeep
|
|t:|1743823091
|switch|p2a: Dragapult|Dragapult, M|100/100
|turn|19
|
|t:|1743823094
|-end|p1a: Walking Wake|Protosynthesis|[silent]
|switch|p1a: Dondozo|Dondozo, F, shiny|100/100 slp
|-damage|p1a: Dondozo|88/100 slp|[from] Stealth Rock
|move|p2a: Dragapult|Dragon Darts|p1a: Dondozo
|-damage|p1a: Dondozo|66/100 slp
|-anim|p2a: Dragapult|Dragon Darts|p1a: Dondozo
|-damage|p1a: Dondozo|43/100 slp
|
|upkeep
|turn|20
|
|t:|1743823103
|move|p2a: Dragapult|Dragon Darts|p1a: Dondozo
|-damage|p1a: Dondozo|21/100 slp
|-anim|p2a: Dragapult|Dragon Darts|p1a: Dondozo
|-damage|p1a: Dondozo|0 fnt
|faint|p1a: Dondozo
|
|upkeep
|
|t:|1743823126
|switch|p1a: Great Tusk|Great Tusk|100/100
|-damage|p1a: Great Tusk|98/100|[from] Stealth Rock
|turn|21
|
|t:|1743823130
|move|p2a: Dragapult|Dragon Darts|p1a: Great Tusk
|-damage|p1a: Great Tusk|73/100
|-anim|p2a: Dragapult|Dragon Darts|p1a: Great Tusk
|-damage|p1a: Great Tusk|48/100
|move|p1a: Great Tusk|Ice Spinner|p2a: Dragapult
|-supereffective|p2a: Dragapult
|-damage|p2a: Dragapult|2/100
|
|-heal|p1a: Great Tusk|54/100|[from] item: Leftovers
|upkeep
|turn|22
|
|t:|1743823141
|switch|p2a: Alomomola|Alomomola, F|100/100
|move|p1a: Great Tusk|Ice Spinner|p2a: Alomomola
|-resisted|p2a: Alomomola
|-damage|p2a: Alomomola|92/100
|
|-heal|p1a: Great Tusk|60/100|[from] item: Leftovers
|upkeep
|turn|23
|
|t:|1743823149
|move|p1a: Great Tusk|Rapid Spin|p2a: Alomomola
|-damage|p2a: Alomomola|83/100
|-boost|p1a: Great Tusk|spe|1
|-sideend|p1: anjo18418|Stealth Rock|[from] move: Rapid Spin|[of] p1a: Great Tusk
|move|p2a: Alomomola|Wish|p2a: Alomomola
|
|-heal|p1a: Great Tusk|66/100|[from] item: Leftovers
|upkeep
|turn|24
|
|t:|1743823159
|move|p1a: Great Tusk|Earthquake|p2a: Alomomola
|-damage|p2a: Alomomola|52/100
|move|p2a: Alomomola|Flip Turn|p1a: Great Tusk
|-supereffective|p1a: Great Tusk
|-crit|p1a: Great Tusk
|-damage|p1a: Great Tusk|29/100
|
|t:|1743823165
|switch|p2a: Dragapult|Dragapult, M|2/100|[from] Flip Turn
|
|-heal|p2a: Dragapult|86/100|[from] move: Wish|[wisher] Alomomola
|-heal|p1a: Great Tusk|35/100|[from] item: Leftovers
|upkeep
|turn|25
|
|t:|1743823173
|switch|p2a: Alomomola|Alomomola, F|85/100
|move|p1a: Great Tusk|Ice Spinner|p2a: Alomomola
|-resisted|p2a: Alomomola
|-damage|p2a: Alomomola|77/100
|
|-heal|p1a: Great Tusk|42/100|[from] item: Leftovers
|upkeep
|turn|26
|
|t:|1743823183
|move|p1a: Great Tusk|Rapid Spin|p2a: Alomomola
|-damage|p2a: Alomomola|68/100
|-boost|p1a: Great Tusk|spe|1
|move|p2a: Alomomola|Flip Turn|p1a: Great Tusk
|-supereffective|p1a: Great Tusk
|-damage|p1a: Great Tusk|17/100
|
|t:|1743823190
|switch|p2a: Corviknight|Corviknight, F|100/100|[from] Flip Turn
|-ability|p2a: Corviknight|Pressure
|
|-heal|p1a: Great Tusk|23/100|[from] item: Leftovers
|upkeep
|turn|27
|
|t:|1743823200
|switch|p2a: Alomomola|Alomomola, F|100/100
|move|p1a: Great Tusk|Close Combat|p2a: Alomomola
|-damage|p2a: Alomomola|65/100
|-unboost|p1a: Great Tusk|def|1
|-unboost|p1a: Great Tusk|spd|1
|
|-heal|p1a: Great Tusk|29/100|[from] item: Leftovers
|upkeep
|turn|28
|
|t:|1743823211
|move|p1a: Great Tusk|Close Combat|p2a: Alomomola
|-damage|p2a: Alomomola|30/100
|-unboost|p1a: Great Tusk|def|1
|-unboost|p1a: Great Tusk|spd|1
|move|p2a: Alomomola|Flip Turn|p1a: Great Tusk
|-supereffective|p1a: Great Tusk
|-damage|p1a: Great Tusk|0 fnt
|faint|p1a: Great Tusk
|-end|p1a: Great Tusk|Protosynthesis|[silent]
|
|t:|1743823220
|switch|p2a: Dragapult|Dragapult, M|86/100|[from] Flip Turn
|
|upkeep
|
|t:|1743823240
|switch|p1a: Dragapult|Dragapult, M|88/100
|turn|29
|
|t:|1743823246
|move|p2a: Dragapult|Dragon Darts|p1a: Dragapult
|-supereffective|p1a: Dragapult
|-damage|p1a: Dragapult|0 fnt
|faint|p1a: Dragapult
|
|upkeep
|-message|anjo18418 forfeited.
|
|win|ASSATFAO
|raw|anjo18418's rating: 1150 &rarr; <strong>1130</strong><br />(-20 for losing)
|raw|ASSATFAO's rating: 1214 &rarr; <strong>1234</strong><br />(+20 for winning)
|l|☆anjo18418
|player|p1|
