|badge|p1|bronze|gen9lc|100-5
|uhtml|medal-msg|<div class="broadcast-blue">Curious what those medals under the avatar are? PS now has Ladder Seasons! For more information, check out the <a href="https://www.smogon.com/forums/threads/3740067/">thread on Smogon.</a></div>
|j|☆SuprBallr
|j|☆SlingShotWright
|t:|1743883000
|gametype|singles
|player|p1|SuprBallr|crasherwake|1473
|player|p2|SlingShotWright|169|1567
|teamsize|p1|6
|teamsize|p2|6
|gen|9
|tier|[Gen 9] OU
|rated|
|rule|HP Percentage Mod: HP is shown in percentages
|rule|Endless Battle Clause: Forcing endless battles is banned
|rule|Species Clause: Limit one of each Pokémon
|rule|OHKO Clause: OHKO moves are banned
|rule|Evasion Items Clause: Evasion items are banned
|rule|Evasion Moves Clause: Evasion moves are banned
|rule|Sleep Moves Clause: Sleep-inducing moves are banned
|clearpoke
|poke|p1|Garganacl, F|
|poke|p1|Gliscor, F|
|poke|p1|Weezing-Galar, F|
|poke|p1|Sinistcha|
|poke|p1|Gholdengo|
|poke|p1|Slowking-Galar, F|
|poke|p2|Ogerpon-Wellspring, F|
|poke|p2|Tinkaton, F|
|poke|p2|Dragapult, F|
|poke|p2|Samurott-Hisui, M|
|poke|p2|Gliscor, M|
|poke|p2|Talonflame, M|
|teampreview
|
|t:|1743883009
|start
|switch|p1a: Weezing|Weezing-Galar, F|100/100
|switch|p2a: Gliscor|Gliscor, M|100/100
|-ability|p1a: Weezing|Neutralizing Gas
|turn|1
|
|t:|1743883023
|move|p2a: Gliscor|Protect|p2a: Gliscor
|-singleturn|p2a: Gliscor|Protect
|move|p1a: Weezing|Will-O-Wisp|p2a: Gliscor
|-activate|p2a: Gliscor|move: Protect
|
|-status|p2a: Gliscor|tox|[from] item: Toxic Orb
|upkeep
|turn|2
|
|t:|1743883032
|switch|p2a: Tinkaton|Tinkaton, F|100/100
|-item|p2a: Tinkaton|Air Balloon
|move|p1a: Weezing|Will-O-Wisp|p2a: Tinkaton
|-status|p2a: Tinkaton|brn
|
|-damage|p2a: Tinkaton|94/100 brn|[from] brn
|upkeep
|turn|3
|
|t:|1743883043
|-end|p1a: Weezing|ability: Neutralizing Gas
|switch|p1a: Sinistcha|Sinistcha|100/100
|move|p2a: Tinkaton|Stealth Rock|p1a: Sinistcha
|-sidestart|p1: SuprBallr|move: Stealth Rock
|
|-damage|p2a: Tinkaton|88/100 brn|[from] brn
|upkeep
|turn|4
|
|t:|1743883051
|move|p2a: Tinkaton|Knock Off|p1a: Sinistcha
|-supereffective|p1a: Sinistcha
|-damage|p1a: Sinistcha|87/100
|-enditem|p1a: Sinistcha|Heavy-Duty Boots|[from] move: Knock Off|[of] p2a: Tinkaton
|move|p1a: Sinistcha|Shadow Ball|p2a: Tinkaton
|-damage|p2a: Tinkaton|62/100 brn
|-enditem|p2a: Tinkaton|Air Balloon
|
|-damage|p2a: Tinkaton|56/100 brn|[from] brn
|upkeep
|turn|5
|
|t:|1743883062
|move|p2a: Tinkaton|Thunder Wave|p1a: Sinistcha
|-status|p1a: Sinistcha|par
|cant|p1a: Sinistcha|par
|
|-damage|p2a: Tinkaton|49/100 brn|[from] brn
|upkeep
|turn|6
|
|t:|1743883076
|switch|p2a: Samurott|Samurott-Hisui, M|100/100
|move|p1a: Sinistcha|Shadow Ball|p2a: Samurott
|-resisted|p2a: Samurott
|-damage|p2a: Samurott|77/100
|
|upkeep
|turn|7
|
|t:|1743883085
|move|p2a: Samurott|Flip Turn|p1a: Sinistcha
|-resisted|p1a: Sinistcha
|-damage|p1a: Sinistcha|77/100 par
|
|t:|1743883097
|switch|p2a: Dragapult|Dragapult, F|100/100|[from] Flip Turn
|cant|p1a: Sinistcha|par
|
|upkeep
|turn|8
|
|t:|1743883105
|move|p2a: Dragapult|Hex|p1a: Sinistcha
|-supereffective|p1a: Sinistcha
|-damage|p1a: Sinistcha|0 fnt
|faint|p1a: Sinistcha
|
|upkeep
|
|t:|1743883109
|switch|p1a: Gargo Zepelli|Garganacl, F|100/100
|-damage|p1a: Gargo Zepelli|88/100|[from] Stealth Rock
|turn|9
|
|t:|1743883114
|switch|p2a: Tinkaton|Tinkaton, F|49/100 brn
|move|p1a: Gargo Zepelli|Salt Cure|p2a: Tinkaton
|-resisted|p2a: Tinkaton
|-crit|p2a: Tinkaton
|-damage|p2a: Tinkaton|37/100 brn
|-start|p2a: Tinkaton|Salt Cure
|
|-heal|p1a: Gargo Zepelli|94/100|[from] item: Leftovers
|-damage|p2a: Tinkaton|31/100 brn|[from] brn
|-damage|p2a: Tinkaton|6/100 brn|[from] Salt Cure
|upkeep
|turn|10
|
|t:|1743883126
|move|p1a: Gargo Zepelli|Protect|p1a: Gargo Zepelli
|-singleturn|p1a: Gargo Zepelli|Protect
|move|p2a: Tinkaton|Knock Off|p1a: Gargo Zepelli
|-activate|p1a: Gargo Zepelli|move: Protect
|
|-heal|p1a: Gargo Zepelli|100/100|[from] item: Leftovers
|-damage|p2a: Tinkaton|0 fnt|[from] brn
|faint|p2a: Tinkaton
|upkeep
|
|t:|1743883135
|switch|p2a: Ogerpon|Ogerpon-Wellspring, F|100/100
|turn|11
|
|t:|1743883144
|switch|p1a: Weezing|Weezing-Galar, F|100/100
|-ability|p1a: Weezing|Neutralizing Gas
|move|p2a: Ogerpon|Encore||[still]
|-fail|p2a: Ogerpon
|
|upkeep
|turn|12
|
|t:|1743883161
|switch|p2a: Talonflame|Talonflame, M|100/100
|move|p1a: Weezing|Will-O-Wisp|p2a: Talonflame
|-immune|p2a: Talonflame
|
|upkeep
|turn|13
|
|t:|1743883169
|-end|p1a: Weezing|ability: Neutralizing Gas
|switch|p1a: Gargo Zepelli|Garganacl, F|100/100
|-damage|p1a: Gargo Zepelli|88/100|[from] Stealth Rock
|move|p2a: Talonflame|Flamethrower|p1a: Gargo Zepelli
|-resisted|p1a: Gargo Zepelli
|-damage|p1a: Gargo Zepelli|79/100
|
|-heal|p1a: Gargo Zepelli|85/100|[from] item: Leftovers
|upkeep
|turn|14
|
|t:|1743883181
|switch|p2a: Samurott|Samurott-Hisui, M|77/100
|move|p1a: Gargo Zepelli|Salt Cure|p2a: Samurott
|-damage|p2a: Samurott|58/100
|-start|p2a: Samurott|Salt Cure
|
|-heal|p1a: Gargo Zepelli|92/100|[from] item: Leftovers
|-damage|p2a: Samurott|33/100|[from] Salt Cure
|upkeep
|turn|15
|
|t:|1743883191
|switch|p2a: Gliscor|Gliscor, M|100/100 tox
|move|p1a: Gargo Zepelli|Protect||[still]
|-fail|p1a: Gargo Zepelli
|
|-heal|p1a: Gargo Zepelli|98/100|[from] item: Leftovers
|upkeep
|turn|16
|
|t:|1743883216
|move|p2a: Gliscor|Swords Dance|p2a: Gliscor
|-boost|p2a: Gliscor|atk|2
|move|p1a: Gargo Zepelli|Salt Cure|p2a: Gliscor
|-damage|p2a: Gliscor|89/100 tox
|-start|p2a: Gliscor|Salt Cure
|
|-heal|p1a: Gargo Zepelli|100/100|[from] item: Leftovers
|-heal|p2a: Gliscor|100/100 tox|[from] ability: Poison Heal
|-damage|p2a: Gliscor|88/100 tox|[from] Salt Cure
|upkeep
|turn|17
|
|t:|1743883227
|move|p2a: Gliscor|Earthquake|p1a: Gargo Zepelli
|-supereffective|p1a: Gargo Zepelli
|-damage|p1a: Gargo Zepelli|22/100
|move|p1a: Gargo Zepelli|Salt Cure|p2a: Gliscor
|-damage|p2a: Gliscor|77/100 tox
|
|-heal|p1a: Gargo Zepelli|28/100|[from] item: Leftovers
|-heal|p2a: Gliscor|89/100 tox|[from] ability: Poison Heal
|-damage|p2a: Gliscor|77/100 tox|[from] Salt Cure
|upkeep
|turn|18
|
|t:|1743883248
|move|p1a: Gargo Zepelli|Protect|p1a: Gargo Zepelli
|-singleturn|p1a: Gargo Zepelli|Protect
|move|p2a: Gliscor|Facade|p1a: Gargo Zepelli
|-activate|p1a: Gargo Zepelli|move: Protect
|
|-heal|p1a: Gargo Zepelli|34/100|[from] item: Leftovers
|-heal|p2a: Gliscor|89/100 tox|[from] ability: Poison Heal
|-damage|p2a: Gliscor|77/100 tox|[from] Salt Cure
|upkeep
|turn|19
|
|t:|1743883259
|switch|p1a: Golden Johnson|Gholdengo|100/100
|-damage|p1a: Golden Johnson|94/100|[from] Stealth Rock
|-item|p1a: Golden Johnson|Air Balloon
|move|p2a: Gliscor|Earthquake|p1a: Golden Johnson
|-immune|p1a: Golden Johnson
|
|-heal|p2a: Gliscor|89/100 tox|[from] ability: Poison Heal
|-damage|p2a: Gliscor|77/100 tox|[from] Salt Cure
|upkeep
|turn|20
|
|t:|1743883270
|switch|p2a: Talonflame|Talonflame, M|100/100
|move|p1a: Golden Johnson|Thunder Wave|p2a: Talonflame
|-status|p2a: Talonflame|par
|
|upkeep
|turn|21
|
|t:|1743883278
|switch|p1a: Gargo Zepelli|Garganacl, F|34/100
|-damage|p1a: Gargo Zepelli|22/100|[from] Stealth Rock
|switch|p2a: Ogerpon|Ogerpon-Wellspring, F|100/100
|
|-heal|p1a: Gargo Zepelli|28/100|[from] item: Leftovers
|upkeep
|turn|22
|
|t:|1743883288
|switch|p1a: Weezing|Weezing-Galar, F|100/100
|-ability|p1a: Weezing|Neutralizing Gas
|move|p2a: Ogerpon|Ivy Cudgel|p1a: Weezing|[anim] Ivy Cudgel Water
|-crit|p1a: Weezing
|-damage|p1a: Weezing|47/100
|
|upkeep
|turn|23
|
|t:|1743883298
|move|p2a: Ogerpon|Ivy Cudgel|p1a: Weezing|[anim] Ivy Cudgel Water
|-damage|p1a: Weezing|7/100
|move|p1a: Weezing|Will-O-Wisp|p2a: Ogerpon
|-status|p2a: Ogerpon|brn
|
|-damage|p2a: Ogerpon|95/100 brn|[from] brn
|upkeep
|turn|24
|inactive|Battle timer is ON: inactive players will automatically lose when time's up. (requested by SlingShotWright)
|
|t:|1743883333
|move|p2a: Ogerpon|Ivy Cudgel|p1a: Weezing|[anim] Ivy Cudgel Water
|-crit|p1a: Weezing
|-damage|p1a: Weezing|0 fnt
|faint|p1a: Weezing
|-end|p1a: Weezing|ability: Neutralizing Gas
|
|-damage|p2a: Ogerpon|89/100 brn|[from] brn
|upkeep
|
|t:|1743883350
|switch|p1a: Gargo Zepelli|Garganacl, F|28/100
|-damage|p1a: Gargo Zepelli|16/100|[from] Stealth Rock
|turn|25
|
|t:|1743883359
|move|p1a: Gargo Zepelli|Protect|p1a: Gargo Zepelli
|-singleturn|p1a: Gargo Zepelli|Protect
|move|p2a: Ogerpon|Ivy Cudgel|p1a: Gargo Zepelli|[anim] Ivy Cudgel Water
|-activate|p1a: Gargo Zepelli|move: Protect
|
|-heal|p1a: Gargo Zepelli|22/100|[from] item: Leftovers
|-damage|p2a: Ogerpon|83/100 brn|[from] brn
|upkeep
|turn|26
|
|t:|1743883379
|move|p2a: Ogerpon|Horn Leech|p1a: Gargo Zepelli
|-supereffective|p1a: Gargo Zepelli
|-damage|p1a: Gargo Zepelli|0 fnt
|-heal|p2a: Ogerpon|97/100 brn|[from] drain|[of] p1a: Gargo Zepelli
|faint|p1a: Gargo Zepelli
|
|-damage|p2a: Ogerpon|91/100 brn|[from] brn
|upkeep
|
|t:|1743883384
|switch|p1a: Slowking|Slowking-Galar, F|100/100
|turn|27
|
|t:|1743883389
|move|p2a: Ogerpon|Swords Dance|p2a: Ogerpon
|-boost|p2a: Ogerpon|atk|2
|move|p1a: Slowking|Sludge Bomb|p2a: Ogerpon
|-supereffective|p2a: Ogerpon
|-damage|p2a: Ogerpon|18/100 brn
|
|-damage|p2a: Ogerpon|12/100 brn|[from] brn
|upkeep
|turn|28
|inactive|SuprBallr has 120 seconds left.
|
|t:|1743883436
|move|p2a: Ogerpon|Ivy Cudgel|p1a: Slowking|[anim] Ivy Cudgel Water
|-damage|p1a: Slowking|35/100
|move|p1a: Slowking|Psyshock|p2a: Ogerpon
|-damage|p2a: Ogerpon|0 fnt
|faint|p2a: Ogerpon
|
|upkeep
|
|t:|1743883454
|switch|p2a: Samurott|Samurott-Hisui, M|33/100
|turn|29
|
|t:|1743883479
|move|p2a: Samurott|Aqua Cutter|p1a: Slowking
|-damage|p1a: Slowking|0 fnt
|faint|p1a: Slowking
|
|upkeep
|
|t:|1743883482
|switch|p1a: Gligah's dad|Gliscor, F|100/100
|-damage|p1a: Gligah's dad|88/100|[from] Stealth Rock
|turn|30
|
|t:|1743883487
|move|p1a: Gligah's dad|Protect|p1a: Gligah's dad
|-singleturn|p1a: Gligah's dad|Protect
|move|p2a: Samurott|Aqua Cutter|p1a: Gligah's dad
|-activate|p1a: Gligah's dad|move: Protect
|
|-status|p1a: Gligah's dad|tox|[from] item: Toxic Orb
|upkeep
|turn|31
|inactive|SuprBallr has 120 seconds left.
|
|t:|1743883514
|-terastallize|p1a: Gligah's dad|Fairy
|move|p2a: Samurott|Aqua Cutter|p1a: Gligah's dad
|-damage|p1a: Gligah's dad|53/100 tox
|move|p1a: Gligah's dad|Earthquake|p2a: Samurott
|-damage|p2a: Samurott|0 fnt
|faint|p2a: Samurott
|
|-heal|p1a: Gligah's dad|66/100 tox|[from] ability: Poison Heal
|upkeep
|
|t:|1743883529
|switch|p2a: Gliscor|Gliscor, M|77/100 tox
|turn|32
|
|t:|1743883551
|switch|p1a: Golden Johnson|Gholdengo|94/100
|-damage|p1a: Golden Johnson|88/100|[from] Stealth Rock
|-item|p1a: Golden Johnson|Air Balloon
|switch|p2a: Talonflame|Talonflame, M|100/100 par
|
|upkeep
|turn|33
|
|t:|1743883558
|switch|p1a: Gligah's dad|Gliscor, F, tera:Fairy|66/100 tox
|-damage|p1a: Gligah's dad|53/100 tox|[from] Stealth Rock
|move|p2a: Talonflame|Flamethrower|p1a: Gligah's dad
|-damage|p1a: Gligah's dad|34/100 tox
|
|-heal|p1a: Gligah's dad|47/100 tox|[from] ability: Poison Heal
|upkeep
|turn|34
|
|t:|1743883580
|switch|p2a: Dragapult|Dragapult, F|100/100
|move|p1a: Gligah's dad|Protect||[still]
|-fail|p1a: Gligah's dad
|
|-heal|p1a: Gligah's dad|59/100 tox|[from] ability: Poison Heal
|upkeep
|turn|35
|
|t:|1743883588
|-terastallize|p2a: Dragapult|Ghost
|move|p1a: Gligah's dad|Protect|p1a: Gligah's dad
|-singleturn|p1a: Gligah's dad|Protect
|move|p2a: Dragapult|Hex|p1a: Gligah's dad
|-activate|p1a: Gligah's dad|move: Protect
|
|-heal|p1a: Gligah's dad|72/100 tox|[from] ability: Poison Heal
|upkeep
|turn|36
|
|t:|1743883600
|move|p2a: Dragapult|Hex|p1a: Gligah's dad
|-damage|p1a: Gligah's dad|8/100 tox
|move|p1a: Gligah's dad|Knock Off|p2a: Dragapult
|-supereffective|p2a: Dragapult
|-damage|p2a: Dragapult|44/100
|-enditem|p2a: Dragapult|Heavy-Duty Boots|[from] move: Knock Off|[of] p1a: Gligah's dad
|
|-heal|p1a: Gligah's dad|20/100 tox|[from] ability: Poison Heal
|upkeep
|turn|37
|
|t:|1743883608
|move|p2a: Dragapult|Hex|p1a: Gligah's dad
|-damage|p1a: Gligah's dad|0 fnt
|faint|p1a: Gligah's dad
|
|upkeep
|
|t:|1743883610
|switch|p1a: Golden Johnson|Gholdengo|88/100
|-damage|p1a: Golden Johnson|82/100|[from] Stealth Rock
|-item|p1a: Golden Johnson|Air Balloon
|turn|38
|
|t:|1743883617
|move|p2a: Dragapult|Hex|p1a: Golden Johnson
|-supereffective|p1a: Golden Johnson
|-damage|p1a: Golden Johnson|6/100
|-enditem|p1a: Golden Johnson|Air Balloon
|move|p1a: Golden Johnson|Thunder Wave|p2a: Dragapult
|-status|p2a: Dragapult|par
|
|upkeep
|turn|39
|
|t:|1743883628
|switch|p2a: Gliscor|Gliscor, M|77/100 tox
|move|p1a: Golden Johnson|Recover|p1a: Golden Johnson
|-heal|p1a: Golden Johnson|56/100
|
|-heal|p2a: Gliscor|89/100 tox|[from] ability: Poison Heal
|upkeep
|turn|40
|
|t:|1743883638
|move|p2a: Gliscor|Earthquake|p1a: Golden Johnson
|-supereffective|p1a: Golden Johnson
|-damage|p1a: Golden Johnson|10/100
|move|p1a: Golden Johnson|Hex|p2a: Gliscor
|-crit|p2a: Gliscor
|-damage|p2a: Gliscor|12/100 tox
|
|-heal|p2a: Gliscor|25/100 tox|[from] ability: Poison Heal
|upkeep
|turn|41
|
|t:|1743883647
|move|p2a: Gliscor|Earthquake|p1a: Golden Johnson
|-supereffective|p1a: Golden Johnson
|-damage|p1a: Golden Johnson|0 fnt
|faint|p1a: Golden Johnson
|
|win|SlingShotWright
|raw|SuprBallr's rating: 1473 &rarr; <strong>1458</strong><br />(-15 for losing)
|raw|SlingShotWright's rating: 1567 &rarr; <strong>1582</strong><br />(+15 for winning)
|l|☆SuprBallr
|player|p1|
|l|☆SlingShotWright
|player|p2|
