|j|☆vluby
|j|☆rexrabidus
|t:|1743915764
|gametype|singles
|player|p1|vluby|265|1131
|player|p2|rexrabidus|ingo|1081
|teamsize|p1|6
|teamsize|p2|6
|gen|9
|tier|[Gen 9] OU
|rated|
|rule|HP Percentage Mod: HP is shown in percentages
|rule|Endless Battle Clause: Forcing endless battles is banned
|rule|Species Clause: Limit one of each Pokémon
|rule|OHKO Clause: OHKO moves are banned
|rule|Evasion Items Clause: Evasion items are banned
|rule|Evasion Moves Clause: Evasion moves are banned
|rule|Sleep Moves Clause: Sleep-inducing moves are banned
|clearpoke
|poke|p1|Mudsdale, M|
|poke|p1|Blaziken, M|
|poke|p1|Ogerpon-Wellspring, F|
|poke|p1|Gholdengo|
|poke|p1|Pecharunt|
|poke|p1|Kyurem|
|poke|p2|Electrode-Hisui|
|poke|p2|Meowscarada, M|
|poke|p2|Weavile, M|
|poke|p2|Araquanid, M|
|poke|p2|Slowking-Galar, F|
|poke|p2|Goodra-Hisui, M|
|teampreview
|inactive|Battle timer is ON: inactive players will automatically lose when time's up. (requested by vluby)
|
|t:|1743915777
|start
|switch|p1a: Kyurem|Kyurem, shiny|100/100
|switch|p2a: Meowscarada|Meowscarada, M|100/100
|-ability|p1a: Kyurem|Pressure
|turn|1
|
|t:|1743915786
|move|p1a: Kyurem|Freeze-Dry|p2a: Meowscarada
|-supereffective|p2a: Meowscarada
|-damage|p2a: Meowscarada|0 fnt
|faint|p2a: Meowscarada
|
|upkeep
|
|t:|1743915798
|switch|p2a: Goodra|Goodra-Hisui, M|100/100
|turn|2
|
|t:|1743915813
|switch|p1a: Gholdengo|Gholdengo, shiny|100/100
|move|p2a: Goodra|Draco Meteor|p1a: Gholdengo
|-resisted|p1a: Gholdengo
|-damage|p1a: Gholdengo|66/100
|-unboost|p2a: Goodra|spa|2
|
|upkeep
|turn|3
|
|t:|1743915833
|switch|p1a: Kyurem|Kyurem, shiny|100/100
|-ability|p1a: Kyurem|Pressure
|move|p2a: Goodra|Earthquake|p1a: Kyurem
|-crit|p1a: Kyurem
|-damage|p1a: Kyurem|66/100
|
|upkeep
|turn|4
|
|t:|1743915848
|move|p1a: Kyurem|Focus Blast|p2a: Goodra
|-supereffective|p2a: Goodra
|-damage|p2a: Goodra|65/100
|move|p2a: Goodra|Draco Meteor|p1a: Kyurem
|-supereffective|p1a: Kyurem
|-damage|p1a: Kyurem|2/100
|-unboost|p2a: Goodra|spa|2
|
|upkeep
|turn|5
|
|t:|1743915865
|switch|p1a: Gholdengo|Gholdengo, shiny|66/100
|move|p2a: Goodra|Earthquake|p1a: Gholdengo
|-supereffective|p1a: Gholdengo
|-damage|p1a: Gholdengo|8/100
|
|upkeep
|turn|6
|inactive|vluby has 120 seconds left.
|inactive|rexrabidus has 120 seconds left.
|inactive|rexrabidus has 90 seconds left.
|
|t:|1743915926
|move|p1a: Gholdengo|Shadow Ball|p2a: Goodra
|-crit|p2a: Goodra
|-damage|p2a: Goodra|22/100
|move|p2a: Goodra|Earthquake|p1a: Gholdengo
|-supereffective|p1a: Gholdengo
|-damage|p1a: Gholdengo|0 fnt
|faint|p1a: Gholdengo
|
|upkeep
|inactive|vluby has 120 seconds left.
|
|t:|1743915945
|switch|p1a: Ogerpon|Ogerpon-Wellspring, F|100/100
|turn|7
|
|t:|1743915951
|move|p1a: Ogerpon|Knock Off|p2a: Goodra
|-damage|p2a: Goodra|0 fnt
|-ability|p2a: Goodra|Gooey
|-unboost|p1a: Ogerpon|spe|1
|-enditem|p2a: Goodra|Assault Vest|[from] move: Knock Off|[of] p1a: Ogerpon
|faint|p2a: Goodra
|
|upkeep
|
|t:|1743915958
|switch|p2a: Araquanid|Araquanid, M|100/100
|turn|8
|
|t:|1743915969
|move|p1a: Ogerpon|Knock Off|p2a: Araquanid
|-damage|p2a: Araquanid|65/100
|-enditem|p2a: Araquanid|Sitrus Berry|[from] move: Knock Off|[of] p1a: Ogerpon
|move|p2a: Araquanid|Leech Life|p1a: Ogerpon
|-supereffective|p1a: Ogerpon
|-damage|p1a: Ogerpon|35/100
|-heal|p2a: Araquanid|99/100|[from] drain|[of] p1a: Ogerpon
|
|upkeep
|turn|9
|inactive|vluby has 120 seconds left.
|
|t:|1743915993
|move|p1a: Ogerpon|Leech Seed|p2a: Araquanid
|-start|p2a: Araquanid|move: Leech Seed
|move|p2a: Araquanid|Leech Life|p1a: Ogerpon
|-supereffective|p1a: Ogerpon
|-damage|p1a: Ogerpon|0 fnt
|-heal|p2a: Araquanid|100/100|[from] drain|[of] p1a: Ogerpon
|faint|p1a: Ogerpon
|
|upkeep
|
|t:|1743916001
|switch|p1a: Kyurem|Kyurem, shiny|2/100
|-ability|p1a: Kyurem|Pressure
|turn|10
|
|t:|1743916018
|switch|p2a: Slowking|Slowking-Galar, F|100/100
|move|p1a: Kyurem|Freeze-Dry|p2a: Slowking
|-damage|p2a: Slowking|72/100
|
|-heal|p2a: Slowking|78/100|[from] item: Leftovers
|upkeep
|turn|11
|
|t:|1743916032
|switch|p1a: Blaziken|Blaziken, M, shiny|100/100
|move|p2a: Slowking|Future Sight|p1a: Blaziken
|-start|p2a: Slowking|move: Future Sight
|
|-heal|p2a: Slowking|85/100|[from] item: Leftovers
|upkeep
|turn|12
|
|t:|1743916041
|move|p1a: Blaziken|Bulk Up|p1a: Blaziken
|-boost|p1a: Blaziken|atk|1
|-boost|p1a: Blaziken|def|1
|-prepare|p2a: Slowking|Chilly Reception|[premajor]
|move|p2a: Slowking|Chilly Reception|p2a: Slowking
|-weather|Snowscape
|
|t:|1743916047
|switch|p2a: Electrode|Electrode-Hisui|100/100|[from] Chilly Reception
|
|-weather|Snowscape|[upkeep]
|-ability|p1a: Blaziken|Speed Boost|boost
|-boost|p1a: Blaziken|spe|1
|upkeep
|turn|13
|
|t:|1743916064
|move|p1a: Blaziken|Protect|p1a: Blaziken
|-singleturn|p1a: Blaziken|Protect
|move|p2a: Electrode|Volt Switch|p1a: Blaziken
|-activate|p1a: Blaziken|move: Protect
|
|-weather|Snowscape|[upkeep]
|-end|p1a: Blaziken|move: Future Sight
|-supereffective|p1a: Blaziken
|-damage|p1a: Blaziken|0 fnt
|faint|p1a: Blaziken
|upkeep
|
|t:|1743916076
|switch|p1a: Pecharunt|Pecharunt|100/100
|turn|14
|
|t:|1743916082
|move|p2a: Electrode|Volt Switch|p1a: Pecharunt
|-damage|p1a: Pecharunt|67/100
|
|t:|1743916088
|switch|p2a: Weavile|Weavile, M|100/100|[from] Volt Switch
|-ability|p2a: Weavile|Pressure
|move|p1a: Pecharunt|Malignant Chain|p2a: Weavile
|-damage|p2a: Weavile|47/100
|
|-weather|Snowscape|[upkeep]
|upkeep
|turn|15
|inactive|rexrabidus has 120 seconds left.
|c|☆vluby|Didnt know it went thru protect
|
|t:|1743916105
|move|p2a: Weavile|Knock Off|p1a: Pecharunt
|-supereffective|p1a: Pecharunt
|-damage|p1a: Pecharunt|0 fnt
|-enditem|p1a: Pecharunt|Heavy-Duty Boots|[from] move: Knock Off|[of] p2a: Weavile
|faint|p1a: Pecharunt
|
|-weather|Snowscape|[upkeep]
|upkeep
|
|t:|1743916114
|switch|p1a: Kyurem|Kyurem, shiny|2/100
|-ability|p1a: Kyurem|Pressure
|turn|16
|
|t:|1743916119
|move|p2a: Weavile|Ice Shard|p1a: Kyurem
|-damage|p1a: Kyurem|0 fnt
|faint|p1a: Kyurem
|
|-weather|none
|upkeep
|
|t:|1743916125
|switch|p1a: Mudsdale|Mudsdale, M, shiny|100/100
|turn|17
|
|t:|1743916132
|-terastallize|p1a: Mudsdale|Steel
|move|p2a: Weavile|Icicle Spear|p1a: Mudsdale
|-resisted|p1a: Mudsdale
|-damage|p1a: Mudsdale|96/100
|-ability|p1a: Mudsdale|Stamina|boost
|-boost|p1a: Mudsdale|def|1
|-resisted|p1a: Mudsdale
|-damage|p1a: Mudsdale|93/100
|-ability|p1a: Mudsdale|Stamina|boost
|-boost|p1a: Mudsdale|def|1
|-resisted|p1a: Mudsdale
|-damage|p1a: Mudsdale|91/100
|-ability|p1a: Mudsdale|Stamina|boost
|-boost|p1a: Mudsdale|def|1
|-resisted|p1a: Mudsdale
|-damage|p1a: Mudsdale|89/100
|-ability|p1a: Mudsdale|Stamina|boost
|-boost|p1a: Mudsdale|def|1
|-resisted|p1a: Mudsdale
|-damage|p1a: Mudsdale|88/100
|-ability|p1a: Mudsdale|Stamina|boost
|-boost|p1a: Mudsdale|def|1
|-hitcount|p1a: Mudsdale|5
|move|p1a: Mudsdale|Body Press|p2a: Weavile
|-supereffective|p2a: Weavile
|-damage|p2a: Weavile|0 fnt
|faint|p2a: Weavile
|
|-heal|p1a: Mudsdale|94/100|[from] item: Leftovers
|upkeep
|inactive|rexrabidus has 120 seconds left.
|
|t:|1743916170
|switch|p2a: Araquanid|Araquanid, M|100/100
|turn|18
|
|t:|1743916176
|move|p2a: Araquanid|Liquidation|p1a: Mudsdale
|-damage|p1a: Mudsdale|82/100
|-ability|p1a: Mudsdale|Stamina|boost
|-boost|p1a: Mudsdale|def|1
|move|p1a: Mudsdale|Body Press|p2a: Araquanid
|-resisted|p2a: Araquanid
|-damage|p2a: Araquanid|48/100
|
|-heal|p1a: Mudsdale|88/100|[from] item: Leftovers
|upkeep
|turn|19
|inactive|rexrabidus has 120 seconds left.
|c|☆vluby|I mean u can still win?
|inactive|rexrabidus has 90 seconds left.
|
|t:|1743916226
|switch|p2a: Slowking|Slowking-Galar, F|100/100
|move|p1a: Mudsdale|Body Press|p2a: Slowking
|-resisted|p2a: Slowking
|-crit|p2a: Slowking
|-damage|p2a: Slowking|62/100
|
|-heal|p2a: Slowking|68/100|[from] item: Leftovers
|-heal|p1a: Mudsdale|94/100|[from] item: Leftovers
|upkeep
|turn|20
|
|t:|1743916237
|move|p2a: Slowking|Future Sight|p1a: Mudsdale
|-start|p2a: Slowking|move: Future Sight
|move|p1a: Mudsdale|Roar|p2a: Slowking
|drag|p2a: Electrode|Electrode-Hisui|100/100
|
|-heal|p1a: Mudsdale|100/100|[from] item: Leftovers
|upkeep
|turn|21
|-message|rexrabidus forfeited.
|
|win|vluby
|raw|vluby's rating: 1131 &rarr; <strong>1152</strong><br />(+21 for winning)
|raw|rexrabidus's rating: 1081 &rarr; <strong>1062</strong><br />(-19 for losing)
|l|☆rexrabidus
|player|p2|
|l|☆vluby
|player|p1|
