|j|☆Cinder D Ace
|j|☆xAmethystx
|t:|1743872797
|gametype|singles
|player|p1|Cinder D Ace|parasollady|1497
|player|p2|xAmethystx|miku-ground|1603
|teamsize|p1|6
|teamsize|p2|6
|gen|9
|tier|[Gen 9] OU
|rated|
|rule|HP Percentage Mod: HP is shown in percentages
|rule|Endless Battle Clause: Forcing endless battles is banned
|rule|Species Clause: Limit one of each Pokémon
|rule|OHKO Clause: OHKO moves are banned
|rule|Evasion Items Clause: Evasion items are banned
|rule|Evasion Moves Clause: Evasion moves are banned
|rule|Sleep Moves Clause: Sleep-inducing moves are banned
|clearpoke
|poke|p1|Garganacl, F|
|poke|p1|Iron Valiant|
|poke|p1|Kingambit, F|
|poke|p1|Cinderace, M|
|poke|p1|Ogerpon-Wellspring, F|
|poke|p1|Dragonite, F|
|poke|p2|Chandelure, M|
|poke|p2|Kingambit, F|
|poke|p2|Great Tusk|
|poke|p2|Corviknight, M|
|poke|p2|Rotom-Wash|
|poke|p2|Hatterene, F|
|teampreview
|inactive|Battle timer is ON: inactive players will automatically lose when time's up. (requested by Cinder D Ace)
|inactive|xAmethystx has 120 seconds left.
|
|t:|1743872837
|start
|switch|p1a: Garganacl|Garganacl, F|100/100
|switch|p2a: Corviknight|Corviknight, M, shiny|100/100
|turn|1
|
|t:|1743872841
|move|p2a: Corviknight|U-turn|p1a: Garganacl
|-damage|p1a: Garganacl|91/100
|
|t:|1743872846
|switch|p2a: Great Tusk|Great Tusk|100/100|[from] U-turn
|move|p1a: Garganacl|Salt Cure|p2a: Great Tusk
|-resisted|p2a: Great Tusk
|-damage|p2a: Great Tusk|98/100
|-start|p2a: Great Tusk|Salt Cure
|
|-heal|p1a: Garganacl|97/100|[from] item: Leftovers
|-damage|p2a: Great Tusk|85/100|[from] Salt Cure
|upkeep
|turn|2
|
|t:|1743872863
|switch|p1a: Ogerpon|Ogerpon-Wellspring, F|100/100
|move|p2a: Great Tusk|Close Combat|p1a: Ogerpon
|-damage|p1a: Ogerpon|0 fnt
|-unboost|p2a: Great Tusk|def|1
|-unboost|p2a: Great Tusk|spd|1
|faint|p1a: Ogerpon
|
|-damage|p2a: Great Tusk|73/100|[from] Salt Cure
|upkeep
|
|t:|1743872876
|switch|p1a: Cinderace|Cinderace, M|100/100
|turn|3
|
|t:|1743872881
|-end|p2a: Great Tusk|Protosynthesis|[silent]
|switch|p2a: Rotom|Rotom-Wash|100/100
|move|p1a: Cinderace|Will-O-Wisp|p2a: Rotom
|-status|p2a: Rotom|brn
|
|-damage|p2a: Rotom|94/100 brn|[from] brn
|upkeep
|turn|4
|
|t:|1743872888
|switch|p1a: Dragonite|Dragonite, F|100/100
|move|p2a: Rotom|Volt Switch|p1a: Dragonite
|-damage|p1a: Dragonite|88/100
|
|t:|1743872897
|switch|p2a: Hatterene|Hatterene, F|100/100|[from] Volt Switch
|
|upkeep
|turn|5
|
|t:|1743872902
|switch|p1a: Garganacl|Garganacl, F|97/100
|move|p2a: Hatterene|Nuzzle|p1a: Garganacl
|-damage|p1a: Garganacl|94/100
|
|-heal|p1a: Garganacl|100/100|[from] item: Leftovers
|upkeep
|turn|6
|
|t:|1743872913
|move|p2a: Hatterene|Calm Mind|p2a: Hatterene
|-boost|p2a: Hatterene|spa|1
|-boost|p2a: Hatterene|spd|1
|move|p1a: Garganacl|Curse|p1a: Garganacl
|-unboost|p1a: Garganacl|spe|1
|-boost|p1a: Garganacl|atk|1
|-boost|p1a: Garganacl|def|1
|
|upkeep
|turn|7
|
|t:|1743872924
|move|p2a: Hatterene|Calm Mind|p2a: Hatterene
|-boost|p2a: Hatterene|spa|1
|-boost|p2a: Hatterene|spd|1
|move|p1a: Garganacl|Salt Cure|p2a: Hatterene
|-damage|p2a: Hatterene|84/100
|-start|p2a: Hatterene|Salt Cure
|
|-heal|p2a: Hatterene|90/100|[from] item: Leftovers
|-damage|p2a: Hatterene|78/100|[from] Salt Cure
|upkeep
|turn|8
|
|t:|1743872930
|move|p2a: Hatterene|Draining Kiss|p1a: Garganacl
|-damage|p1a: Garganacl|72/100
|-heal|p2a: Hatterene|100/100|[from] drain|[of] p1a: Garganacl
|move|p1a: Garganacl|Earthquake|p2a: Hatterene
|-damage|p2a: Hatterene|72/100
|
|-heal|p2a: Hatterene|78/100|[from] item: Leftovers
|-heal|p1a: Garganacl|78/100|[from] item: Leftovers
|-damage|p2a: Hatterene|66/100|[from] Salt Cure
|upkeep
|turn|9
|
|t:|1743872935
|switch|p1a: Cinderace|Cinderace, M|100/100
|move|p2a: Hatterene|Draining Kiss|p1a: Cinderace
|-resisted|p1a: Cinderace
|-damage|p1a: Cinderace|74/100
|-heal|p2a: Hatterene|89/100|[from] drain|[of] p1a: Cinderace
|
|-heal|p2a: Hatterene|95/100|[from] item: Leftovers
|-damage|p2a: Hatterene|82/100|[from] Salt Cure
|upkeep
|turn|10
|
|t:|1743872940
|move|p1a: Cinderace|Pyro Ball|p2a: Hatterene
|-damage|p2a: Hatterene|44/100
|move|p2a: Hatterene|Draining Kiss|p1a: Cinderace
|-resisted|p1a: Cinderace
|-damage|p1a: Cinderace|44/100
|-heal|p2a: Hatterene|68/100|[from] drain|[of] p1a: Cinderace
|
|-heal|p2a: Hatterene|74/100|[from] item: Leftovers
|-damage|p2a: Hatterene|62/100|[from] Salt Cure
|upkeep
|turn|11
|
|t:|1743872945
|move|p1a: Cinderace|Pyro Ball|p2a: Hatterene
|-damage|p2a: Hatterene|23/100
|move|p2a: Hatterene|Psyshock|p1a: Cinderace
|-damage|p1a: Cinderace|0 fnt
|faint|p1a: Cinderace
|
|-heal|p2a: Hatterene|28/100|[from] item: Leftovers
|-damage|p2a: Hatterene|16/100|[from] Salt Cure
|upkeep
|
|t:|1743872964
|switch|p1a: Dragonite|Dragonite, F|88/100
|turn|12
|
|t:|1743872968
|switch|p2a: Rotom|Rotom-Wash|94/100 brn
|move|p1a: Dragonite|Earthquake|p2a: Rotom
|-immune|p2a: Rotom|[from] ability: Levitate
|
|-heal|p2a: Rotom|100/100 brn|[from] item: Leftovers
|-damage|p2a: Rotom|94/100 brn|[from] brn
|upkeep
|turn|13
|
|t:|1743872973
|switch|p1a: Garganacl|Garganacl, F|78/100
|move|p2a: Rotom|Will-O-Wisp|p1a: Garganacl
|-immune|p1a: Garganacl|[from] ability: Purifying Salt
|
|-heal|p2a: Rotom|100/100 brn|[from] item: Leftovers
|-heal|p1a: Garganacl|85/100|[from] item: Leftovers
|-damage|p2a: Rotom|94/100 brn|[from] brn
|upkeep
|turn|14
|
|t:|1743872976
|move|p2a: Rotom|Hydro Pump|p1a: Garganacl
|-supereffective|p1a: Garganacl
|-damage|p1a: Garganacl|29/100
|move|p1a: Garganacl|Salt Cure|p2a: Rotom
|-damage|p2a: Rotom|84/100 brn
|-start|p2a: Rotom|Salt Cure
|
|-heal|p2a: Rotom|90/100 brn|[from] item: Leftovers
|-heal|p1a: Garganacl|35/100|[from] item: Leftovers
|-damage|p2a: Rotom|84/100 brn|[from] brn
|-damage|p2a: Rotom|59/100 brn|[from] Salt Cure
|upkeep
|turn|15
|
|t:|1743872982
|switch|p1a: Dragonite|Dragonite, F|88/100
|move|p2a: Rotom|Volt Switch|p1a: Dragonite
|-damage|p1a: Dragonite|64/100
|
|t:|1743872994
|switch|p2a: Hatterene|Hatterene, F|16/100|[from] Volt Switch
|
|-heal|p2a: Hatterene|22/100|[from] item: Leftovers
|upkeep
|turn|16
|
|t:|1743872997
|move|p1a: Dragonite|Extreme Speed|p2a: Hatterene
|-damage|p2a: Hatterene|0 fnt
|faint|p2a: Hatterene
|
|upkeep
|
|t:|1743873009
|switch|p2a: Rotom|Rotom-Wash|59/100 brn
|turn|17
|
|t:|1743873015
|switch|p1a: Garganacl|Garganacl, F|35/100
|move|p2a: Rotom|Will-O-Wisp|p1a: Garganacl|[miss]
|-miss|p2a: Rotom|p1a: Garganacl
|
|-heal|p2a: Rotom|65/100 brn|[from] item: Leftovers
|-heal|p1a: Garganacl|42/100|[from] item: Leftovers
|-damage|p2a: Rotom|59/100 brn|[from] brn
|upkeep
|turn|18
|
|t:|1743873022
|move|p2a: Rotom|Hydro Pump|p1a: Garganacl
|-supereffective|p1a: Garganacl
|-damage|p1a: Garganacl|0 fnt
|faint|p1a: Garganacl
|
|-heal|p2a: Rotom|65/100 brn|[from] item: Leftovers
|-damage|p2a: Rotom|59/100 brn|[from] brn
|upkeep
|
|t:|1743873032
|switch|p1a: Dragonite|Dragonite, F|64/100
|turn|19
|
|t:|1743873034
|move|p1a: Dragonite|Extreme Speed|p2a: Rotom
|-damage|p2a: Rotom|33/100 brn
|move|p2a: Rotom|Will-O-Wisp|p1a: Dragonite
|-status|p1a: Dragonite|brn
|
|-heal|p2a: Rotom|39/100 brn|[from] item: Leftovers
|-damage|p1a: Dragonite|57/100 brn|[from] brn
|-damage|p2a: Rotom|33/100 brn|[from] brn
|upkeep
|turn|20
|
|t:|1743873041
|move|p1a: Dragonite|Roost|p1a: Dragonite
|-heal|p1a: Dragonite|100/100 brn
|-singleturn|p1a: Dragonite|move: Roost
|move|p2a: Rotom|Volt Switch|p1a: Dragonite
|-resisted|p1a: Dragonite
|-damage|p1a: Dragonite|94/100 brn
|
|t:|1743873045
|switch|p2a: Great Tusk|Great Tusk|73/100|[from] Volt Switch
|
|-damage|p1a: Dragonite|87/100 brn|[from] brn
|upkeep
|turn|21
|
|t:|1743873049
|move|p1a: Dragonite|Extreme Speed|p2a: Great Tusk
|-damage|p2a: Great Tusk|62/100
|move|p2a: Great Tusk|Ice Spinner|p1a: Dragonite
|-supereffective|p1a: Dragonite
|-damage|p1a: Dragonite|0 fnt
|faint|p1a: Dragonite
|
|upkeep
|
|t:|1743873056
|switch|p1a: Iron Valiant|Iron Valiant|100/100
|-enditem|p1a: Iron Valiant|Booster Energy
|-activate|p1a: Iron Valiant|ability: Quark Drive|[fromitem]
|-start|p1a: Iron Valiant|quarkdrivespe
|turn|22
|
|t:|1743873061
|-end|p2a: Great Tusk|Protosynthesis|[silent]
|switch|p2a: Corviknight|Corviknight, M, shiny|100/100
|move|p1a: Iron Valiant|Moonblast|p2a: Corviknight
|-resisted|p2a: Corviknight
|-damage|p2a: Corviknight|85/100
|
|-heal|p2a: Corviknight|91/100|[from] item: Leftovers
|upkeep
|turn|23
|
|t:|1743873067
|-end|p1a: Iron Valiant|Quark Drive|[silent]
|switch|p1a: Kingambit|Kingambit, F|100/100
|-activate|p1a: Kingambit|ability: Supreme Overlord
|-start|p1a: Kingambit|fallen4|[silent]
|move|p2a: Corviknight|Brave Bird|p1a: Kingambit
|-resisted|p1a: Kingambit
|-damage|p1a: Kingambit|87/100
|-damage|p2a: Corviknight|87/100|[from] Recoil
|
|-heal|p2a: Corviknight|93/100|[from] item: Leftovers
|-heal|p1a: Kingambit|93/100|[from] item: Leftovers
|upkeep
|turn|24
|
|t:|1743873074
|-end|p1a: Kingambit|fallen4|[silent]
|switch|p1a: Iron Valiant|Iron Valiant|100/100
|move|p2a: Corviknight|U-turn|p1a: Iron Valiant
|-resisted|p1a: Iron Valiant
|-damage|p1a: Iron Valiant|96/100
|
|t:|1743873079
|switch|p2a: Chandelure|Chandelure, M|100/100|[from] U-turn
|
|upkeep
|turn|25
|
|t:|1743873083
|move|p2a: Chandelure|Flamethrower|p1a: Iron Valiant
|-damage|p1a: Iron Valiant|13/100
|move|p1a: Iron Valiant|Shadow Ball|p2a: Chandelure
|-supereffective|p2a: Chandelure
|-damage|p2a: Chandelure|27/100
|
|upkeep
|turn|26
|
|t:|1743873086
|move|p2a: Chandelure|Flamethrower|p1a: Iron Valiant
|-crit|p1a: Iron Valiant
|-damage|p1a: Iron Valiant|0 fnt
|faint|p1a: Iron Valiant
|-end|p1a: Iron Valiant|Quark Drive|[silent]
|
|upkeep
|
|t:|1743873088
|switch|p1a: Kingambit|Kingambit, F|93/100
|-activate|p1a: Kingambit|ability: Supreme Overlord
|-start|p1a: Kingambit|fallen5|[silent]
|turn|27
|
|t:|1743873091
|move|p2a: Chandelure|Flamethrower|p1a: Kingambit
|-supereffective|p1a: Kingambit
|-damage|p1a: Kingambit|0 fnt
|faint|p1a: Kingambit
|-end|p1a: Kingambit|fallen5|[silent]
|
|win|xAmethystx
|raw|Cinder D Ace's rating: 1497 &rarr; <strong>1483</strong><br />(-14 for losing)
|raw|xAmethystx's rating: 1603 &rarr; <strong>1617</strong><br />(+14 for winning)
|l|☆Cinder D Ace
|player|p1|
|l|☆xAmethystx
|player|p2|
|j|☆xAmethystx
|player|p2|xAmethystx|miku-ground|
|l|☆xAmethystx
|player|p2|
