|j|☆Elite4Peach
|j|☆usuario 33
|t:|1743844940
|gametype|singles
|player|p1|Elite4Peach|swimmerf-gen4dp|1094
|player|p2|usuario 33|102|1110
|teamsize|p1|6
|teamsize|p2|6
|gen|9
|tier|[Gen 9] OU
|rated|
|rule|HP Percentage Mod: HP is shown in percentages
|rule|Endless Battle Clause: Forcing endless battles is banned
|rule|Species Clause: Limit one of each Pokémon
|rule|OHKO Clause: OHKO moves are banned
|rule|Evasion Items Clause: Evasion items are banned
|rule|Evasion Moves Clause: Evasion moves are banned
|rule|Sleep Moves Clause: Sleep-inducing moves are banned
|clearpoke
|poke|p1|Slowbro-Galar, M|
|poke|p1|Slowking-Galar, M|
|poke|p1|Weezing-Galar, F|
|poke|p1|Vileplume, M|
|poke|p1|Muk-Alola, F|
|poke|p1|Salazzle, F|
|poke|p2|Okidogi, M|
|poke|p2|Raging Bolt|
|poke|p2|Kingambit, M|
|poke|p2|Serperior, M|
|poke|p2|Skeledirge, F|
|poke|p2|Cyclizar, F|
|teampreview
|inactive|Battle timer is ON: inactive players will automatically lose when time's up. (requested by usuario 33)
|
|t:|1743844946
|start
|switch|p1a: Salazzle|Salazzle, F|100/100
|switch|p2a: Cyclizar|Cyclizar, F, shiny|100/100
|turn|1
|
|t:|1743844957
|move|p1a: Salazzle|Sludge Bomb|p2a: Cyclizar
|-damage|p2a: Cyclizar|65/100
|-status|p2a: Cyclizar|psn
|move|p2a: Cyclizar|Knock Off|p1a: Salazzle
|-damage|p1a: Salazzle|57/100
|-enditem|p1a: Salazzle|Heavy-Duty Boots|[from] move: Knock Off|[of] p2a: Cyclizar
|
|-damage|p2a: Cyclizar|53/100 psn|[from] psn
|upkeep
|turn|2
|
|t:|1743844971
|move|p1a: Salazzle|Fire Blast|p2a: Cyclizar
|-resisted|p2a: Cyclizar
|-damage|p2a: Cyclizar|32/100 psn
|move|p2a: Cyclizar|U-turn|p1a: Salazzle
|-resisted|p1a: Salazzle
|-damage|p1a: Salazzle|50/100
|
|t:|1743844979
|switch|p2a: Okidogi|Okidogi, M|100/100|[from] U-turn
|
|upkeep
|turn|3
|
|t:|1743844987
|move|p1a: Salazzle|Fire Blast|p2a: Okidogi
|-damage|p2a: Okidogi|59/100
|move|p2a: Okidogi|Drain Punch|p1a: Salazzle
|-resisted|p1a: Salazzle
|-damage|p1a: Salazzle|22/100
|-heal|p2a: Okidogi|69/100|[from] drain|[of] p1a: Salazzle
|
|-heal|p2a: Okidogi|75/100|[from] item: Leftovers
|upkeep
|turn|4
|
|t:|1743845006
|move|p1a: Salazzle|Fire Blast|p2a: Okidogi
|-damage|p2a: Okidogi|37/100
|move|p2a: Okidogi|Drain Punch|p1a: Salazzle
|-resisted|p1a: Salazzle
|-damage|p1a: Salazzle|0 fnt
|-heal|p2a: Okidogi|45/100|[from] drain|[of] p1a: Salazzle
|faint|p1a: Salazzle
|
|-heal|p2a: Okidogi|51/100|[from] item: Leftovers
|upkeep
|
|t:|1743845023
|switch|p1a: Weezing|Weezing-Galar, F|100/100
|turn|5
|
|t:|1743845030
|switch|p2a: Kingambit|Kingambit, M, shiny|100/100
|move|p1a: Weezing|Strange Steam|p2a: Kingambit|[miss]
|-miss|p1a: Weezing|p2a: Kingambit
|
|upkeep
|turn|6
|
|t:|1743845039
|move|p2a: Kingambit|Swords Dance|p2a: Kingambit
|-boost|p2a: Kingambit|atk|2
|move|p1a: Weezing|Will-O-Wisp|p2a: Kingambit
|-status|p2a: Kingambit|brn
|
|-damage|p2a: Kingambit|94/100 brn|[from] brn
|upkeep
|turn|7
|
|t:|1743845048
|move|p2a: Kingambit|Iron Head|p1a: Weezing
|-supereffective|p1a: Weezing
|-damage|p1a: Weezing|45/100
|-damage|p2a: Kingambit|78/100 brn|[from] item: Rocky Helmet|[of] p1a: Weezing
|move|p1a: Weezing|Strange Steam|p2a: Kingambit
|-damage|p2a: Kingambit|47/100 brn
|
|-heal|p2a: Kingambit|53/100 brn|[from] item: Leftovers
|-damage|p2a: Kingambit|47/100 brn|[from] brn
|upkeep
|turn|8
|
|t:|1743845059
|move|p2a: Kingambit|Iron Head|p1a: Weezing
|-supereffective|p1a: Weezing
|-crit|p1a: Weezing
|-damage|p1a: Weezing|0 fnt
|-damage|p2a: Kingambit|31/100 brn|[from] item: Rocky Helmet|[of] p1a: Weezing
|faint|p1a: Weezing
|
|-heal|p2a: Kingambit|37/100 brn|[from] item: Leftovers
|-damage|p2a: Kingambit|31/100 brn|[from] brn
|upkeep
|
|t:|1743845070
|switch|p1a: Vileplume|Vileplume, M|100/100
|turn|9
|
|t:|1743845076
|move|p2a: Kingambit|Kowtow Cleave|p1a: Vileplume
|-damage|p1a: Vileplume|59/100
|-damage|p2a: Kingambit|14/100 brn|[from] item: Rocky Helmet|[of] p1a: Vileplume
|move|p1a: Vileplume|Leech Seed|p2a: Kingambit
|-start|p2a: Kingambit|move: Leech Seed
|
|-heal|p2a: Kingambit|20/100 brn|[from] item: Leftovers
|-damage|p2a: Kingambit|8/100 brn|[from] Leech Seed|[of] p1a: Vileplume
|-heal|p1a: Vileplume|71/100|[silent]
|-damage|p2a: Kingambit|2/100 brn|[from] brn
|upkeep
|turn|10
|
|t:|1743845104
|move|p2a: Kingambit|Kowtow Cleave|p1a: Vileplume
|-damage|p1a: Vileplume|29/100
|-damage|p2a: Kingambit|0 fnt|[from] item: Rocky Helmet|[of] p1a: Vileplume
|faint|p2a: Kingambit
|-end|p2a: Kingambit|fallenundefined|[silent]
|move|p1a: Vileplume|Giga Drain|p2: Kingambit|[notarget]
|-fail|p1a: Vileplume
|
|upkeep
|inactive|usuario 33 has 120 seconds left.
|
|t:|1743845114
|switch|p2a: Okidogi|Okidogi, M|51/100
|turn|11
|
|t:|1743845119
|move|p2a: Okidogi|Ice Punch|p1a: Vileplume
|-supereffective|p1a: Vileplume
|-damage|p1a: Vileplume|0 fnt
|-damage|p2a: Okidogi|35/100|[from] item: Rocky Helmet|[of] p1a: Vileplume
|faint|p1a: Vileplume
|
|-heal|p2a: Okidogi|41/100|[from] item: Leftovers
|upkeep
|
|t:|1743845133
|switch|p1a: Slowking|Slowking-Galar, M|100/100
|turn|12
|
|t:|1743845140
|move|p2a: Okidogi|Knock Off|p1a: Slowking
|-supereffective|p1a: Slowking
|-damage|p1a: Slowking|45/100
|-enditem|p1a: Slowking|Heavy-Duty Boots|[from] move: Knock Off|[of] p2a: Okidogi
|move|p1a: Slowking|Future Sight|p2a: Okidogi
|-start|p1a: Slowking|move: Future Sight
|
|-heal|p2a: Okidogi|47/100|[from] item: Leftovers
|upkeep
|turn|13
|inactive|usuario 33 has 120 seconds left.
|
|t:|1743845180
|move|p2a: Okidogi|Ice Punch|p1a: Slowking
|-crit|p1a: Slowking
|-damage|p1a: Slowking|10/100
|-prepare|p1a: Slowking|Chilly Reception|[premajor]
|move|p1a: Slowking|Chilly Reception|p1a: Slowking
|-weather|Snowscape
|
|t:|1743845193
|switch|p1a: Slowbro|Slowbro-Galar, M|100/100|[from] Chilly Reception
|
|-weather|Snowscape|[upkeep]
|-heal|p2a: Okidogi|53/100|[from] item: Leftovers
|upkeep
|turn|14
|inactive|usuario 33 has 120 seconds left.
|
|t:|1743845205
|switch|p2a: Cyclizar|Cyclizar, F, shiny|66/100 psn
|move|p1a: Slowbro|Calm Mind|p1a: Slowbro
|-boost|p1a: Slowbro|spa|1
|-boost|p1a: Slowbro|spd|1
|
|-weather|Snowscape|[upkeep]
|-end|p2a: Cyclizar|move: Future Sight
|-damage|p2a: Cyclizar|30/100 psn
|-damage|p2a: Cyclizar|17/100 psn|[from] psn
|upkeep
|turn|15
|inactive|usuario 33 has 120 seconds left.
|
|t:|1743845219
|move|p2a: Cyclizar|Knock Off|p1a: Slowbro
|-supereffective|p1a: Slowbro
|-damage|p1a: Slowbro|75/100
|-enditem|p1a: Slowbro|Heavy-Duty Boots|[from] move: Knock Off|[of] p2a: Cyclizar
|move|p1a: Slowbro|Flamethrower|p2a: Cyclizar
|-resisted|p2a: Cyclizar
|-crit|p2a: Cyclizar
|-damage|p2a: Cyclizar|0 fnt
|faint|p2a: Cyclizar
|
|-weather|Snowscape|[upkeep]
|upkeep
|inactive|usuario 33 has 120 seconds left.
|
|t:|1743845237
|switch|p2a: Okidogi|Okidogi, M|53/100
|turn|16
|
|t:|1743845247
|-terastallize|p1a: Slowbro|Water
|move|p2a: Okidogi|Knock Off|p1a: Slowbro
|-damage|p1a: Slowbro|61/100
|move|p1a: Slowbro|Flamethrower|p2a: Okidogi
|-damage|p2a: Okidogi|29/100
|
|-weather|Snowscape|[upkeep]
|-heal|p2a: Okidogi|35/100|[from] item: Leftovers
|upkeep
|turn|17
|
|t:|1743845258
|move|p2a: Okidogi|Drain Punch|p1a: Slowbro
|-damage|p1a: Slowbro|41/100
|-heal|p2a: Okidogi|45/100|[from] drain|[of] p1a: Slowbro
|move|p1a: Slowbro|Slack Off|p1a: Slowbro
|-heal|p1a: Slowbro|91/100
|
|-weather|none
|-heal|p2a: Okidogi|52/100|[from] item: Leftovers
|upkeep
|turn|18
|
|t:|1743845268
|move|p2a: Okidogi|Bulk Up|p2a: Okidogi
|-boost|p2a: Okidogi|atk|1
|-boost|p2a: Okidogi|def|1
|move|p1a: Slowbro|Flamethrower|p2a: Okidogi
|-damage|p2a: Okidogi|28/100
|
|-heal|p2a: Okidogi|34/100|[from] item: Leftovers
|upkeep
|turn|19
|inactive|usuario 33 has 120 seconds left.
|
|t:|1743845282
|-terastallize|p2a: Okidogi|Water
|move|p2a: Okidogi|Bulk Up|p2a: Okidogi
|-boost|p2a: Okidogi|atk|1
|-boost|p2a: Okidogi|def|1
|move|p1a: Slowbro|Flamethrower|p2a: Okidogi
|-resisted|p2a: Okidogi
|-damage|p2a: Okidogi|22/100
|
|-heal|p2a: Okidogi|28/100|[from] item: Leftovers
|upkeep
|turn|20
|inactive|usuario 33 has 120 seconds left.
|
|t:|1743845294
|move|p2a: Okidogi|Drain Punch|p1a: Slowbro
|-crit|p1a: Slowbro
|-damage|p1a: Slowbro|27/100
|-heal|p2a: Okidogi|61/100|[from] drain|[of] p1a: Slowbro
|move|p1a: Slowbro|Sludge Bomb|p2a: Okidogi
|-damage|p2a: Okidogi|27/100
|-status|p2a: Okidogi|psn
|
|-heal|p2a: Okidogi|33/100 psn|[from] item: Leftovers
|-damage|p2a: Okidogi|20/100 psn|[from] psn
|upkeep
|turn|21
|inactive|usuario 33 has 120 seconds left.
|
|t:|1743845306
|move|p2a: Okidogi|Drain Punch|p1a: Slowbro
|-damage|p1a: Slowbro|0 fnt
|-heal|p2a: Okidogi|34/100 psn|[from] drain|[of] p1a: Slowbro
|faint|p1a: Slowbro
|
|-heal|p2a: Okidogi|40/100 psn|[from] item: Leftovers
|-damage|p2a: Okidogi|28/100 psn|[from] psn
|upkeep
|
|t:|1743845316
|switch|p1a: Slowking|Slowking-Galar, M|44/100
|turn|22
|
|t:|1743845324
|move|p2a: Okidogi|Knock Off|p1a: Slowking
|-supereffective|p1a: Slowking
|-damage|p1a: Slowking|0 fnt
|faint|p1a: Slowking
|
|-heal|p2a: Okidogi|34/100 psn|[from] item: Leftovers
|-damage|p2a: Okidogi|21/100 psn|[from] psn
|upkeep
|
|t:|1743845330
|switch|p1a: Muk|Muk-Alola, F|100/100
|turn|23
|
|t:|1743845335
|move|p2a: Okidogi|Drain Punch|p1a: Muk
|-damage|p1a: Muk|37/100
|-heal|p2a: Okidogi|56/100 psn|[from] drain|[of] p1a: Muk
|move|p1a: Muk|Poison Jab|p2a: Okidogi
|-damage|p2a: Okidogi|44/100 psn
|
|-heal|p2a: Okidogi|50/100 psn|[from] item: Leftovers
|-heal|p1a: Muk|43/100|[from] item: Leftovers
|-damage|p2a: Okidogi|37/100 psn|[from] psn
|upkeep
|turn|24
|
|t:|1743845348
|move|p2a: Okidogi|Drain Punch|p1a: Muk
|-damage|p1a: Muk|0 fnt
|-heal|p2a: Okidogi|61/100 psn|[from] drain|[of] p1a: Muk
|faint|p1a: Muk
|
|win|usuario 33
|raw|Elite4Peach's rating: 1094 &rarr; <strong>1071</strong><br />(-23 for losing)
|raw|usuario 33's rating: 1110 &rarr; <strong>1134</strong><br />(+24 for winning)
|l|☆usuario 33
|player|p2|
|l|☆Elite4Peach
|player|p1|
