|j|☆jpapaio
|j|☆sillysquare
|t:|1743895552
|gametype|singles
|player|p1|jpapaio|psychic-gen2|1661
|player|p2|sillysquare|dancer|1686
|teamsize|p1|6
|teamsize|p2|6
|gen|9
|tier|[Gen 9] OU
|rated|
|rule|HP Percentage Mod: HP is shown in percentages
|rule|Endless Battle Clause: Forcing endless battles is banned
|rule|Species Clause: Limit one of each Pokémon
|rule|OHKO Clause: OHKO moves are banned
|rule|Evasion Items Clause: Evasion items are banned
|rule|Evasion Moves Clause: Evasion moves are banned
|rule|Sleep Moves Clause: Sleep-inducing moves are banned
|clearpoke
|poke|p1|Rillaboom, F|
|poke|p1|Raging Bolt|
|poke|p1|Zamazenta-*|
|poke|p1|Ting-Lu|
|poke|p1|Iron Crown|
|poke|p1|Hatterene, F|
|poke|p2|Garchomp, M|
|poke|p2|Tinkaton, F|
|poke|p2|Hydrapple, F|
|poke|p2|Maushold-Four|
|poke|p2|Moltres|
|poke|p2|Okidogi, M|
|teampreview
|inactive|Battle timer is ON: inactive players will automatically lose when time's up. (requested by jpapaio)
|inactive|jpapaio has 120 seconds left.
|
|t:|1743895593
|start
|switch|p1a: Ting-Lu|Ting-Lu|100/100
|switch|p2a: Tinkaton|Tinkaton, F|100/100
|-ability|p2a: Tinkaton|Mold Breaker
|-ability|p1a: Ting-Lu|Vessel of Ruin
|turn|1
|
|t:|1743895607
|move|p2a: Tinkaton|Knock Off|p1a: Ting-Lu
|-resisted|p1a: Ting-Lu
|-damage|p1a: Ting-Lu|95/100
|-damage|p2a: Tinkaton|84/100|[from] item: Rocky Helmet|[of] p1a: Ting-Lu
|-enditem|p1a: Ting-Lu|Rocky Helmet|[from] move: Knock Off|[of] p2a: Tinkaton
|move|p1a: Ting-Lu|Stomping Tantrum|p2a: Tinkaton
|-supereffective|p2a: Tinkaton
|-damage|p2a: Tinkaton|15/100
|
|-heal|p2a: Tinkaton|21/100|[from] item: Leftovers
|upkeep
|turn|2
|
|t:|1743895625
|move|p2a: Tinkaton|Stealth Rock|p1a: Ting-Lu
|-sidestart|p1: jpapaio|move: Stealth Rock
|move|p1a: Ting-Lu|Stomping Tantrum|p2a: Tinkaton
|-supereffective|p2a: Tinkaton
|-damage|p2a: Tinkaton|0 fnt
|faint|p2a: Tinkaton
|
|upkeep
|
|t:|1743895631
|switch|p2a: Hydrapple|Hydrapple, F|100/100
|turn|3
|
|t:|1743895635
|switch|p1a: Hatterene|Hatterene, F|100/100
|-damage|p1a: Hatterene|88/100|[from] Stealth Rock
|move|p2a: Hydrapple|Nasty Plot|p2a: Hydrapple
|-boost|p2a: Hydrapple|spa|2
|
|upkeep
|turn|4
|
|t:|1743895644
|move|p2a: Hydrapple|Leaf Storm|p1a: Hatterene
|-damage|p1a: Hatterene|0 fnt
|-unboost|p2a: Hydrapple|spa|2
|faint|p1a: Hatterene
|-damage|p2a: Hydrapple|91/100|[from] item: Life Orb
|
|upkeep
|
|t:|1743895671
|switch|p1a: Rillaboom|Rillaboom, F|100/100
|-damage|p1a: Rillaboom|88/100|[from] Stealth Rock
|-fieldstart|move: Grassy Terrain|[from] ability: Grassy Surge|[of] p1a: Rillaboom
|turn|5
|
|t:|1743895675
|switch|p2a: Moltres|Moltres|100/100
|move|p1a: Rillaboom|U-turn|p2a: Moltres
|-resisted|p2a: Moltres
|-damage|p2a: Moltres|92/100
|
|t:|1743895680
|switch|p1a: Iron Crown|Iron Crown|100/100|[from] U-turn
|-damage|p1a: Iron Crown|94/100|[from] Stealth Rock
|
|-heal|p1a: Iron Crown|100/100|[from] Grassy Terrain
|upkeep
|turn|6
|
|t:|1743895686
|-end|p1a: Iron Crown|Quark Drive|[silent]
|switch|p1a: Ting-Lu|Ting-Lu|95/100
|-damage|p1a: Ting-Lu|89/100|[from] Stealth Rock
|-ability|p1a: Ting-Lu|Vessel of Ruin
|move|p2a: Moltres|Fire Blast|p1a: Ting-Lu|[miss]
|-miss|p2a: Moltres|p1a: Ting-Lu
|
|-heal|p1a: Ting-Lu|95/100|[from] Grassy Terrain
|upkeep
|turn|7
|
|t:|1743895691
|switch|p2a: Hydrapple|Hydrapple, F|100/100
|move|p1a: Ting-Lu|Stealth Rock|p2a: Hydrapple
|-sidestart|p2: sillysquare|move: Stealth Rock
|
|-heal|p1a: Ting-Lu|100/100|[from] Grassy Terrain
|upkeep
|turn|8
|
|t:|1743895695
|move|p2a: Hydrapple|Leaf Storm|p1a: Ting-Lu
|-supereffective|p1a: Ting-Lu
|-damage|p1a: Ting-Lu|1/100
|-unboost|p2a: Hydrapple|spa|2
|-damage|p2a: Hydrapple|91/100|[from] item: Life Orb
|move|p1a: Ting-Lu|Whirlwind|p2a: Hydrapple
|drag|p2a: Garchomp|Garchomp, M|100/100
|-damage|p2a: Garchomp|94/100|[from] Stealth Rock
|
|-heal|p2a: Garchomp|100/100|[from] Grassy Terrain
|-heal|p1a: Ting-Lu|8/100|[from] Grassy Terrain
|upkeep
|turn|9
|
|t:|1743895702
|move|p2a: Garchomp|Scale Shot|p1a: Ting-Lu
|-damage|p1a: Ting-Lu|0 fnt
|faint|p1a: Ting-Lu
|-hitcount|p1: Ting-Lu|1
|-unboost|p2a: Garchomp|def|1
|-boost|p2a: Garchomp|spe|1
|-damage|p2a: Garchomp|91/100|[from] item: Life Orb
|
|-heal|p2a: Garchomp|97/100|[from] Grassy Terrain
|-fieldend|move: Grassy Terrain
|upkeep
|
|t:|1743895711
|switch|p1a: Rillaboom|Rillaboom, F|88/100
|-damage|p1a: Rillaboom|76/100|[from] Stealth Rock
|-fieldstart|move: Grassy Terrain|[from] ability: Grassy Surge|[of] p1a: Rillaboom
|turn|10
|
|t:|1743895715
|switch|p2a: Moltres|Moltres|92/100
|switch|p1a: Raging Bolt|Raging Bolt|100/100
|-damage|p1a: Raging Bolt|88/100|[from] Stealth Rock
|-enditem|p1a: Raging Bolt|Grassy Seed
|-boost|p1a: Raging Bolt|def|1|[from] item: Grassy Seed
|
|-heal|p1a: Raging Bolt|94/100|[from] Grassy Terrain
|upkeep
|turn|11
|
|t:|1743895732
|move|p2a: Moltres|Scorching Sands|p1a: Raging Bolt
|-supereffective|p1a: Raging Bolt
|-damage|p1a: Raging Bolt|54/100
|move|p1a: Raging Bolt|Calm Mind|p1a: Raging Bolt
|-boost|p1a: Raging Bolt|spa|1
|-boost|p1a: Raging Bolt|spd|1
|
|-heal|p1a: Raging Bolt|60/100|[from] Grassy Terrain
|upkeep
|turn|12
|
|t:|1743895739
|move|p1a: Raging Bolt|Thunderclap|p2a: Moltres
|-supereffective|p2a: Moltres
|-damage|p2a: Moltres|0 fnt
|faint|p2a: Moltres
|
|-heal|p1a: Raging Bolt|66/100|[from] Grassy Terrain
|upkeep
|
|t:|1743895748
|switch|p2a: Maushold|Maushold-Four|100/100
|-damage|p2a: Maushold|88/100|[from] Stealth Rock
|turn|13
|
|t:|1743895751
|-end|p1a: Raging Bolt|Protosynthesis|[silent]
|switch|p1a: Zamazenta|Zamazenta|100/100
|-damage|p1a: Zamazenta|94/100|[from] Stealth Rock
|-ability|p1a: Zamazenta|Dauntless Shield|boost
|-boost|p1a: Zamazenta|def|1
|move|p2a: Maushold|Encore||[still]
|-fail|p2a: Maushold
|
|-heal|p1a: Zamazenta|100/100|[from] Grassy Terrain
|-heal|p2a: Maushold|94/100|[from] Grassy Terrain
|upkeep
|turn|14
|
|t:|1743895766
|switch|p2a: Hydrapple|Hydrapple, F|100/100
|-damage|p2a: Hydrapple|88/100|[from] Stealth Rock
|move|p1a: Zamazenta|Close Combat|p2a: Hydrapple
|-damage|p2a: Hydrapple|23/100
|-unboost|p1a: Zamazenta|def|1
|-unboost|p1a: Zamazenta|spd|1
|-damage|p1a: Zamazenta|91/100|[from] item: Life Orb
|
|-heal|p1a: Zamazenta|97/100|[from] Grassy Terrain
|-heal|p2a: Hydrapple|29/100|[from] Grassy Terrain
|-fieldend|move: Grassy Terrain
|upkeep
|turn|15
|
|t:|1743895774
|move|p1a: Zamazenta|Close Combat|p2a: Hydrapple
|-damage|p2a: Hydrapple|0 fnt
|-unboost|p1a: Zamazenta|def|1
|-unboost|p1a: Zamazenta|spd|1
|faint|p2a: Hydrapple
|-damage|p1a: Zamazenta|87/100|[from] item: Life Orb
|
|upkeep
|
|t:|1743895778
|switch|p2a: Garchomp|Garchomp, M|97/100
|-damage|p2a: Garchomp|91/100|[from] Stealth Rock
|turn|16
|
|t:|1743895782
|move|p1a: Zamazenta|Ice Fang|p2a: Garchomp
|-supereffective|p2a: Garchomp
|-damage|p2a: Garchomp|0 fnt
|-damage|p1a: Zamazenta|75/100|[from] ability: Rough Skin|[of] p2a: Garchomp
|faint|p2a: Garchomp
|-damage|p1a: Zamazenta|65/100|[from] item: Life Orb
|
|upkeep
|
|t:|1743895786
|switch|p2a: Okidogi|Okidogi, M|100/100
|-damage|p2a: Okidogi|94/100|[from] Stealth Rock
|turn|17
|
|t:|1743895796
|move|p1a: Zamazenta|Close Combat|p2a: Okidogi
|-resisted|p2a: Okidogi
|-damage|p2a: Okidogi|66/100
|-unboost|p1a: Zamazenta|def|1
|-unboost|p1a: Zamazenta|spd|1
|-damage|p1a: Zamazenta|55/100|[from] item: Life Orb
|move|p2a: Okidogi|Bulk Up|p2a: Okidogi
|-boost|p2a: Okidogi|atk|1
|-boost|p2a: Okidogi|def|1
|
|-heal|p2a: Okidogi|72/100|[from] item: Leftovers
|upkeep
|turn|18
|
|t:|1743895802
|switch|p1a: Raging Bolt|Raging Bolt|66/100
|-damage|p1a: Raging Bolt|54/100|[from] Stealth Rock
|move|p2a: Okidogi|Bulk Up|p2a: Okidogi
|-boost|p2a: Okidogi|atk|1
|-boost|p2a: Okidogi|def|1
|
|-heal|p2a: Okidogi|78/100|[from] item: Leftovers
|upkeep
|turn|19
|
|t:|1743895808
|move|p2a: Okidogi|Ice Punch|p1a: Raging Bolt
|-supereffective|p1a: Raging Bolt
|-damage|p1a: Raging Bolt|0 fnt
|faint|p1a: Raging Bolt
|-end|p1a: Raging Bolt|Protosynthesis|[silent]
|
|-heal|p2a: Okidogi|84/100|[from] item: Leftovers
|upkeep
|
|t:|1743895811
|switch|p1a: Iron Crown|Iron Crown|100/100
|-damage|p1a: Iron Crown|94/100|[from] Stealth Rock
|turn|20
|
|t:|1743895814
|move|p1a: Iron Crown|Volt Switch|p2a: Okidogi
|-damage|p2a: Okidogi|56/100
|
|t:|1743895818
|-end|p1a: Iron Crown|Quark Drive|[silent]
|switch|p1a: Zamazenta|Zamazenta|55/100|[from] Volt Switch
|-damage|p1a: Zamazenta|49/100|[from] Stealth Rock
|move|p2a: Okidogi|Knock Off|p1a: Zamazenta
|-resisted|p1a: Zamazenta
|-damage|p1a: Zamazenta|20/100
|-enditem|p1a: Zamazenta|Life Orb|[from] move: Knock Off|[of] p2a: Okidogi
|
|-heal|p2a: Okidogi|62/100|[from] item: Leftovers
|upkeep
|turn|21
|
|t:|1743895823
|move|p1a: Zamazenta|Close Combat|p2a: Okidogi
|-resisted|p2a: Okidogi
|-damage|p2a: Okidogi|50/100
|-unboost|p1a: Zamazenta|def|1
|-unboost|p1a: Zamazenta|spd|1
|move|p2a: Okidogi|Drain Punch|p1a: Zamazenta
|-damage|p1a: Zamazenta|0 fnt
|-heal|p2a: Okidogi|59/100|[from] drain|[of] p1a: Zamazenta
|faint|p1a: Zamazenta
|
|-heal|p2a: Okidogi|65/100|[from] item: Leftovers
|upkeep
|
|t:|1743895825
|switch|p1a: Iron Crown|Iron Crown|94/100
|-damage|p1a: Iron Crown|88/100|[from] Stealth Rock
|turn|22
|
|t:|1743895831
|move|p1a: Iron Crown|Tachyon Cutter|p2a: Okidogi
|-damage|p2a: Okidogi|32/100
|-damage|p2a: Okidogi|1/100
|-hitcount|p2a: Okidogi|2
|move|p2a: Okidogi|Knock Off|p1a: Iron Crown
|-supereffective|p1a: Iron Crown
|-damage|p1a: Iron Crown|0 fnt
|-enditem|p1a: Iron Crown|Choice Specs|[from] move: Knock Off|[of] p2a: Okidogi
|faint|p1a: Iron Crown
|-end|p1a: Iron Crown|Quark Drive|[silent]
|
|-heal|p2a: Okidogi|7/100|[from] item: Leftovers
|upkeep
|
|t:|1743895835
|switch|p1a: Rillaboom|Rillaboom, F|76/100
|-damage|p1a: Rillaboom|64/100|[from] Stealth Rock
|-fieldstart|move: Grassy Terrain|[from] ability: Grassy Surge|[of] p1a: Rillaboom
|turn|23
|
|t:|1743895842
|-terastallize|p1a: Rillaboom|Grass
|move|p1a: Rillaboom|Grassy Glide|p2a: Okidogi
|-resisted|p2a: Okidogi
|-damage|p2a: Okidogi|0 fnt
|faint|p2a: Okidogi
|
|-heal|p1a: Rillaboom|70/100|[from] Grassy Terrain
|upkeep
|
|t:|1743895847
|switch|p2a: Maushold|Maushold-Four|94/100
|-damage|p2a: Maushold|82/100|[from] Stealth Rock
|turn|24
|
|t:|1743895851
|move|p1a: Rillaboom|Grassy Glide|p2a: Maushold
|-damage|p2a: Maushold|0 fnt
|faint|p2a: Maushold
|
|win|jpapaio
|raw|jpapaio's rating: 1661 &rarr; <strong>1682</strong><br />(+21 for winning)
|raw|sillysquare's rating: 1686 &rarr; <strong>1665</strong><br />(-21 for losing)
|c|☆jpapaio|gg
|c|☆sillysquare|gg
|l|☆sillysquare
|player|p2|
|l|☆jpapaio
|player|p1|
