|j|☆ddthejj-test
|j|☆cadmunt
|t:|1743917952
|gametype|singles
|player|p1|ddthejj-test|hiker-gen4|1136
|player|p2|cadmunt|palmer|1109
|teamsize|p1|6
|teamsize|p2|6
|gen|9
|tier|[Gen 9] OU
|rated|
|rule|HP Percentage Mod: HP is shown in percentages
|rule|Endless Battle Clause: Forcing endless battles is banned
|rule|Species Clause: Limit one of each Pokémon
|rule|OHKO Clause: OHKO moves are banned
|rule|Evasion Items Clause: Evasion items are banned
|rule|Evasion Moves Clause: Evasion moves are banned
|rule|Sleep Moves Clause: Sleep-inducing moves are banned
|clearpoke
|poke|p1|Revavroom, F|
|poke|p1|Galvantula, M|
|poke|p1|Great Tusk|
|poke|p1|Probopass, F|
|poke|p1|Iron Moth|
|poke|p1|Ogerpon-Wellspring, F|
|poke|p2|Grimmsnarl, M|
|poke|p2|Gyarados, M|
|poke|p2|Arcanine, M|
|poke|p2|Kyurem|
|poke|p2|Clodsire, M|
|poke|p2|Ditto|
|teampreview
|inactive|Battle timer is ON: inactive players will automatically lose when time's up. (requested by ddthejj-test)
|
|t:|1743917964
|start
|switch|p1a: Ogerpon|Ogerpon-Wellspring, F|100/100
|switch|p2a: Norman|Grimmsnarl, M|100/100
|turn|1
|
|t:|1743917975
|switch|p2a: Arcanine|Arcanine, M|100/100
|-ability|p2a: Arcanine|Intimidate|boost
|-unboost|p1a: Ogerpon|atk|1
|move|p1a: Ogerpon|Ivy Cudgel|p2a: Arcanine|[anim] Ivy Cudgel Water
|-supereffective|p2a: Arcanine
|-crit|p2a: Arcanine
|-damage|p2a: Arcanine|0 fnt
|faint|p2a: Arcanine
|
|upkeep
|
|t:|1743917983
|switch|p2a: Gyarados|Gyarados, M|100/100
|-ability|p2a: Gyarados|Intimidate|boost
|-unboost|p1a: Ogerpon|atk|1
|turn|2
|
|t:|1743917987
|switch|p2a: Clodsire|Clodsire, M, shiny|100/100
|move|p1a: Ogerpon|Knock Off|p2a: Clodsire
|-damage|p2a: Clodsire|85/100
|-enditem|p2a: Clodsire|Black Sludge|[from] move: Knock Off|[of] p1a: Ogerpon
|
|upkeep
|turn|3
|
|t:|1743917997
|switch|p2a: Gyarados|Gyarados, M|100/100
|-ability|p2a: Gyarados|Intimidate|boost
|-unboost|p1a: Ogerpon|atk|1
|move|p1a: Ogerpon|Ivy Cudgel|p2a: Gyarados|[anim] Ivy Cudgel Water
|-resisted|p2a: Gyarados
|-damage|p2a: Gyarados|85/100
|
|upkeep
|turn|4
|
|t:|1743918004
|move|p1a: Ogerpon|Knock Off|p2a: Gyarados
|-damage|p2a: Gyarados|65/100
|-enditem|p2a: Gyarados|Focus Sash|[from] move: Knock Off|[of] p1a: Ogerpon
|move|p2a: Gyarados|Dragon Dance|p2a: Gyarados
|-boost|p2a: Gyarados|atk|1
|-boost|p2a: Gyarados|spe|1
|
|upkeep
|turn|5
|
|t:|1743918012
|move|p2a: Gyarados|Dragon Dance|p2a: Gyarados
|-boost|p2a: Gyarados|atk|1
|-boost|p2a: Gyarados|spe|1
|move|p1a: Ogerpon|U-turn|p2a: Gyarados
|-resisted|p2a: Gyarados
|-damage|p2a: Gyarados|58/100
|
|t:|1743918017
|switch|p1a: Revavroom|Revavroom, F|100/100|[from] U-turn
|
|upkeep
|turn|6
|
|t:|1743918034
|move|p2a: Gyarados|Earthquake|p1a: Revavroom
|-supereffective|p1a: Revavroom
|-enditem|p1a: Revavroom|Focus Sash
|-damage|p1a: Revavroom|1/100
|move|p1a: Revavroom|Shift Gear|p1a: Revavroom
|-boost|p1a: Revavroom|spe|2
|-boost|p1a: Revavroom|atk|1
|
|upkeep
|turn|7
|
|t:|1743918042
|move|p2a: Gyarados|Earthquake|p1a: Revavroom
|-supereffective|p1a: Revavroom
|-damage|p1a: Revavroom|0 fnt
|faint|p1a: Revavroom
|
|upkeep
|
|t:|1743918048
|switch|p1a: Galvantula|Galvantula, M|100/100
|turn|8
|
|t:|1743918052
|move|p2a: Gyarados|Earthquake|p1a: Galvantula
|-enditem|p1a: Galvantula|Focus Sash
|-damage|p1a: Galvantula|1/100
|move|p1a: Galvantula|Volt Switch|p2a: Gyarados
|-supereffective|p2a: Gyarados
|-damage|p2a: Gyarados|0 fnt
|faint|p2a: Gyarados
|
|t:|1743918059
|switch|p1a: Ogerpon|Ogerpon-Wellspring, F|100/100|[from] Volt Switch
|
|upkeep
|
|t:|1743918063
|switch|p2a: Clodsire|Clodsire, M, shiny|85/100
|turn|9
|
|t:|1743918066
|move|p1a: Ogerpon|Ivy Cudgel|p2a: Clodsire|[anim] Ivy Cudgel Water
|-heal|p2a: Clodsire|100/100|[from] ability: Water Absorb|[of] p1a: Ogerpon
|move|p2a: Clodsire|Curse|p2a: Clodsire
|-unboost|p2a: Clodsire|spe|1
|-boost|p2a: Clodsire|atk|1
|-boost|p2a: Clodsire|def|1
|
|upkeep
|turn|10
|
|t:|1743918078
|move|p1a: Ogerpon|U-turn|p2a: Clodsire
|-resisted|p2a: Clodsire
|-damage|p2a: Clodsire|93/100
|
|t:|1743918088
|switch|p1a: Great Tusk|Great Tusk|100/100|[from] U-turn
|move|p2a: Clodsire|Curse|p2a: Clodsire
|-unboost|p2a: Clodsire|spe|1
|-boost|p2a: Clodsire|atk|1
|-boost|p2a: Clodsire|def|1
|
|upkeep
|turn|11
|
|t:|1743918108
|move|p1a: Great Tusk|Headlong Rush|p2a: Clodsire
|-supereffective|p2a: Clodsire
|-damage|p2a: Clodsire|50/100
|-unboost|p1a: Great Tusk|def|1
|-unboost|p1a: Great Tusk|spd|1
|move|p2a: Clodsire|Curse|p2a: Clodsire
|-unboost|p2a: Clodsire|spe|1
|-boost|p2a: Clodsire|atk|1
|-boost|p2a: Clodsire|def|1
|
|upkeep
|turn|12
|
|t:|1743918116
|-end|p1a: Great Tusk|Protosynthesis|[silent]
|switch|p1a: Galvantula|Galvantula, M|1/100
|move|p2a: Clodsire|Recover|p2a: Clodsire
|-heal|p2a: Clodsire|99/100
|
|upkeep
|turn|13
|inactive|cadmunt has 120 seconds left.
|
|t:|1743918174
|move|p1a: Galvantula|Sticky Web|p2a: Clodsire
|-sidestart|p2: cadmunt|move: Sticky Web
|move|p2a: Clodsire|Earthquake|p1a: Galvantula
|-damage|p1a: Galvantula|0 fnt
|faint|p1a: Galvantula
|
|upkeep
|
|t:|1743918197
|switch|p1a: Iron Moth|Iron Moth|100/100
|-enditem|p1a: Iron Moth|Booster Energy
|-activate|p1a: Iron Moth|ability: Quark Drive|[fromitem]
|-start|p1a: Iron Moth|quarkdrivespa
|turn|14
|
|t:|1743918205
|move|p1a: Iron Moth|Fiery Dance|p2a: Clodsire
|-damage|p2a: Clodsire|59/100
|move|p2a: Clodsire|Earthquake|p1a: Iron Moth
|-supereffective|p1a: Iron Moth
|-damage|p1a: Iron Moth|0 fnt
|faint|p1a: Iron Moth
|-end|p1a: Iron Moth|Quark Drive|[silent]
|
|upkeep
|
|t:|1743918211
|switch|p1a: Probopass|Probopass, F|100/100
|turn|15
|
|t:|1743918216
|-terastallize|p1a: Probopass|Ground
|move|p1a: Probopass|Earth Power|p2a: Clodsire
|-supereffective|p2a: Clodsire
|-damage|p2a: Clodsire|14/100
|move|p2a: Clodsire|Earthquake|p1a: Probopass
|-crit|p1a: Probopass
|-damage|p1a: Probopass|30/100
|
|upkeep
|turn|16
|inactive|cadmunt has 120 seconds left.
|
|t:|1743918227
|move|p1a: Probopass|Earth Power|p2a: Clodsire
|-supereffective|p2a: Clodsire
|-damage|p2a: Clodsire|0 fnt
|faint|p2a: Clodsire
|
|upkeep
|
|t:|1743918232
|switch|p2a: Kyurem|Kyurem, shiny|100/100
|-activate|p2a: Kyurem|move: Sticky Web
|-unboost|p2a: Kyurem|spe|1
|-ability|p2a: Kyurem|Pressure
|turn|17
|
|t:|1743918238
|move|p2a: Kyurem|Freeze-Dry|p1a: Probopass
|-supereffective|p1a: Probopass
|-damage|p1a: Probopass|0 fnt
|faint|p1a: Probopass
|
|upkeep
|
|t:|1743918240
|switch|p1a: Great Tusk|Great Tusk|100/100
|turn|18
|
|t:|1743918253
|move|p1a: Great Tusk|Close Combat|p2a: Kyurem
|-supereffective|p2a: Kyurem
|-damage|p2a: Kyurem|9/100
|-unboost|p1a: Great Tusk|def|1
|-unboost|p1a: Great Tusk|spd|1
|move|p2a: Kyurem|Ice Beam|p1a: Great Tusk
|-supereffective|p1a: Great Tusk
|-damage|p1a: Great Tusk|0 fnt
|faint|p1a: Great Tusk
|-end|p1a: Great Tusk|Protosynthesis|[silent]
|
|-heal|p2a: Kyurem|15/100|[from] item: Leftovers
|upkeep
|
|t:|1743918260
|switch|p1a: Ogerpon|Ogerpon-Wellspring, F|100/100
|turn|19
|
|t:|1743918264
|move|p1a: Ogerpon|Knock Off|p2a: Kyurem
|-damage|p2a: Kyurem|0 fnt
|-enditem|p2a: Kyurem|Leftovers|[from] move: Knock Off|[of] p1a: Ogerpon
|faint|p2a: Kyurem
|
|upkeep
|
|t:|1743918268
|switch|p2a: Norman|Grimmsnarl, M|100/100
|-activate|p2a: Norman|move: Sticky Web
|-unboost|p2a: Norman|spe|1
|turn|20
|
|t:|1743918272
|move|p2a: Norman|Swagger|p1a: Ogerpon
|-boost|p1a: Ogerpon|atk|2
|-start|p1a: Ogerpon|confusion
|-activate|p1a: Ogerpon|confusion
|move|p1a: Ogerpon|Ivy Cudgel|p2a: Norman|[anim] Ivy Cudgel Water
|-crit|p2a: Norman
|-enditem|p2a: Norman|Focus Sash
|-damage|p2a: Norman|1/100
|
|upkeep
|turn|21
|
|t:|1743918281
|move|p2a: Norman|Sucker Punch|p1a: Ogerpon
|-damage|p1a: Ogerpon|46/100
|-activate|p1a: Ogerpon|confusion
|move|p1a: Ogerpon|Knock Off|p2a: Norman
|-resisted|p2a: Norman
|-damage|p2a: Norman|0 fnt
|faint|p2a: Norman
|
|upkeep
|
|t:|1743918284
|switch|p2a: Ditto|Ditto, shiny|100/100
|-activate|p2a: Ditto|move: Sticky Web
|-unboost|p2a: Ditto|spe|1
|-transform|p2a: Ditto|p1a: Ogerpon|[from] ability: Imposter
|turn|22
|
|t:|1743918294
|move|p2a: Ditto|Horn Leech|p1a: Ogerpon
|-damage|p1a: Ogerpon|0 fnt
|faint|p1a: Ogerpon
|
|win|cadmunt
|raw|ddthejj-test's rating: 1136 &rarr; <strong>1109</strong><br />(-27 for losing)
|raw|cadmunt's rating: 1109 &rarr; <strong>1136</strong><br />(+27 for winning)
|l|☆ddthejj-test
|player|p1|
|l|☆cadmunt
|player|p2|
