|j|☆BEZG
|j|☆razz1011
|t:|1743833173
|gametype|singles
|player|p1|BEZG|hoopster|1112
|player|p2|razz1011|nate|1074
|teamsize|p1|6
|teamsize|p2|6
|gen|9
|tier|[Gen 9] OU
|rated|
|rule|HP Percentage Mod: HP is shown in percentages
|rule|Endless Battle Clause: Forcing endless battles is banned
|rule|Species Clause: Limit one of each Pokémon
|rule|OHKO Clause: OHKO moves are banned
|rule|Evasion Items Clause: Evasion items are banned
|rule|Evasion Moves Clause: Evasion moves are banned
|rule|Sleep Moves Clause: Sleep-inducing moves are banned
|clearpoke
|poke|p1|Iron Valiant|
|poke|p1|Deoxys-Speed|
|poke|p1|Kyurem|
|poke|p1|Gholdengo|
|poke|p1|Hatterene, F|
|poke|p1|Samurott-Hisui, M|
|poke|p2|Greninja-*, M|
|poke|p2|Krookodile, M|
|poke|p2|Electivire, F|
|poke|p2|Metagross|
|poke|p2|Iron Valiant|
|poke|p2|Emboar, F|
|teampreview
|
|t:|1743833194
|start
|switch|p1a: Gholdengo|Gholdengo|100/100
|switch|p2a: Electivire|Electivire, F|100/100
|-item|p2a: Electivire|Air Balloon
|turn|1
|
|t:|1743833218
|move|p1a: Gholdengo|Shadow Ball|p2a: Electivire
|-damage|p2a: Electivire|23/100
|-enditem|p2a: Electivire|Air Balloon
|move|p2a: Electivire|Flamethrower|p1a: Gholdengo
|-supereffective|p1a: Gholdengo
|-damage|p1a: Gholdengo|46/100
|
|upkeep
|turn|2
|
|t:|1743833233
|move|p1a: Gholdengo|Shadow Ball|p2a: Electivire
|-damage|p2a: Electivire|0 fnt
|faint|p2a: Electivire
|
|upkeep
|
|t:|1743833240
|switch|p2a: Iron Valiant|Iron Valiant|100/100
|-item|p2a: Iron Valiant|Air Balloon
|turn|3
|
|t:|1743833253
|switch|p1a: Hatterene|Hatterene, F|100/100
|move|p2a: Iron Valiant|Fire Punch|p1a: Hatterene
|-damage|p1a: Hatterene|76/100
|
|upkeep
|turn|4
|
|t:|1743833263
|-end|p2a: Iron Valiant|Quark Drive|[silent]
|switch|p2a: Emboar|Emboar, F|100/100
|-item|p2a: Emboar|Air Balloon
|move|p1a: Hatterene|Psychic Noise|p2a: Emboar
|-supereffective|p2a: Emboar
|-damage|p2a: Emboar|18/100
|-start|p2a: Emboar|move: Heal Block
|-enditem|p2a: Emboar|Air Balloon
|
|upkeep
|turn|5
|
|t:|1743833272
|move|p2a: Emboar|Flamethrower|p1a: Hatterene
|-damage|p1a: Hatterene|45/100
|-status|p1a: Hatterene|brn
|move|p1a: Hatterene|Psychic Noise|p2a: Emboar
|-supereffective|p2a: Emboar
|-damage|p2a: Emboar|0 fnt
|faint|p2a: Emboar
|
|-damage|p1a: Hatterene|39/100 brn|[from] brn
|upkeep
|
|t:|1743833288
|switch|p2a: Metagross|Metagross|100/100
|turn|6
|
|t:|1743833308
|move|p2a: Metagross|Earthquake|p1a: Hatterene
|-damage|p1a: Hatterene|9/100 brn
|move|p1a: Hatterene|Mystical Fire|p2a: Metagross
|-supereffective|p2a: Metagross
|-damage|p2a: Metagross|51/100
|
|-heal|p2a: Metagross|58/100|[from] item: Leftovers
|-damage|p1a: Hatterene|3/100 brn|[from] brn
|upkeep
|turn|7
|
|t:|1743833319
|move|p2a: Metagross|Ice Punch|p1a: Hatterene
|-damage|p1a: Hatterene|0 fnt
|faint|p1a: Hatterene
|
|-heal|p2a: Metagross|64/100|[from] item: Leftovers
|upkeep
|
|t:|1743833327
|switch|p1a: Samurott|Samurott-Hisui, M, shiny|100/100
|turn|8
|
|t:|1743833332
|move|p1a: Samurott|Ceaseless Edge|p2a: Metagross
|-supereffective|p2a: Metagross
|-damage|p2a: Metagross|0 fnt
|-sidestart|p2: razz1011|Spikes
|faint|p2a: Metagross
|
|upkeep
|
|t:|1743833338
|switch|p2a: Krookodile|Krookodile, M|100/100
|-damage|p2a: Krookodile|88/100|[from] Spikes
|-ability|p2a: Krookodile|Intimidate|boost
|-unboost|p1a: Samurott|atk|1
|turn|9
|
|t:|1743833353
|switch|p1a: Gholdengo|Gholdengo|46/100
|move|p2a: Krookodile|Thunder Fang|p1a: Gholdengo
|-damage|p1a: Gholdengo|26/100
|
|-heal|p2a: Krookodile|94/100|[from] item: Leftovers
|upkeep
|turn|10
|
|t:|1743833366
|move|p1a: Gholdengo|Shadow Ball|p2a: Krookodile
|-resisted|p2a: Krookodile
|-damage|p2a: Krookodile|54/100
|move|p2a: Krookodile|Earthquake|p1a: Gholdengo
|-supereffective|p1a: Gholdengo
|-damage|p1a: Gholdengo|0 fnt
|faint|p1a: Gholdengo
|
|-heal|p2a: Krookodile|60/100|[from] item: Leftovers
|upkeep
|
|t:|1743833392
|switch|p1a: Samurott|Samurott-Hisui, M, shiny|100/100
|turn|11
|
|t:|1743833396
|move|p1a: Samurott|Aqua Jet|p2a: Krookodile
|-supereffective|p2a: Krookodile
|-damage|p2a: Krookodile|0 fnt
|faint|p2a: Krookodile
|
|upkeep
|
|t:|1743833404
|switch|p2a: Iron Valiant|Iron Valiant|100/100
|-item|p2a: Iron Valiant|Air Balloon
|turn|12
|
|t:|1743833424
|switch|p1a: Kyurem|Kyurem|100/100
|-ability|p1a: Kyurem|Pressure
|move|p2a: Iron Valiant|Close Combat|p1a: Kyurem
|-supereffective|p1a: Kyurem
|-damage|p1a: Kyurem|0 fnt
|-unboost|p2a: Iron Valiant|def|1
|-unboost|p2a: Iron Valiant|spd|1
|faint|p1a: Kyurem
|
|upkeep
|
|t:|1743833435
|switch|p1a: Samurott|Samurott-Hisui, M, shiny|100/100
|turn|13
|
|t:|1743833454
|-terastallize|p1a: Samurott|Bug
|move|p1a: Samurott|Aqua Cutter|p2a: Iron Valiant
|-damage|p2a: Iron Valiant|0 fnt
|-enditem|p2a: Iron Valiant|Air Balloon
|faint|p2a: Iron Valiant
|-end|p2a: Iron Valiant|Quark Drive|[silent]
|
|upkeep
|
|t:|1743833461
|switch|p2a: Greninja|Greninja, M|100/100
|-damage|p2a: Greninja|88/100|[from] Spikes
|turn|14
|
|t:|1743833467
|move|p2a: Greninja|Acrobatics|p1a: Samurott
|-supereffective|p1a: Samurott
|-damage|p1a: Samurott|67/100
|move|p1a: Samurott|Aqua Cutter|p2a: Greninja
|-resisted|p2a: Greninja
|-damage|p2a: Greninja|35/100
|
|upkeep
|turn|15
|
|t:|1743833476
|move|p2a: Greninja|Night Slash|p1a: Samurott
|-damage|p1a: Samurott|36/100
|move|p1a: Samurott|Aqua Cutter|p2a: Greninja
|-resisted|p2a: Greninja
|-crit|p2a: Greninja
|-damage|p2a: Greninja|0 fnt
|faint|p2a: Greninja
|
|win|BEZG
|raw|BEZG's rating: 1112 &rarr; <strong>1134</strong><br />(+22 for winning)
|raw|razz1011's rating: 1074 &rarr; <strong>1055</strong><br />(-19 for losing)
|l|☆BEZG
|player|p1|
