|j|☆verguetta
|j|☆emaytetehew
|t:|1743875474
|gametype|singles
|player|p1|verguetta|266|1435
|player|p2|emaytetehew|2|1482
|teamsize|p1|6
|teamsize|p2|6
|gen|9
|tier|[Gen 9] OU
|rated|
|rule|HP Percentage Mod: HP is shown in percentages
|rule|Endless Battle Clause: Forcing endless battles is banned
|rule|Species Clause: Limit one of each Pokémon
|rule|OHKO Clause: OHKO moves are banned
|rule|Evasion Items Clause: Evasion items are banned
|rule|Evasion Moves Clause: Evasion moves are banned
|rule|Sleep Moves Clause: Sleep-inducing moves are banned
|clearpoke
|poke|p1|Ursaluna, M|
|poke|p1|Alomomola, F|
|poke|p1|Slowking-Galar, M|
|poke|p1|Cinderace, M|
|poke|p1|Kingambit, F|
|poke|p1|Darkrai|
|poke|p2|Sableye, F|
|poke|p2|Kyurem|
|poke|p2|Azelf|
|poke|p2|Enamorus, F|
|poke|p2|Lucario, M|
|poke|p2|Arcanine-Hisui, M|
|teampreview
|inactive|Battle timer is ON: inactive players will automatically lose when time's up. (requested by verguetta)
|
|t:|1743875489
|start
|switch|p1a: Cinderace|Cinderace, M|100/100
|switch|p2a: Azelf|Azelf|100/100
|turn|1
|
|t:|1743875502
|move|p1a: Cinderace|U-turn|p2a: Azelf
|-supereffective|p2a: Azelf
|-crit|p2a: Azelf
|-damage|p2a: Azelf|7/100
|
|t:|1743875507
|switch|p1a: Slowking|Slowking-Galar, M|100/100|[from] U-turn
|move|p2a: Azelf|Explosion|p1a: Slowking
|-damage|p1a: Slowking|28/100
|faint|p2a: Azelf
|
|upkeep
|
|t:|1743875518
|switch|p2a: Arcanine|Arcanine-Hisui, M|100/100
|turn|2
|
|t:|1743875524
|switch|p1a: Alomomola|Alomomola, F|100/100
|move|p2a: Arcanine|Howl|p2a: Arcanine
|-boost|p2a: Arcanine|atk|1
|
|upkeep
|turn|3
|
|t:|1743875543
|-terastallize|p2a: Arcanine|Normal
|move|p2a: Arcanine|Head Smash|p1a: Alomomola
|-damage|p1a: Alomomola|26/100
|-damage|p2a: Arcanine|91/100|[from] item: Life Orb
|move|p1a: Alomomola|Flip Turn|p2a: Arcanine
|-damage|p2a: Arcanine|71/100
|
|t:|1743875550
|switch|p1a: Cinderace|Cinderace, M|100/100|[from] Flip Turn
|
|upkeep
|turn|4
|
|t:|1743875555
|move|p2a: Arcanine|Extreme Speed|p1a: Cinderace
|-damage|p1a: Cinderace|15/100
|-damage|p2a: Arcanine|61/100|[from] item: Life Orb
|move|p1a: Cinderace|Will-O-Wisp|p2a: Arcanine
|-status|p2a: Arcanine|brn
|
|-damage|p2a: Arcanine|55/100 brn|[from] brn
|upkeep
|turn|5
|
|t:|1743875565
|switch|p1a: Alomomola|Alomomola, F|59/100
|move|p2a: Arcanine|Extreme Speed|p1a: Alomomola
|-damage|p1a: Alomomola|41/100
|-damage|p2a: Arcanine|45/100 brn|[from] item: Life Orb
|
|-damage|p2a: Arcanine|39/100 brn|[from] brn
|upkeep
|turn|6
|
|t:|1743875571
|move|p2a: Arcanine|Head Smash|p1a: Alomomola
|-damage|p1a: Alomomola|7/100
|-damage|p2a: Arcanine|29/100 brn|[from] item: Life Orb
|move|p1a: Alomomola|Wish|p1a: Alomomola
|
|-damage|p2a: Arcanine|23/100 brn|[from] brn
|upkeep
|turn|7
|
|t:|1743875576
|move|p1a: Alomomola|Protect|p1a: Alomomola
|-singleturn|p1a: Alomomola|Protect
|move|p2a: Arcanine|Howl|p2a: Arcanine
|-boost|p2a: Arcanine|atk|1
|
|-heal|p1a: Alomomola|57/100|[from] move: Wish|[wisher] Alomomola
|-damage|p2a: Arcanine|17/100 brn|[from] brn
|upkeep
|turn|8
|
|t:|1743875578
|move|p2a: Arcanine|Head Smash|p1a: Alomomola
|-damage|p1a: Alomomola|6/100
|-damage|p2a: Arcanine|7/100 brn|[from] item: Life Orb
|move|p1a: Alomomola|Wish|p1a: Alomomola
|
|-damage|p2a: Arcanine|1/100 brn|[from] brn
|upkeep
|turn|9
|
|t:|1743875588
|move|p1a: Alomomola|Protect|p1a: Alomomola
|-singleturn|p1a: Alomomola|Protect
|move|p2a: Arcanine|Extreme Speed|p1a: Alomomola
|-activate|p1a: Alomomola|move: Protect
|
|-heal|p1a: Alomomola|56/100|[from] move: Wish|[wisher] Alomomola
|-damage|p2a: Arcanine|0 fnt|[from] brn
|faint|p2a: Arcanine
|upkeep
|
|t:|1743875599
|switch|p2a: Sableye|Sableye, F|100/100
|turn|10
|
|t:|1743875608
|switch|p1a: Slowking|Slowking-Galar, M|61/100
|move|p2a: Sableye|Taunt|p1a: Slowking
|-start|p1a: Slowking|move: Taunt
|
|upkeep
|turn|11
|
|t:|1743875614
|move|p2a: Sableye|Knock Off|p1a: Slowking
|-supereffective|p1a: Slowking
|-damage|p1a: Slowking|4/100
|-enditem|p1a: Slowking|Heavy-Duty Boots|[from] move: Knock Off|[of] p2a: Sableye
|move|p1a: Slowking|Sludge Bomb|p2a: Sableye
|-resisted|p2a: Sableye
|-damage|p2a: Sableye|83/100
|
|upkeep
|turn|12
|
|t:|1743875625
|switch|p1a: Cinderace|Cinderace, M|15/100
|move|p2a: Sableye|Knock Off|p1a: Cinderace
|-damage|p1a: Cinderace|0 fnt
|-enditem|p1a: Cinderace|Heavy-Duty Boots|[from] move: Knock Off|[of] p2a: Sableye
|faint|p1a: Cinderace
|
|upkeep
|
|t:|1743875639
|switch|p1a: Alomomola|Alomomola, F|89/100
|turn|13
|
|t:|1743875645
|move|p2a: Sableye|Knock Off|p1a: Alomomola
|-damage|p1a: Alomomola|75/100
|-enditem|p1a: Alomomola|Heavy-Duty Boots|[from] move: Knock Off|[of] p2a: Sableye
|move|p1a: Alomomola|Flip Turn|p2a: Sableye
|-damage|p2a: Sableye|62/100
|
|t:|1743875647
|switch|p1a: Slowking|Slowking-Galar, M|37/100|[from] Flip Turn
|
|upkeep
|turn|14
|
|t:|1743875655
|switch|p1a: Alomomola|Alomomola, F|100/100
|move|p2a: Sableye|Knock Off|p1a: Alomomola
|-damage|p1a: Alomomola|91/100
|
|upkeep
|turn|15
|
|t:|1743875663
|move|p2a: Sableye|Taunt|p1a: Alomomola
|-start|p1a: Alomomola|move: Taunt
|move|p1a: Alomomola|Flip Turn|p2a: Sableye
|-damage|p2a: Sableye|39/100
|
|t:|1743875665
|switch|p1a: Slowking|Slowking-Galar, M|70/100|[from] Flip Turn
|
|upkeep
|turn|16
|
|t:|1743875669
|switch|p1a: Alomomola|Alomomola, F|100/100
|move|p2a: Sableye|Light Screen|p2a: Sableye
|-sidestart|p2: emaytetehew|move: Light Screen
|
|upkeep
|turn|17
|
|t:|1743875676
|move|p2a: Sableye|Reflect|p2a: Sableye
|-sidestart|p2: emaytetehew|Reflect
|move|p1a: Alomomola|Scald|p2a: Sableye
|-damage|p2a: Sableye|31/100
|
|upkeep
|turn|18
|
|t:|1743875694
|switch|p2a: Kyurem|Kyurem|100/100
|-ability|p2a: Kyurem|Pressure
|move|p1a: Alomomola|Flip Turn|p2a: Kyurem
|-resisted|p2a: Kyurem
|-damage|p2a: Kyurem|97/100
|
|t:|1743875712
|switch|p1a: Slowking|Slowking-Galar, M|100/100|[from] Flip Turn
|
|upkeep
|turn|19
|
|t:|1743875717
|move|p2a: Kyurem|Dragon Dance|p2a: Kyurem
|-boost|p2a: Kyurem|atk|1
|-boost|p2a: Kyurem|spe|1
|move|p1a: Slowking|Thunder Wave|p2a: Kyurem
|-status|p2a: Kyurem|par
|
|upkeep
|turn|20
|
|t:|1743875728
|switch|p1a: Alomomola|Alomomola, F|100/100
|move|p2a: Kyurem|Dragon Dance|p2a: Kyurem
|-boost|p2a: Kyurem|atk|1
|-boost|p2a: Kyurem|spe|1
|
|upkeep
|turn|21
|
|t:|1743875736
|move|p2a: Kyurem|Dragon Dance|p2a: Kyurem
|-boost|p2a: Kyurem|atk|1
|-boost|p2a: Kyurem|spe|1
|move|p1a: Alomomola|Flip Turn|p2a: Kyurem
|-resisted|p2a: Kyurem
|-damage|p2a: Kyurem|93/100 par
|
|t:|1743875743
|switch|p1a: Slowking|Slowking-Galar, M|100/100|[from] Flip Turn
|
|upkeep
|turn|22
|
|t:|1743875750
|switch|p1a: Alomomola|Alomomola, F|100/100
|cant|p2a: Kyurem|par
|
|upkeep
|turn|23
|
|t:|1743875754
|move|p2a: Kyurem|Dragon Dance|p2a: Kyurem
|-boost|p2a: Kyurem|atk|1
|-boost|p2a: Kyurem|spe|1
|move|p1a: Alomomola|Scald|p2a: Kyurem
|-resisted|p2a: Kyurem
|-damage|p2a: Kyurem|90/100 par
|
|-sideend|p2: emaytetehew|move: Light Screen
|upkeep
|turn|24
|
|t:|1743875763
|move|p2a: Kyurem|Dragon Dance|p2a: Kyurem
|-boost|p2a: Kyurem|atk|1
|-boost|p2a: Kyurem|spe|1
|move|p1a: Alomomola|Scald|p2a: Kyurem
|-resisted|p2a: Kyurem
|-damage|p2a: Kyurem|83/100 par
|
|-sideend|p2: emaytetehew|Reflect
|upkeep
|turn|25
|
|t:|1743875770
|move|p2a: Kyurem|Dragon Dance|p2a: Kyurem
|-boost|p2a: Kyurem|atk|1
|-boost|p2a: Kyurem|spe|1
|move|p1a: Alomomola|Flip Turn|p2a: Kyurem
|-resisted|p2a: Kyurem
|-damage|p2a: Kyurem|75/100 par
|
|t:|1743875771
|switch|p1a: Kingambit|Kingambit, F|100/100|[from] Flip Turn
|-activate|p1a: Kingambit|ability: Supreme Overlord
|-start|p1a: Kingambit|fallen1|[silent]
|
|upkeep
|turn|26
|
|t:|1743875782
|cant|p2a: Kyurem|par
|move|p1a: Kingambit|Iron Head|p2a: Kyurem
|-supereffective|p2a: Kyurem
|-damage|p2a: Kyurem|0 fnt
|faint|p2a: Kyurem
|
|upkeep
|
|t:|1743875786
|switch|p2a: Lucario|Lucario, M|100/100
|turn|27
|
|t:|1743875791
|-end|p1a: Kingambit|fallen1|[silent]
|switch|p1a: Slowking|Slowking-Galar, M|100/100
|move|p2a: Lucario|Swords Dance|p2a: Lucario
|-boost|p2a: Lucario|atk|2
|
|upkeep
|turn|28
|
|t:|1743875796
|move|p2a: Lucario|Crunch|p1a: Slowking
|-supereffective|p1a: Slowking
|-crit|p1a: Slowking
|-damage|p1a: Slowking|0 fnt
|faint|p1a: Slowking
|
|upkeep
|
|t:|1743875804
|switch|p1a: Alomomola|Alomomola, F|100/100
|turn|29
|
|t:|1743875807
|move|p2a: Lucario|Swords Dance|p2a: Lucario
|-boost|p2a: Lucario|atk|2
|move|p1a: Alomomola|Scald|p2a: Lucario
|-damage|p2a: Lucario|77/100
|
|upkeep
|turn|30
|
|t:|1743875812
|move|p2a: Lucario|Close Combat|p1a: Alomomola
|-damage|p1a: Alomomola|16/100
|-unboost|p2a: Lucario|def|1
|-unboost|p2a: Lucario|spd|1
|move|p1a: Alomomola|Scald|p2a: Lucario
|-damage|p2a: Lucario|45/100
|
|upkeep
|turn|31
|
|t:|1743875825
|move|p2a: Lucario|Close Combat|p1a: Alomomola
|-damage|p1a: Alomomola|0 fnt
|-unboost|p2a: Lucario|def|1
|-unboost|p2a: Lucario|spd|1
|faint|p1a: Alomomola
|
|upkeep
|
|t:|1743875837
|switch|p1a: Darkrai|Darkrai|100/100
|turn|32
|
|t:|1743875847
|move|p2a: Lucario|Extreme Speed|p1a: Darkrai
|-damage|p1a: Darkrai|0 fnt
|faint|p1a: Darkrai
|
|upkeep
|
|t:|1743875851
|switch|p1a: Ursaluna|Ursaluna, M|100/100
|turn|33
|
|t:|1743875853
|move|p2a: Lucario|Close Combat|p1a: Ursaluna
|-supereffective|p1a: Ursaluna
|-damage|p1a: Ursaluna|0 fnt
|-unboost|p2a: Lucario|def|1
|-unboost|p2a: Lucario|spd|1
|faint|p1a: Ursaluna
|
|upkeep
|
|t:|1743875856
|switch|p1a: Kingambit|Kingambit, F|100/100
|-activate|p1a: Kingambit|ability: Supreme Overlord
|-start|p1a: Kingambit|fallen5|[silent]
|turn|34
|
|t:|1743875862
|-terastallize|p1a: Kingambit|Ghost
|move|p2a: Lucario|Extreme Speed|p1a: Kingambit
|-immune|p1a: Kingambit
|move|p1a: Kingambit|Swords Dance|p1a: Kingambit
|-boost|p1a: Kingambit|atk|2
|
|upkeep
|turn|35
|
|t:|1743875871
|move|p1a: Kingambit|Sucker Punch||[still]
|-fail|p1a: Kingambit
|move|p2a: Lucario|Swords Dance|p2a: Lucario
|-boost|p2a: Lucario|atk|2
|
|upkeep
|turn|36
|
|t:|1743875874
|move|p1a: Kingambit|Sucker Punch||[still]
|-fail|p1a: Kingambit
|move|p2a: Lucario|Swords Dance|p2a: Lucario
|-boost|p2a: Lucario|atk|0
|
|upkeep
|turn|37
|
|t:|1743875881
|move|p1a: Kingambit|Sucker Punch||[still]
|-fail|p1a: Kingambit
|move|p2a: Lucario|Swords Dance|p2a: Lucario
|-boost|p2a: Lucario|atk|0
|
|upkeep
|turn|38
|
|t:|1743875884
|move|p2a: Lucario|Swords Dance|p2a: Lucario
|-boost|p2a: Lucario|atk|0
|move|p1a: Kingambit|Iron Head|p2a: Lucario
|-resisted|p2a: Lucario
|-damage|p2a: Lucario|0 fnt
|faint|p2a: Lucario
|
|upkeep
|
|t:|1743875903
|switch|p2a: Sableye|Sableye, F|31/100
|turn|39
|
|t:|1743875916
|move|p1a: Kingambit|Sucker Punch||[still]
|-fail|p1a: Kingambit
|move|p2a: Sableye|Reflect|p2a: Sableye
|-sidestart|p2: emaytetehew|Reflect
|
|upkeep
|turn|40
|
|t:|1743875924
|move|p1a: Kingambit|Sucker Punch||[still]
|-fail|p1a: Kingambit
|move|p2a: Sableye|Taunt|p1a: Kingambit
|-start|p1a: Kingambit|move: Taunt
|
|upkeep
|turn|41
|
|t:|1743875933
|move|p1a: Kingambit|Sucker Punch|p2a: Sableye
|-damage|p2a: Sableye|0 fnt
|faint|p2a: Sableye
|
|upkeep
|
|t:|1743875938
|switch|p2a: Enamorus|Enamorus, F|100/100
|turn|42
|
|t:|1743875941
|move|p2a: Enamorus|Moonblast|p1a: Kingambit
|-damage|p1a: Kingambit|54/100
|-unboost|p1a: Kingambit|spa|1
|move|p1a: Kingambit|Iron Head|p2a: Enamorus
|-supereffective|p2a: Enamorus
|-damage|p2a: Enamorus|0 fnt
|faint|p2a: Enamorus
|
|win|verguetta
|raw|verguetta's rating: 1435 &rarr; <strong>1458</strong><br />(+23 for winning)
|raw|emaytetehew's rating: 1482 &rarr; <strong>1459</strong><br />(-23 for losing)
|l|☆emaytetehew
|player|p2|
