|j|☆noahthebadplayer
|j|☆yyyhhgf
|t:|1743869163
|gametype|singles
|player|p1|noahthebadplayer|1|1110
|player|p2|yyyhhgf|170|1105
|teamsize|p1|6
|teamsize|p2|6
|gen|9
|tier|[Gen 9] OU
|rated|
|rule|HP Percentage Mod: HP is shown in percentages
|rule|Endless Battle Clause: Forcing endless battles is banned
|rule|Species Clause: Limit one of each Pokémon
|rule|OHKO Clause: OHKO moves are banned
|rule|Evasion Items Clause: Evasion items are banned
|rule|Evasion Moves Clause: Evasion moves are banned
|rule|Sleep Moves Clause: Sleep-inducing moves are banned
|clearpoke
|poke|p1|Dragonite, M|
|poke|p1|Enamorus, F|
|poke|p1|Conkeldurr, F|
|poke|p1|Uxie|
|poke|p1|Swampert, F|
|poke|p1|Electrode-Hisui|
|poke|p2|Araquanid, F|
|poke|p2|Blaziken, F|
|poke|p2|Hydrapple, M|
|poke|p2|Mandibuzz, F|
|poke|p2|Hatterene, F|
|poke|p2|Gholdengo|
|teampreview
|inactive|Battle timer is ON: inactive players will automatically lose when time's up. (requested by yyyhhgf)
|
|t:|1743869173
|start
|switch|p1a: Electrode|Electrode-Hisui, shiny|100/100
|switch|p2a: Araquanid|Araquanid, F|100/100
|turn|1
|
|t:|1743869180
|move|p1a: Electrode|Volt Switch|p2a: Araquanid
|-supereffective|p2a: Araquanid
|-damage|p2a: Araquanid|39/100
|-enditem|p2a: Araquanid|Sitrus Berry|[eat]
|-heal|p2a: Araquanid|64/100|[from] item: Sitrus Berry
|
|t:|1743869193
|switch|p1a: Swampert|Swampert, F|100/100|[from] Volt Switch
|move|p2a: Araquanid|Sticky Web|p1a: Swampert
|-sidestart|p1: noahthebadplayer|move: Sticky Web
|
|upkeep
|turn|2
|
|t:|1743869205
|switch|p1a: Uxie|Uxie|100/100
|move|p2a: Araquanid|Lunge|p1a: Uxie
|-supereffective|p1a: Uxie
|-damage|p1a: Uxie|49/100
|-unboost|p1a: Uxie|atk|1
|-damage|p2a: Araquanid|47/100|[from] item: Rocky Helmet|[of] p1a: Uxie
|
|upkeep
|turn|3
|
|t:|1743869217
|move|p1a: Uxie|Knock Off|p2a: Araquanid
|-damage|p2a: Araquanid|37/100
|move|p2a: Araquanid|Lunge|p1a: Uxie
|-supereffective|p1a: Uxie
|-damage|p1a: Uxie|2/100
|-unboost|p1a: Uxie|atk|1
|-damage|p2a: Araquanid|20/100|[from] item: Rocky Helmet|[of] p1a: Uxie
|
|upkeep
|turn|4
|
|t:|1743869227
|move|p1a: Uxie|Stealth Rock|p2a: Araquanid
|-sidestart|p2: yyyhhgf|move: Stealth Rock
|move|p2a: Araquanid|Rest|p2a: Araquanid
|-status|p2a: Araquanid|slp|[from] move: Rest
|-heal|p2a: Araquanid|100/100 slp|[silent]
|
|upkeep
|turn|5
|
|t:|1743869248
|move|p1a: Uxie|U-turn|p2a: Araquanid
|-damage|p2a: Araquanid|91/100 slp
|
|t:|1743869262
|switch|p1a: Electrode|Electrode-Hisui, shiny|100/100|[from] U-turn
|-activate|p1a: Electrode|move: Sticky Web
|-unboost|p1a: Electrode|spe|1
|cant|p2a: Araquanid|slp
|
|upkeep
|turn|6
|
|t:|1743869270
|move|p1a: Electrode|Thunderbolt|p2a: Araquanid
|-supereffective|p2a: Araquanid
|-damage|p2a: Araquanid|15/100 slp
|cant|p2a: Araquanid|slp
|
|upkeep
|turn|7
|
|t:|1743869275
|move|p1a: Electrode|Thunderbolt|p2a: Araquanid
|-supereffective|p2a: Araquanid
|-damage|p2a: Araquanid|0 fnt
|faint|p2a: Araquanid
|
|upkeep
|
|t:|1743869283
|switch|p2a: Blaziken|Blaziken, F|100/100
|-damage|p2a: Blaziken|88/100|[from] Stealth Rock
|turn|8
|
|t:|1743869287
|move|p2a: Blaziken|Protect|p2a: Blaziken
|-singleturn|p2a: Blaziken|Protect
|move|p1a: Electrode|Thunderbolt|p2a: Blaziken
|-activate|p2a: Blaziken|move: Protect
|
|-ability|p2a: Blaziken|Speed Boost|boost
|-boost|p2a: Blaziken|spe|1
|upkeep
|turn|9
|
|t:|1743869300
|switch|p1a: Uxie|Uxie|2/100
|move|p2a: Blaziken|Flare Blitz|p1a: Uxie
|-damage|p1a: Uxie|0 fnt
|-damage|p2a: Blaziken|72/100|[from] item: Rocky Helmet|[of] p1a: Uxie
|faint|p1a: Uxie
|-damage|p2a: Blaziken|71/100|[from] Recoil
|-damage|p2a: Blaziken|61/100|[from] item: Life Orb
|
|-ability|p2a: Blaziken|Speed Boost|boost
|-boost|p2a: Blaziken|spe|1
|upkeep
|
|t:|1743869324
|switch|p1a: Dragonite|Dragonite, M, shiny|100/100
|turn|10
|
|t:|1743869333
|switch|p2a: Hatterene|Hatterene, F|100/100
|-damage|p2a: Hatterene|88/100|[from] Stealth Rock
|move|p1a: Dragonite|Aerial Ace|p2a: Hatterene
|-damage|p2a: Hatterene|36/100
|
|upkeep
|turn|11
|
|t:|1743869345
|move|p1a: Dragonite|Aerial Ace|p2a: Hatterene
|-damage|p2a: Hatterene|0 fnt
|faint|p2a: Hatterene
|
|upkeep
|
|t:|1743869352
|switch|p2a: Gholdengo|Gholdengo|100/100
|-damage|p2a: Gholdengo|94/100|[from] Stealth Rock
|turn|12
|
|t:|1743869360
|switch|p1a: Swampert|Swampert, F|100/100
|-activate|p1a: Swampert|move: Sticky Web
|-unboost|p1a: Swampert|spe|1
|move|p2a: Gholdengo|Trick|p1a: Swampert
|-activate|p2a: Gholdengo|move: Trick|[of] p1a: Swampert
|-item|p1a: Swampert|Choice Scarf|[from] move: Trick
|-item|p2a: Gholdengo|Life Orb|[from] move: Trick
|
|upkeep
|turn|13
|
|t:|1743869370
|switch|p2a: Mandibuzz|Mandibuzz, F|100/100
|-damage|p2a: Mandibuzz|76/100|[from] Stealth Rock
|move|p1a: Swampert|Earthquake|p2a: Mandibuzz
|-immune|p2a: Mandibuzz
|
|upkeep
|turn|14
|
|t:|1743869385
|switch|p1a: Electrode|Electrode-Hisui, shiny|100/100
|-activate|p1a: Electrode|move: Sticky Web
|-unboost|p1a: Electrode|spe|1
|move|p2a: Mandibuzz|Toxic|p1a: Electrode
|-status|p1a: Electrode|tox
|
|-damage|p1a: Electrode|94/100 tox|[from] psn
|upkeep
|turn|15
|
|t:|1743869394
|-terastallize|p1a: Electrode|Ice
|move|p1a: Electrode|Tera Blast|p2a: Mandibuzz|[anim] Tera Blast Ice
|-supereffective|p2a: Mandibuzz
|-crit|p2a: Mandibuzz
|-damage|p2a: Mandibuzz|0 fnt
|faint|p2a: Mandibuzz
|
|-damage|p1a: Electrode|82/100 tox|[from] psn
|upkeep
|
|t:|1743869402
|switch|p2a: Blaziken|Blaziken, F|61/100
|-damage|p2a: Blaziken|49/100|[from] Stealth Rock
|turn|16
|
|t:|1743869410
|switch|p1a: Swampert|Swampert, F|100/100
|-activate|p1a: Swampert|move: Sticky Web
|-unboost|p1a: Swampert|spe|1
|move|p2a: Blaziken|Protect||[still]
|-fail|p2a: Blaziken
|
|-ability|p2a: Blaziken|Speed Boost|boost
|-boost|p2a: Blaziken|spe|1
|upkeep
|turn|17
|
|t:|1743869421
|move|p2a: Blaziken|Close Combat|p1a: Swampert
|-damage|p1a: Swampert|27/100
|-unboost|p2a: Blaziken|def|1
|-unboost|p2a: Blaziken|spd|1
|-damage|p2a: Blaziken|39/100|[from] item: Life Orb
|move|p1a: Swampert|Flip Turn|p2a: Blaziken
|-supereffective|p2a: Blaziken
|-damage|p2a: Blaziken|0 fnt
|faint|p2a: Blaziken
|
|t:|1743869432
|switch|p1a: Conkeldurr|Conkeldurr, F|100/100|[from] Flip Turn
|-activate|p1a: Conkeldurr|move: Sticky Web
|-unboost|p1a: Conkeldurr|spe|1
|
|upkeep
|
|t:|1743869444
|switch|p2a: Gholdengo|Gholdengo|94/100
|-damage|p2a: Gholdengo|88/100|[from] Stealth Rock
|turn|18
|
|t:|1743869463
|-terastallize|p2a: Gholdengo|Steel
|move|p2a: Gholdengo|Make It Rain|p1a: Conkeldurr
|-damage|p1a: Conkeldurr|0 fnt
|-unboost|p2a: Gholdengo|spa|1
|faint|p1a: Conkeldurr
|-damage|p2a: Gholdengo|79/100|[from] item: Life Orb
|
|upkeep
|
|t:|1743869471
|switch|p1a: Dragonite|Dragonite, M, shiny|100/100
|turn|19
|
|t:|1743869491
|move|p2a: Gholdengo|Make It Rain|p1a: Dragonite
|-damage|p1a: Dragonite|63/100
|-unboost|p2a: Gholdengo|spa|1
|-damage|p2a: Gholdengo|69/100|[from] item: Life Orb
|move|p1a: Dragonite|Outrage|p2a: Gholdengo
|-resisted|p2a: Gholdengo
|-damage|p2a: Gholdengo|15/100
|
|upkeep
|turn|20
|inactive|yyyhhgf has 120 seconds left.
|-message|yyyhhgf forfeited.
|
|win|noahthebadplayer
|raw|noahthebadplayer's rating: 1110 &rarr; <strong>1135</strong><br />(+25 for winning)
|raw|yyyhhgf's rating: 1105 &rarr; <strong>1080</strong><br />(-25 for losing)
|l|☆yyyhhgf
|player|p2|
|l|☆noahthebadplayer
|player|p1|
