|j|☆poordad
|j|☆SahilChant
|t:|1743788525
|gametype|singles
|player|p1|poordad|102|1179
|player|p2|SahilChant|1|1168
|teamsize|p1|6
|teamsize|p2|6
|gen|9
|tier|[Gen 9] OU
|rated|
|rule|HP Percentage Mod: HP is shown in percentages
|rule|Endless Battle Clause: Forcing endless battles is banned
|rule|Species Clause: Limit one of each Pokémon
|rule|OHKO Clause: OHKO moves are banned
|rule|Evasion Items Clause: Evasion items are banned
|rule|Evasion Moves Clause: Evasion moves are banned
|rule|Sleep Moves Clause: Sleep-inducing moves are banned
|clearpoke
|poke|p1|Darkrai|
|poke|p1|Gholdengo|
|poke|p1|Gliscor, F|
|poke|p1|Walking Wake|
|poke|p1|Ogerpon-Wellspring, F|
|poke|p1|Enamorus, F|
|poke|p2|Ursaluna, M|
|poke|p2|Iron Valiant|
|poke|p2|Infernape, M|
|poke|p2|Kingambit, F|
|poke|p2|Meowstic, M|
|poke|p2|Garchomp, F|
|teampreview
|inactive|Battle timer is ON: inactive players will automatically lose when time's up. (requested by SahilChant)
|
|t:|1743788533
|start
|switch|p1a: Walking Wake|Walking Wake|100/100
|switch|p2a: Meowstic|Meowstic, M|100/100
|turn|1
|
|t:|1743788544
|move|p2a: Meowstic|Thunder Wave|p1a: Walking Wake|[miss]
|-miss|p2a: Meowstic|p1a: Walking Wake
|move|p1a: Walking Wake|Surf|p2a: Meowstic
|-damage|p2a: Meowstic|47/100
|
|upkeep
|turn|2
|
|t:|1743788551
|move|p2a: Meowstic|Thunder Wave|p1a: Walking Wake
|-status|p1a: Walking Wake|par
|move|p1a: Walking Wake|Surf|p2a: Meowstic
|-damage|p2a: Meowstic|0 fnt
|faint|p2a: Meowstic
|
|upkeep
|
|t:|1743788561
|switch|p2a: Garchomp|Garchomp, F|100/100
|turn|3
|
|t:|1743788566
|move|p2a: Garchomp|Scale Shot|p1a: Walking Wake
|-supereffective|p1a: Walking Wake
|-damage|p1a: Walking Wake|72/100 par
|-supereffective|p1a: Walking Wake
|-damage|p1a: Walking Wake|42/100 par
|-supereffective|p1a: Walking Wake
|-damage|p1a: Walking Wake|11/100 par
|-supereffective|p1a: Walking Wake
|-damage|p1a: Walking Wake|0 fnt
|faint|p1a: Walking Wake
|-end|p1a: Walking Wake|Protosynthesis|[silent]
|-hitcount|p1: Walking Wake|4
|-unboost|p2a: Garchomp|def|1
|-boost|p2a: Garchomp|spe|1
|
|upkeep
|
|t:|1743788581
|switch|p1a: Enamorus|Enamorus, F|100/100
|turn|4
|
|t:|1743788588
|move|p1a: Enamorus|Moonblast|p2a: Garchomp
|-supereffective|p2a: Garchomp
|-damage|p2a: Garchomp|0 fnt
|faint|p2a: Garchomp
|
|upkeep
|
|t:|1743788596
|switch|p2a: Ursaluna|Ursaluna, M, shiny|100/100
|turn|5
|
|t:|1743788606
|switch|p1a: Gliscor|Gliscor, F|100/100
|move|p2a: Ursaluna|Protect||[still]
|-fail|p2a: Ursaluna
|
|-status|p1a: Gliscor|tox|[from] item: Toxic Orb
|-status|p2a: Ursaluna|brn|[from] item: Flame Orb
|upkeep
|turn|6
|
|t:|1743788616
|move|p1a: Gliscor|Stealth Rock|p2a: Ursaluna
|-sidestart|p2: SahilChant|move: Stealth Rock
|move|p2a: Ursaluna|Avalanche|p1a: Gliscor
|-supereffective|p1a: Gliscor
|-damage|p1a: Gliscor|0 fnt
|faint|p1a: Gliscor
|
|-damage|p2a: Ursaluna|94/100 brn|[from] brn
|upkeep
|
|t:|1743788625
|switch|p1a: Gholdengo|Gholdengo|100/100
|-item|p1a: Gholdengo|Air Balloon
|turn|7
|
|t:|1743788632
|move|p1a: Gholdengo|Make It Rain|p2a: Ursaluna
|-damage|p2a: Ursaluna|46/100 brn
|-unboost|p1a: Gholdengo|spa|1
|move|p2a: Ursaluna|Avalanche|p1a: Gholdengo
|-resisted|p1a: Gholdengo
|-damage|p1a: Gholdengo|77/100
|-enditem|p1a: Gholdengo|Air Balloon
|
|-damage|p2a: Ursaluna|40/100 brn|[from] brn
|upkeep
|turn|8
|
|t:|1743788646
|switch|p1a: Enamorus|Enamorus, F|100/100
|move|p2a: Ursaluna|Headlong Rush|p1a: Enamorus
|-immune|p1a: Enamorus
|
|-damage|p2a: Ursaluna|34/100 brn|[from] brn
|upkeep
|turn|9
|
|t:|1743788656
|move|p1a: Enamorus|Earth Power|p2a: Ursaluna
|-damage|p2a: Ursaluna|8/100 brn
|move|p2a: Ursaluna|Facade|p1a: Enamorus
|-damage|p1a: Enamorus|0 fnt
|faint|p1a: Enamorus
|
|-damage|p2a: Ursaluna|2/100 brn|[from] brn
|upkeep
|
|t:|1743788664
|switch|p1a: Darkrai|Darkrai|100/100
|turn|10
|
|t:|1743788669
|move|p1a: Darkrai|Sucker Punch|p2a: Ursaluna
|-damage|p2a: Ursaluna|0 fnt
|faint|p2a: Ursaluna
|-damage|p1a: Darkrai|91/100|[from] item: Life Orb
|
|upkeep
|
|t:|1743788676
|switch|p2a: Iron Valiant|Iron Valiant|100/100
|-damage|p2a: Iron Valiant|94/100|[from] Stealth Rock
|-enditem|p2a: Iron Valiant|Booster Energy
|-activate|p2a: Iron Valiant|ability: Quark Drive|[fromitem]
|-start|p2a: Iron Valiant|quarkdrivespe
|turn|11
|
|t:|1743788695
|-terastallize|p1a: Darkrai|Psychic
|move|p2a: Iron Valiant|Trick|p1a: Darkrai
|-activate|p2a: Iron Valiant|move: Trick|[of] p1a: Darkrai
|-enditem|p1a: Darkrai|Life Orb|[silent]|[from] move: Trick
|-item|p2a: Iron Valiant|Life Orb|[from] move: Trick
|move|p1a: Darkrai|Sludge Bomb|p2a: Iron Valiant
|-supereffective|p2a: Iron Valiant
|-damage|p2a: Iron Valiant|0 fnt
|faint|p2a: Iron Valiant
|-end|p2a: Iron Valiant|Quark Drive|[silent]
|
|upkeep
|
|t:|1743788708
|switch|p2a: Kingambit|Kingambit, F|100/100
|-damage|p2a: Kingambit|94/100|[from] Stealth Rock
|-activate|p2a: Kingambit|ability: Supreme Overlord
|-start|p2a: Kingambit|fallen4|[silent]
|turn|12
|
|t:|1743788717
|-terastallize|p2a: Kingambit|Dark
|move|p2a: Kingambit|Sucker Punch||[still]
|-fail|p2a: Kingambit
|move|p1a: Darkrai|Nasty Plot|p1a: Darkrai
|-boost|p1a: Darkrai|spa|2
|
|upkeep
|turn|13
|
|t:|1743788725
|move|p2a: Kingambit|Sucker Punch|p1a: Darkrai
|-supereffective|p1a: Darkrai
|-damage|p1a: Darkrai|0 fnt
|faint|p1a: Darkrai
|-damage|p2a: Kingambit|84/100|[from] item: Life Orb
|
|upkeep
|
|t:|1743788732
|switch|p1a: Ogerpon|Ogerpon-Wellspring, F|100/100
|turn|14
|
|t:|1743788736
|move|p2a: Kingambit|Sucker Punch||[still]
|-fail|p2a: Kingambit
|move|p1a: Ogerpon|Encore|p2a: Kingambit
|-start|p2a: Kingambit|Encore
|
|upkeep
|turn|15
|
|t:|1743788745
|switch|p1a: Gholdengo|Gholdengo|77/100
|move|p2a: Kingambit|Sucker Punch||[still]
|-fail|p2a: Kingambit
|
|upkeep
|turn|16
|
|t:|1743788751
|move|p2a: Kingambit|Sucker Punch||[still]
|-fail|p2a: Kingambit
|move|p1a: Gholdengo|Thunder Wave|p2a: Kingambit|[miss]
|-miss|p1a: Gholdengo|p2a: Kingambit
|
|upkeep
|turn|17
|
|t:|1743788758
|-end|p2a: Kingambit|fallen4|[silent]
|switch|p2a: Infernape|Infernape, M|100/100
|-damage|p2a: Infernape|88/100|[from] Stealth Rock
|move|p1a: Gholdengo|Thunder Wave|p2a: Infernape
|-status|p2a: Infernape|par
|
|upkeep
|turn|18
|
|t:|1743788773
|move|p1a: Gholdengo|Hex|p2a: Infernape
|-damage|p2a: Infernape|7/100 par
|move|p2a: Infernape|Thunder Punch|p1a: Gholdengo
|-damage|p1a: Gholdengo|53/100
|-damage|p2a: Infernape|0 fnt|[from] item: Life Orb
|faint|p2a: Infernape
|
|upkeep
|
|t:|1743788783
|switch|p2a: Kingambit|Kingambit, F, tera:Dark|84/100
|-damage|p2a: Kingambit|72/100|[from] Stealth Rock
|-activate|p2a: Kingambit|ability: Supreme Overlord
|-start|p2a: Kingambit|fallen5|[silent]
|turn|19
|
|t:|1743788791
|move|p1a: Gholdengo|Thunder Wave|p2a: Kingambit
|-status|p2a: Kingambit|par
|move|p2a: Kingambit|Kowtow Cleave|p1a: Gholdengo
|-supereffective|p1a: Gholdengo
|-damage|p1a: Gholdengo|0 fnt
|faint|p1a: Gholdengo
|-damage|p2a: Kingambit|62/100 par|[from] item: Life Orb
|
|upkeep
|
|t:|1743788800
|switch|p1a: Ogerpon|Ogerpon-Wellspring, F|100/100
|turn|20
|
|t:|1743788822
|move|p1a: Ogerpon|Encore|p2a: Kingambit
|-start|p2a: Kingambit|Encore
|move|p2a: Kingambit|Kowtow Cleave|p1a: Ogerpon
|-damage|p1a: Ogerpon|0 fnt
|faint|p1a: Ogerpon
|-damage|p2a: Kingambit|52/100 par|[from] item: Life Orb
|
|win|SahilChant
|raw|poordad's rating: 1179 &rarr; <strong>1153</strong><br />(-26 for losing)
|raw|SahilChant's rating: 1168 &rarr; <strong>1194</strong><br />(+26 for winning)
|c|☆poordad|ggs
|l|☆SahilChant
|player|p2|
|l|☆poordad
|player|p1|
