|j|☆Olly457
|j|☆LostInTheTallGrass
|t:|1743799447
|gametype|singles
|player|p1|Olly457|blue|1265
|player|p2|LostInTheTallGrass|hiker-gen4|1210
|teamsize|p1|6
|teamsize|p2|6
|gen|9
|tier|[Gen 9] OU
|rated|
|rule|HP Percentage Mod: HP is shown in percentages
|rule|Endless Battle Clause: Forcing endless battles is banned
|rule|Species Clause: Limit one of each Pokémon
|rule|OHKO Clause: OHKO moves are banned
|rule|Evasion Items Clause: Evasion items are banned
|rule|Evasion Moves Clause: Evasion moves are banned
|rule|Sleep Moves Clause: Sleep-inducing moves are banned
|clearpoke
|poke|p1|Garganacl, M|
|poke|p1|Weezing-Galar, F|
|poke|p1|Corviknight, M|
|poke|p1|Dragapult, M|
|poke|p1|Slowking-Galar, M|
|poke|p1|Samurott-Hisui, F|
|poke|p2|Slowbro, M|
|poke|p2|Rillaboom, M|
|poke|p2|Pyroar, F|
|poke|p2|Zamazenta-*|
|poke|p2|Kingambit, M|
|poke|p2|Heatran, M|
|teampreview
|inactive|Battle timer is ON: inactive players will automatically lose when time's up. (requested by LostInTheTallGrass)
|
|t:|1743799464
|start
|switch|p1a: Garganacl|Garganacl, M|100/100
|switch|p2a: Rillaboom|Rillaboom, M|100/100
|-fieldstart|move: Grassy Terrain|[from] ability: Grassy Surge|[of] p2a: Rillaboom
|turn|1
|
|t:|1743799471
|-terastallize|p1a: Garganacl|Fairy
|move|p2a: Rillaboom|Leech Seed|p1a: Garganacl
|-start|p1a: Garganacl|move: Leech Seed
|move|p1a: Garganacl|Salt Cure|p2a: Rillaboom
|-damage|p2a: Rillaboom|89/100
|-start|p2a: Rillaboom|Salt Cure
|
|-heal|p2a: Rillaboom|96/100|[from] Grassy Terrain
|-damage|p1a: Garganacl|88/100|[from] Leech Seed|[of] p2a: Rillaboom
|-heal|p2a: Rillaboom|100/100|[silent]
|-damage|p2a: Rillaboom|88/100|[from] Salt Cure
|upkeep
|turn|2
|
|t:|1743799476
|move|p2a: Rillaboom|Taunt|p1a: Garganacl
|-start|p1a: Garganacl|move: Taunt
|cant|p1a: Garganacl|move: Taunt|Stealth Rock
|
|-heal|p2a: Rillaboom|94/100|[from] Grassy Terrain
|-heal|p1a: Garganacl|94/100|[from] Grassy Terrain
|-heal|p1a: Garganacl|100/100|[from] item: Leftovers
|-damage|p1a: Garganacl|88/100|[from] Leech Seed|[of] p2a: Rillaboom
|-heal|p2a: Rillaboom|100/100|[silent]
|-damage|p2a: Rillaboom|88/100|[from] Salt Cure
|upkeep
|turn|3
|
|t:|1743799478
|move|p2a: Rillaboom|U-turn|p1a: Garganacl
|-resisted|p1a: Garganacl
|-damage|p1a: Garganacl|80/100
|
|t:|1743799481
|switch|p2a: Slowbro|Slowbro, M|100/100|[from] U-turn
|move|p1a: Garganacl|Salt Cure|p2a: Slowbro
|-damage|p2a: Slowbro|92/100
|-start|p2a: Slowbro|Salt Cure
|
|-heal|p1a: Garganacl|87/100|[from] Grassy Terrain
|-heal|p1a: Garganacl|93/100|[from] item: Leftovers
|-heal|p2a: Slowbro|98/100|[from] Grassy Terrain
|-heal|p2a: Slowbro|100/100|[from] item: Leftovers
|-damage|p1a: Garganacl|80/100|[from] Leech Seed|[of] p2a: Slowbro
|-damage|p2a: Slowbro|76/100|[from] Salt Cure
|upkeep
|turn|4
|
|t:|1743799493
|switch|p1a: Slowking|Slowking-Galar, M|100/100
|move|p2a: Slowbro|Thunder Wave|p1a: Slowking
|-status|p1a: Slowking|par
|
|-heal|p2a: Slowbro|82/100|[from] Grassy Terrain
|-heal|p2a: Slowbro|88/100|[from] item: Leftovers
|-damage|p2a: Slowbro|63/100|[from] Salt Cure
|upkeep
|turn|5
|
|t:|1743799497
|switch|p2a: Kingambit|Kingambit, M|100/100
|switch|p1a: Weezing|Weezing-Galar, F|100/100
|-ability|p1a: Weezing|Neutralizing Gas
|
|-fieldend|move: Grassy Terrain
|upkeep
|turn|6
|
|t:|1743799500
|move|p2a: Kingambit|Iron Head|p1a: Weezing
|-supereffective|p1a: Weezing
|-damage|p1a: Weezing|42/100
|move|p1a: Weezing|Will-O-Wisp|p2a: Kingambit
|-status|p2a: Kingambit|brn
|
|-damage|p2a: Kingambit|94/100 brn|[from] brn
|upkeep
|turn|7
|
|t:|1743799503
|move|p2a: Kingambit|Iron Head|p1a: Weezing
|-supereffective|p1a: Weezing
|-damage|p1a: Weezing|9/100
|move|p1a: Weezing|Pain Split|p2a: Kingambit
|-sethp|p2a: Kingambit|51/100 brn|[from] move: Pain Split|[silent]
|-sethp|p1a: Weezing|59/100|[from] move: Pain Split
|
|-damage|p2a: Kingambit|45/100 brn|[from] brn
|upkeep
|turn|8
|
|t:|1743799511
|switch|p2a: Heatran|Heatran, M|100/100
|-end|p1a: Weezing|ability: Neutralizing Gas
|switch|p1a: Corviknight|Corviknight, M|100/100
|-ability|p1a: Corviknight|Pressure
|
|upkeep
|turn|9
|
|t:|1743799517
|move|p2a: Heatran|Lava Plume|p1a: Corviknight
|-supereffective|p1a: Corviknight
|-damage|p1a: Corviknight|29/100
|move|p1a: Corviknight|Body Press|p2a: Heatran
|-supereffective|p2a: Heatran
|-damage|p2a: Heatran|57/100
|-status|p1a: Corviknight|brn|[from] ability: Flame Body|[of] p2a: Heatran
|
|-heal|p2a: Heatran|63/100|[from] item: Leftovers
|-damage|p1a: Corviknight|23/100 brn|[from] brn
|upkeep
|turn|10
|
|t:|1743799523
|switch|p1a: Weezing|Weezing-Galar, F|59/100
|-ability|p1a: Weezing|Neutralizing Gas
|move|p2a: Heatran|Lava Plume|p1a: Weezing
|-damage|p1a: Weezing|13/100
|-status|p1a: Weezing|brn
|
|-heal|p2a: Heatran|69/100|[from] item: Leftovers
|-damage|p1a: Weezing|7/100 brn|[from] brn
|upkeep
|turn|11
|
|t:|1743799532
|move|p2a: Heatran|Stealth Rock|p1a: Weezing
|-sidestart|p1: Olly457|move: Stealth Rock
|move|p1a: Weezing|Pain Split|p2a: Heatran
|-sethp|p2a: Heatran|38/100|[from] move: Pain Split|[silent]
|-sethp|p1a: Weezing|43/100 brn|[from] move: Pain Split
|
|-heal|p2a: Heatran|44/100|[from] item: Leftovers
|-damage|p1a: Weezing|37/100 brn|[from] brn
|upkeep
|turn|12
|
|t:|1743799536
|-end|p1a: Weezing|ability: Neutralizing Gas
|switch|p1a: Corviknight|Corviknight, M|23/100 brn
|-damage|p1a: Corviknight|11/100 brn|[from] Stealth Rock
|-ability|p1a: Corviknight|Pressure
|move|p2a: Heatran|Lava Plume|p1a: Corviknight
|-supereffective|p1a: Corviknight
|-damage|p1a: Corviknight|0 fnt
|faint|p1a: Corviknight
|
|-heal|p2a: Heatran|50/100|[from] item: Leftovers
|upkeep
|
|t:|1743799558
|switch|p1a: Samurott|Samurott-Hisui, F|100/100
|-damage|p1a: Samurott|88/100|[from] Stealth Rock
|turn|13
|
|t:|1743799566
|switch|p2a: Zamazenta|Zamazenta|100/100
|-ability|p2a: Zamazenta|Dauntless Shield|boost
|-boost|p2a: Zamazenta|def|1
|move|p1a: Samurott|Ceaseless Edge|p2a: Zamazenta
|-resisted|p2a: Zamazenta
|-damage|p2a: Zamazenta|89/100
|-sidestart|p2: LostInTheTallGrass|Spikes
|
|upkeep
|turn|14
|
|t:|1743799571
|switch|p1a: Slowking|Slowking-Galar, M|100/100 par
|-damage|p1a: Slowking|88/100 par|[from] Stealth Rock
|move|p2a: Zamazenta|Crunch|p1a: Slowking
|-supereffective|p1a: Slowking
|-damage|p1a: Slowking|33/100 par
|
|upkeep
|turn|15
|
|t:|1743799574
|move|p2a: Zamazenta|Body Press|p1a: Slowking
|-resisted|p1a: Slowking
|-damage|p1a: Slowking|18/100 par
|move|p1a: Slowking|Psychic Noise|p2a: Zamazenta
|-supereffective|p2a: Zamazenta
|-damage|p2a: Zamazenta|27/100
|-start|p2a: Zamazenta|move: Heal Block
|
|upkeep
|turn|16
|
|t:|1743799583
|move|p2a: Zamazenta|Crunch|p1a: Slowking
|-supereffective|p1a: Slowking
|-damage|p1a: Slowking|0 fnt
|faint|p1a: Slowking
|
|-end|p2a: Zamazenta|move: Heal Block
|upkeep
|
|t:|1743799585
|switch|p1a: Dragapult|Dragapult, M|100/100
|turn|17
|
|t:|1743799588
|move|p1a: Dragapult|Will-O-Wisp|p2a: Zamazenta
|-status|p2a: Zamazenta|brn
|move|p2a: Zamazenta|Crunch|p1a: Dragapult
|-supereffective|p1a: Dragapult
|-damage|p1a: Dragapult|66/100
|
|-damage|p2a: Zamazenta|21/100 brn|[from] brn
|upkeep
|turn|18
|
|t:|1743799591
|switch|p2a: Kingambit|Kingambit, M|45/100 brn
|-damage|p2a: Kingambit|33/100 brn|[from] Spikes
|move|p1a: Dragapult|Hex|p2a: Kingambit
|-resisted|p2a: Kingambit
|-damage|p2a: Kingambit|10/100 brn
|
|-damage|p2a: Kingambit|4/100 brn|[from] brn
|upkeep
|turn|19
|
|t:|1743799597
|switch|p1a: Samurott|Samurott-Hisui, F|88/100
|-damage|p1a: Samurott|76/100|[from] Stealth Rock
|move|p2a: Kingambit|Kowtow Cleave|p1a: Samurott
|-resisted|p1a: Samurott
|-damage|p1a: Samurott|60/100
|
|-damage|p2a: Kingambit|0 fnt|[from] brn
|faint|p2a: Kingambit
|upkeep
|
|t:|1743799603
|switch|p2a: Rillaboom|Rillaboom, M|88/100
|-damage|p2a: Rillaboom|76/100|[from] Spikes
|-fieldstart|move: Grassy Terrain|[from] ability: Grassy Surge|[of] p2a: Rillaboom
|turn|20
|
|t:|1743799608
|move|p2a: Rillaboom|Grassy Glide|p1a: Samurott
|-supereffective|p1a: Samurott
|-damage|p1a: Samurott|0 fnt
|faint|p1a: Samurott
|
|-heal|p2a: Rillaboom|82/100|[from] Grassy Terrain
|upkeep
|
|t:|1743799611
|switch|p1a: Garganacl|Garganacl, M, tera:Fairy|80/100
|-damage|p1a: Garganacl|68/100|[from] Stealth Rock
|turn|21
|
|t:|1743799615
|move|p2a: Rillaboom|Leech Seed|p1a: Garganacl
|-start|p1a: Garganacl|move: Leech Seed
|move|p1a: Garganacl|Salt Cure|p2a: Rillaboom
|-damage|p2a: Rillaboom|71/100
|-start|p2a: Rillaboom|Salt Cure
|
|-heal|p2a: Rillaboom|77/100|[from] Grassy Terrain
|-heal|p1a: Garganacl|74/100|[from] Grassy Terrain
|-heal|p1a: Garganacl|80/100|[from] item: Leftovers
|-damage|p1a: Garganacl|68/100|[from] Leech Seed|[of] p2a: Rillaboom
|-heal|p2a: Rillaboom|89/100|[silent]
|-damage|p2a: Rillaboom|77/100|[from] Salt Cure
|upkeep
|turn|22
|
|t:|1743799619
|move|p1a: Garganacl|Protect|p1a: Garganacl
|-singleturn|p1a: Garganacl|Protect
|move|p2a: Rillaboom|Leech Seed|p1a: Garganacl
|-activate|p1a: Garganacl|move: Protect
|
|-heal|p2a: Rillaboom|83/100|[from] Grassy Terrain
|-heal|p1a: Garganacl|74/100|[from] Grassy Terrain
|-heal|p1a: Garganacl|80/100|[from] item: Leftovers
|-damage|p1a: Garganacl|68/100|[from] Leech Seed|[of] p2a: Rillaboom
|-heal|p2a: Rillaboom|95/100|[silent]
|-damage|p2a: Rillaboom|83/100|[from] Salt Cure
|upkeep
|turn|23
|
|t:|1743799626
|switch|p1a: Dragapult|Dragapult, M|66/100
|move|p2a: Rillaboom|Taunt|p1a: Dragapult
|-start|p1a: Dragapult|move: Taunt
|
|-heal|p1a: Dragapult|72/100|[from] Grassy Terrain
|-heal|p2a: Rillaboom|89/100|[from] Grassy Terrain
|-damage|p2a: Rillaboom|77/100|[from] Salt Cure
|upkeep
|turn|24
|
|t:|1743799631
|move|p1a: Dragapult|U-turn|p2a: Rillaboom
|-supereffective|p2a: Rillaboom
|-damage|p2a: Rillaboom|40/100
|
|t:|1743799634
|switch|p1a: Garganacl|Garganacl, M, tera:Fairy|68/100|[from] U-turn
|-damage|p1a: Garganacl|56/100|[from] Stealth Rock
|move|p2a: Rillaboom|Leech Seed|p1a: Garganacl
|-start|p1a: Garganacl|move: Leech Seed
|
|-heal|p2a: Rillaboom|46/100|[from] Grassy Terrain
|-heal|p1a: Garganacl|62/100|[from] Grassy Terrain
|-heal|p1a: Garganacl|68/100|[from] item: Leftovers
|-damage|p1a: Garganacl|56/100|[from] Leech Seed|[of] p2a: Rillaboom
|-heal|p2a: Rillaboom|59/100|[silent]
|-damage|p2a: Rillaboom|46/100|[from] Salt Cure
|-fieldend|move: Grassy Terrain
|upkeep
|turn|25
|
|t:|1743799637
|move|p2a: Rillaboom|Taunt|p1a: Garganacl
|-start|p1a: Garganacl|move: Taunt
|move|p1a: Garganacl|Salt Cure|p2a: Rillaboom
|-damage|p2a: Rillaboom|34/100
|
|-heal|p1a: Garganacl|62/100|[from] item: Leftovers
|-damage|p1a: Garganacl|50/100|[from] Leech Seed|[of] p2a: Rillaboom
|-heal|p2a: Rillaboom|47/100|[silent]
|-damage|p2a: Rillaboom|34/100|[from] Salt Cure
|upkeep
|turn|26
|
|t:|1743799641
|switch|p1a: Dragapult|Dragapult, M|72/100
|move|p2a: Rillaboom|U-turn|p1a: Dragapult
|-resisted|p1a: Dragapult
|-damage|p1a: Dragapult|56/100
|
|t:|1743799644
|switch|p2a: Pyroar|Pyroar, F|100/100|[from] U-turn
|-damage|p2a: Pyroar|88/100|[from] Spikes
|
|upkeep
|turn|27
|
|t:|1743799647
|move|p1a: Dragapult|Dragon Darts|p2a: Pyroar
|-damage|p2a: Pyroar|54/100
|-anim|p1a: Dragapult|Dragon Darts|p2a: Pyroar
|-damage|p2a: Pyroar|21/100
|move|p2a: Pyroar|Heat Wave|p1a: Dragapult
|-resisted|p1a: Dragapult
|-damage|p1a: Dragapult|18/100
|-damage|p2a: Pyroar|11/100|[from] item: Life Orb
|
|upkeep
|turn|28
|
|t:|1743799654
|move|p1a: Dragapult|Dragon Darts|p2a: Pyroar
|-damage|p2a: Pyroar|0 fnt
|faint|p2a: Pyroar
|
|upkeep
|
|t:|1743799660
|switch|p2a: Heatran|Heatran, M|50/100
|-damage|p2a: Heatran|38/100|[from] Spikes
|turn|29
|
|t:|1743799664
|move|p1a: Dragapult|U-turn|p2a: Heatran
|-resisted|p2a: Heatran
|-damage|p2a: Heatran|33/100
|-status|p1a: Dragapult|brn|[from] ability: Flame Body|[of] p2a: Heatran
|
|t:|1743799668
|switch|p1a: Garganacl|Garganacl, M, tera:Fairy|50/100|[from] U-turn
|-damage|p1a: Garganacl|37/100|[from] Stealth Rock
|move|p2a: Heatran|Lava Plume|p1a: Garganacl
|-damage|p1a: Garganacl|12/100
|
|-heal|p2a: Heatran|39/100|[from] item: Leftovers
|-heal|p1a: Garganacl|18/100|[from] item: Leftovers
|upkeep
|turn|30
|
|t:|1743799676
|move|p1a: Garganacl|Protect|p1a: Garganacl
|-singleturn|p1a: Garganacl|Protect
|move|p2a: Heatran|Lava Plume|p1a: Garganacl
|-activate|p1a: Garganacl|move: Protect
|
|-heal|p2a: Heatran|45/100|[from] item: Leftovers
|-heal|p1a: Garganacl|24/100|[from] item: Leftovers
|upkeep
|turn|31
|
|t:|1743799684
|switch|p1a: Dragapult|Dragapult, M|18/100 brn
|move|p2a: Heatran|Lava Plume|p1a: Dragapult
|-resisted|p1a: Dragapult
|-damage|p1a: Dragapult|0 fnt
|faint|p1a: Dragapult
|
|-heal|p2a: Heatran|52/100|[from] item: Leftovers
|upkeep
|
|t:|1743799686
|switch|p1a: Garganacl|Garganacl, M, tera:Fairy|24/100
|-damage|p1a: Garganacl|12/100|[from] Stealth Rock
|turn|32
|
|t:|1743799690
|switch|p2a: Rillaboom|Rillaboom, M|34/100
|-damage|p2a: Rillaboom|22/100|[from] Spikes
|-fieldstart|move: Grassy Terrain|[from] ability: Grassy Surge|[of] p2a: Rillaboom
|move|p1a: Garganacl|Salt Cure|p2a: Rillaboom
|-damage|p2a: Rillaboom|11/100
|-start|p2a: Rillaboom|Salt Cure
|
|-heal|p2a: Rillaboom|17/100|[from] Grassy Terrain
|-heal|p1a: Garganacl|18/100|[from] Grassy Terrain
|-heal|p1a: Garganacl|24/100|[from] item: Leftovers
|-damage|p2a: Rillaboom|4/100|[from] Salt Cure
|upkeep
|turn|33
|
|t:|1743799693
|move|p1a: Garganacl|Protect|p1a: Garganacl
|-singleturn|p1a: Garganacl|Protect
|move|p2a: Rillaboom|Taunt|p1a: Garganacl
|-activate|p1a: Garganacl|move: Protect
|
|-heal|p2a: Rillaboom|11/100|[from] Grassy Terrain
|-heal|p1a: Garganacl|30/100|[from] Grassy Terrain
|-heal|p1a: Garganacl|37/100|[from] item: Leftovers
|-damage|p2a: Rillaboom|0 fnt|[from] Salt Cure
|faint|p2a: Rillaboom
|upkeep
|
|t:|1743799699
|switch|p2a: Slowbro|Slowbro, M|96/100
|-damage|p2a: Slowbro|84/100|[from] Spikes
|turn|34
|
|t:|1743799702
|move|p1a: Garganacl|Salt Cure|p2a: Slowbro
|-damage|p2a: Slowbro|75/100
|-start|p2a: Slowbro|Salt Cure
|move|p2a: Slowbro|Psychic Noise|p1a: Garganacl
|-damage|p1a: Garganacl|19/100
|-start|p1a: Garganacl|move: Heal Block
|
|-heal|p2a: Slowbro|81/100|[from] Grassy Terrain
|-heal|p2a: Slowbro|88/100|[from] item: Leftovers
|-damage|p2a: Slowbro|63/100|[from] Salt Cure
|upkeep
|turn|35
|
|t:|1743799705
|move|p1a: Garganacl|Protect|p1a: Garganacl
|-singleturn|p1a: Garganacl|Protect
|move|p2a: Slowbro|Psychic Noise|p1a: Garganacl
|-activate|p1a: Garganacl|move: Protect
|
|-heal|p2a: Slowbro|69/100|[from] Grassy Terrain
|-heal|p2a: Slowbro|75/100|[from] item: Leftovers
|-damage|p2a: Slowbro|50/100|[from] Salt Cure
|-end|p1a: Garganacl|move: Heal Block
|upkeep
|turn|36
|
|t:|1743799720
|move|p1a: Garganacl|Protect||[still]
|-fail|p1a: Garganacl
|move|p2a: Slowbro|Psychic Noise|p1a: Garganacl
|-damage|p1a: Garganacl|3/100
|-start|p1a: Garganacl|move: Heal Block
|
|-heal|p2a: Slowbro|56/100|[from] Grassy Terrain
|-heal|p2a: Slowbro|62/100|[from] item: Leftovers
|-damage|p2a: Slowbro|37/100|[from] Salt Cure
|-fieldend|move: Grassy Terrain
|upkeep
|turn|37
|
|t:|1743799727
|-terastallize|p2a: Slowbro|Electric
|move|p1a: Garganacl|Protect|p1a: Garganacl
|-singleturn|p1a: Garganacl|Protect
|move|p2a: Slowbro|Slack Off|p2a: Slowbro
|-heal|p2a: Slowbro|87/100
|
|-heal|p2a: Slowbro|93/100|[from] item: Leftovers
|-damage|p2a: Slowbro|81/100|[from] Salt Cure
|-end|p1a: Garganacl|move: Heal Block
|upkeep
|turn|38
|
|t:|1743799736
|move|p1a: Garganacl|Recover|p1a: Garganacl
|-heal|p1a: Garganacl|53/100
|move|p2a: Slowbro|Psychic Noise|p1a: Garganacl
|-damage|p1a: Garganacl|36/100
|-start|p1a: Garganacl|move: Heal Block
|
|-heal|p2a: Slowbro|87/100|[from] item: Leftovers
|-damage|p2a: Slowbro|75/100|[from] Salt Cure
|upkeep
|turn|39
|
|t:|1743799739
|move|p1a: Garganacl|Protect|p1a: Garganacl
|-singleturn|p1a: Garganacl|Protect
|move|p2a: Slowbro|Psychic Noise|p1a: Garganacl
|-activate|p1a: Garganacl|move: Protect
|
|-heal|p2a: Slowbro|81/100|[from] item: Leftovers
|-damage|p2a: Slowbro|68/100|[from] Salt Cure
|-end|p1a: Garganacl|move: Heal Block
|upkeep
|turn|40
|
|t:|1743799742
|move|p1a: Garganacl|Recover|p1a: Garganacl
|-heal|p1a: Garganacl|86/100
|move|p2a: Slowbro|Psychic Noise|p1a: Garganacl
|-damage|p1a: Garganacl|67/100
|-start|p1a: Garganacl|move: Heal Block
|
|-heal|p2a: Slowbro|74/100|[from] item: Leftovers
|-damage|p2a: Slowbro|62/100|[from] Salt Cure
|upkeep
|turn|41
|
|t:|1743799745
|move|p1a: Garganacl|Protect|p1a: Garganacl
|-singleturn|p1a: Garganacl|Protect
|move|p2a: Slowbro|Psychic Noise|p1a: Garganacl
|-activate|p1a: Garganacl|move: Protect
|
|-heal|p2a: Slowbro|68/100|[from] item: Leftovers
|-damage|p2a: Slowbro|56/100|[from] Salt Cure
|-end|p1a: Garganacl|move: Heal Block
|upkeep
|turn|42
|
|t:|1743799747
|move|p1a: Garganacl|Stealth Rock|p2a: Slowbro
|-sidestart|p2: LostInTheTallGrass|move: Stealth Rock
|move|p2a: Slowbro|Psychic Noise|p1a: Garganacl
|-damage|p1a: Garganacl|51/100
|-start|p1a: Garganacl|move: Heal Block
|
|-heal|p2a: Slowbro|62/100|[from] item: Leftovers
|-damage|p2a: Slowbro|49/100|[from] Salt Cure
|upkeep
|turn|43
|
|t:|1743799751
|move|p1a: Garganacl|Salt Cure|p2a: Slowbro
|-damage|p2a: Slowbro|41/100
|move|p2a: Slowbro|Slack Off|p2a: Slowbro
|-heal|p2a: Slowbro|91/100
|
|-heal|p2a: Slowbro|97/100|[from] item: Leftovers
|-damage|p2a: Slowbro|85/100|[from] Salt Cure
|-end|p1a: Garganacl|move: Heal Block
|upkeep
|turn|44
|
|t:|1743799753
|move|p1a: Garganacl|Recover|p1a: Garganacl
|-heal|p1a: Garganacl|100/100
|move|p2a: Slowbro|Psychic Noise|p1a: Garganacl
|-damage|p1a: Garganacl|83/100
|-start|p1a: Garganacl|move: Heal Block
|
|-heal|p2a: Slowbro|91/100|[from] item: Leftovers
|-damage|p2a: Slowbro|78/100|[from] Salt Cure
|upkeep
|turn|45
|
|t:|1743799759
|move|p1a: Garganacl|Salt Cure|p2a: Slowbro
|-damage|p2a: Slowbro|71/100
|move|p2a: Slowbro|Scald|p1a: Garganacl
|-damage|p1a: Garganacl|63/100
|
|-heal|p2a: Slowbro|77/100|[from] item: Leftovers
|-damage|p2a: Slowbro|64/100|[from] Salt Cure
|-end|p1a: Garganacl|move: Heal Block
|upkeep
|turn|46
|
|t:|1743799762
|move|p1a: Garganacl|Salt Cure|p2a: Slowbro
|-damage|p2a: Slowbro|56/100
|move|p2a: Slowbro|Psychic Noise|p1a: Garganacl
|-damage|p1a: Garganacl|46/100
|-start|p1a: Garganacl|move: Heal Block
|
|-heal|p2a: Slowbro|62/100|[from] item: Leftovers
|-damage|p2a: Slowbro|49/100|[from] Salt Cure
|upkeep
|turn|47
|
|t:|1743799765
|move|p1a: Garganacl|Protect|p1a: Garganacl
|-singleturn|p1a: Garganacl|Protect
|move|p2a: Slowbro|Scald|p1a: Garganacl
|-activate|p1a: Garganacl|move: Protect
|
|-heal|p2a: Slowbro|55/100|[from] item: Leftovers
|-damage|p2a: Slowbro|43/100|[from] Salt Cure
|-end|p1a: Garganacl|move: Heal Block
|upkeep
|turn|48
|
|t:|1743799767
|move|p1a: Garganacl|Recover|p1a: Garganacl
|-heal|p1a: Garganacl|96/100
|move|p2a: Slowbro|Scald|p1a: Garganacl
|-damage|p1a: Garganacl|78/100
|
|-heal|p1a: Garganacl|85/100|[from] item: Leftovers
|-heal|p2a: Slowbro|49/100|[from] item: Leftovers
|-damage|p2a: Slowbro|37/100|[from] Salt Cure
|upkeep
|turn|49
|
|t:|1743799771
|switch|p1a: Weezing|Weezing-Galar, F|37/100 brn
|-ability|p1a: Weezing|Neutralizing Gas
|move|p2a: Slowbro|Psychic Noise|p1a: Weezing
|-supereffective|p1a: Weezing
|-damage|p1a: Weezing|0 fnt
|faint|p1a: Weezing
|-end|p1a: Weezing|ability: Neutralizing Gas
|
|-heal|p2a: Slowbro|43/100|[from] item: Leftovers
|-damage|p2a: Slowbro|30/100|[from] Salt Cure
|upkeep
|
|t:|1743799773
|switch|p1a: Garganacl|Garganacl, M, tera:Fairy|85/100
|-damage|p1a: Garganacl|72/100|[from] Stealth Rock
|turn|50
|
|t:|1743799775
|move|p1a: Garganacl|Salt Cure|p2a: Slowbro
|-damage|p2a: Slowbro|23/100
|move|p2a: Slowbro|Slack Off|p2a: Slowbro
|-heal|p2a: Slowbro|73/100
|
|-heal|p1a: Garganacl|78/100|[from] item: Leftovers
|-heal|p2a: Slowbro|79/100|[from] item: Leftovers
|-damage|p2a: Slowbro|66/100|[from] Salt Cure
|upkeep
|turn|51
|
|t:|1743799778
|move|p1a: Garganacl|Salt Cure|p2a: Slowbro
|-crit|p2a: Slowbro
|-damage|p2a: Slowbro|54/100
|move|p2a: Slowbro|Scald|p1a: Garganacl
|-crit|p1a: Garganacl
|-damage|p1a: Garganacl|49/100
|
|-heal|p1a: Garganacl|55/100|[from] item: Leftovers
|-heal|p2a: Slowbro|60/100|[from] item: Leftovers
|-damage|p2a: Slowbro|48/100|[from] Salt Cure
|upkeep
|turn|52
|
|t:|1743799781
|move|p1a: Garganacl|Salt Cure|p2a: Slowbro
|-damage|p2a: Slowbro|39/100
|move|p2a: Slowbro|Slack Off|p2a: Slowbro
|-heal|p2a: Slowbro|89/100
|
|-heal|p1a: Garganacl|61/100|[from] item: Leftovers
|-heal|p2a: Slowbro|95/100|[from] item: Leftovers
|-damage|p2a: Slowbro|83/100|[from] Salt Cure
|upkeep
|turn|53
|
|t:|1743799787
|move|p1a: Garganacl|Stealth Rock||[still]
|-fail|p1a: Garganacl
|move|p2a: Slowbro|Psychic Noise|p1a: Garganacl
|-damage|p1a: Garganacl|44/100
|-start|p1a: Garganacl|move: Heal Block
|
|-heal|p2a: Slowbro|89/100|[from] item: Leftovers
|-damage|p2a: Slowbro|77/100|[from] Salt Cure
|upkeep
|turn|54
|
|t:|1743799791
|move|p1a: Garganacl|Stealth Rock||[still]
|-fail|p1a: Garganacl
|move|p2a: Slowbro|Slack Off|p2a: Slowbro
|-heal|p2a: Slowbro|100/100
|
|-damage|p2a: Slowbro|88/100|[from] Salt Cure
|-end|p1a: Garganacl|move: Heal Block
|upkeep
|turn|55
|
|t:|1743799799
|move|p1a: Garganacl|Salt Cure|p2a: Slowbro
|-damage|p2a: Slowbro|80/100
|move|p2a: Slowbro|Scald|p1a: Garganacl
|-damage|p1a: Garganacl|24/100
|
|-heal|p1a: Garganacl|30/100|[from] item: Leftovers
|-heal|p2a: Slowbro|87/100|[from] item: Leftovers
|-damage|p2a: Slowbro|74/100|[from] Salt Cure
|upkeep
|turn|56
|
|t:|1743799802
|switch|p2a: Zamazenta|Zamazenta|21/100 brn
|-damage|p2a: Zamazenta|9/100 brn|[from] Spikes
|-damage|p2a: Zamazenta|3/100 brn|[from] Stealth Rock
|move|p1a: Garganacl|Recover|p1a: Garganacl
|-heal|p1a: Garganacl|80/100
|
|-heal|p1a: Garganacl|86/100|[from] item: Leftovers
|-damage|p2a: Zamazenta|0 fnt|[from] brn
|faint|p2a: Zamazenta
|upkeep
|
|t:|1743799804
|switch|p2a: Heatran|Heatran, M|52/100
|-damage|p2a: Heatran|39/100|[from] Spikes
|-damage|p2a: Heatran|27/100|[from] Stealth Rock
|turn|57
|
|t:|1743799809
|move|p2a: Heatran|Lava Plume|p1a: Garganacl
|-damage|p1a: Garganacl|61/100
|move|p1a: Garganacl|Salt Cure|p2a: Heatran
|-crit|p2a: Heatran
|-damage|p2a: Heatran|9/100
|-start|p2a: Heatran|Salt Cure
|
|-heal|p2a: Heatran|15/100|[from] item: Leftovers
|-heal|p1a: Garganacl|67/100|[from] item: Leftovers
|-damage|p2a: Heatran|0 fnt|[from] Salt Cure
|faint|p2a: Heatran
|upkeep
|
|t:|1743799813
|switch|p2a: Slowbro|Slowbro, M, tera:Electric|100/100
|-damage|p2a: Slowbro|88/100|[from] Spikes
|-damage|p2a: Slowbro|76/100|[from] Stealth Rock
|turn|58
|
|t:|1743799816
|move|p1a: Garganacl|Salt Cure|p2a: Slowbro
|-damage|p2a: Slowbro|67/100
|-start|p2a: Slowbro|Salt Cure
|move|p2a: Slowbro|Psychic Noise|p1a: Garganacl
|-damage|p1a: Garganacl|48/100
|-start|p1a: Garganacl|move: Heal Block
|
|-heal|p2a: Slowbro|73/100|[from] item: Leftovers
|-damage|p2a: Slowbro|61/100|[from] Salt Cure
|upkeep
|turn|59
|
|t:|1743799818
|move|p1a: Garganacl|Stealth Rock||[still]
|-fail|p1a: Garganacl
|move|p2a: Slowbro|Scald|p1a: Garganacl
|-damage|p1a: Garganacl|27/100
|
|-heal|p2a: Slowbro|67/100|[from] item: Leftovers
|-damage|p2a: Slowbro|54/100|[from] Salt Cure
|-end|p1a: Garganacl|move: Heal Block
|upkeep
|turn|60
|
|t:|1743799821
|move|p1a: Garganacl|Recover|p1a: Garganacl
|-heal|p1a: Garganacl|77/100
|move|p2a: Slowbro|Psychic Noise|p1a: Garganacl
|-damage|p1a: Garganacl|60/100
|-start|p1a: Garganacl|move: Heal Block
|
|-heal|p2a: Slowbro|60/100|[from] item: Leftovers
|-damage|p2a: Slowbro|48/100|[from] Salt Cure
|upkeep
|turn|61
|
|t:|1743799824
|move|p1a: Garganacl|Salt Cure|p2a: Slowbro
|-damage|p2a: Slowbro|40/100
|move|p2a: Slowbro|Scald|p1a: Garganacl
|-damage|p1a: Garganacl|40/100
|
|-heal|p2a: Slowbro|46/100|[from] item: Leftovers
|-damage|p2a: Slowbro|34/100|[from] Salt Cure
|-end|p1a: Garganacl|move: Heal Block
|upkeep
|turn|62
|
|t:|1743799828
|move|p1a: Garganacl|Protect|p1a: Garganacl
|-singleturn|p1a: Garganacl|Protect
|move|p2a: Slowbro|Psychic Noise|p1a: Garganacl
|-activate|p1a: Garganacl|move: Protect
|
|-heal|p1a: Garganacl|46/100|[from] item: Leftovers
|-heal|p2a: Slowbro|40/100|[from] item: Leftovers
|-damage|p2a: Slowbro|28/100|[from] Salt Cure
|upkeep
|turn|63
|
|t:|1743799831
|move|p1a: Garganacl|Salt Cure|p2a: Slowbro
|-damage|p2a: Slowbro|19/100
|move|p2a: Slowbro|Slack Off|p2a: Slowbro
|-heal|p2a: Slowbro|69/100
|
|-heal|p1a: Garganacl|52/100|[from] item: Leftovers
|-heal|p2a: Slowbro|75/100|[from] item: Leftovers
|-damage|p2a: Slowbro|63/100|[from] Salt Cure
|upkeep
|turn|64
|
|t:|1743799833
|move|p1a: Garganacl|Stealth Rock||[still]
|-fail|p1a: Garganacl
|move|p2a: Slowbro|Scald|p1a: Garganacl
|-damage|p1a: Garganacl|34/100
|
|-heal|p1a: Garganacl|40/100|[from] item: Leftovers
|-heal|p2a: Slowbro|69/100|[from] item: Leftovers
|-damage|p2a: Slowbro|57/100|[from] Salt Cure
|upkeep
|turn|65
|
|t:|1743799836
|move|p1a: Garganacl|Stealth Rock||[still]
|-fail|p1a: Garganacl
|move|p2a: Slowbro|Scald|p1a: Garganacl
|-damage|p1a: Garganacl|23/100
|
|-heal|p1a: Garganacl|29/100|[from] item: Leftovers
|-heal|p2a: Slowbro|63/100|[from] item: Leftovers
|-damage|p2a: Slowbro|50/100|[from] Salt Cure
|upkeep
|turn|66
|
|t:|1743799839
|move|p1a: Garganacl|Stealth Rock||[still]
|-fail|p1a: Garganacl
|move|p2a: Slowbro|Thunder Wave|p1a: Garganacl
|-immune|p1a: Garganacl|[from] ability: Purifying Salt
|
|-heal|p1a: Garganacl|35/100|[from] item: Leftovers
|-heal|p2a: Slowbro|56/100|[from] item: Leftovers
|-damage|p2a: Slowbro|44/100|[from] Salt Cure
|upkeep
|turn|67
|
|t:|1743799843
|move|p1a: Garganacl|Stealth Rock||[still]
|-fail|p1a: Garganacl
|move|p2a: Slowbro|Scald|p1a: Garganacl
|-damage|p1a: Garganacl|18/100
|
|-heal|p1a: Garganacl|24/100|[from] item: Leftovers
|-heal|p2a: Slowbro|50/100|[from] item: Leftovers
|-damage|p2a: Slowbro|38/100|[from] Salt Cure
|upkeep
|turn|68
|
|t:|1743799846
|move|p1a: Garganacl|Protect|p1a: Garganacl
|-singleturn|p1a: Garganacl|Protect
|move|p2a: Slowbro|Thunder Wave|p1a: Garganacl
|-activate|p1a: Garganacl|move: Protect
|
|-heal|p1a: Garganacl|30/100|[from] item: Leftovers
|-heal|p2a: Slowbro|44/100|[from] item: Leftovers
|-damage|p2a: Slowbro|31/100|[from] Salt Cure
|upkeep
|turn|69
|
|t:|1743799849
|move|p1a: Garganacl|Stealth Rock||[still]
|-fail|p1a: Garganacl
|move|p2a: Slowbro|Psychic Noise|p1a: Garganacl
|-damage|p1a: Garganacl|12/100
|-start|p1a: Garganacl|move: Heal Block
|
|-heal|p2a: Slowbro|37/100|[from] item: Leftovers
|-damage|p2a: Slowbro|25/100|[from] Salt Cure
|upkeep
|turn|70
|
|t:|1743799851
|move|p1a: Garganacl|Protect|p1a: Garganacl
|-singleturn|p1a: Garganacl|Protect
|move|p2a: Slowbro|Scald|p1a: Garganacl
|-activate|p1a: Garganacl|move: Protect
|
|-heal|p2a: Slowbro|31/100|[from] item: Leftovers
|-damage|p2a: Slowbro|19/100|[from] Salt Cure
|-end|p1a: Garganacl|move: Heal Block
|upkeep
|turn|71
|
|t:|1743799854
|move|p1a: Garganacl|Recover|p1a: Garganacl
|-heal|p1a: Garganacl|62/100
|move|p2a: Slowbro|Slack Off|p2a: Slowbro
|-heal|p2a: Slowbro|69/100
|
|-heal|p1a: Garganacl|68/100|[from] item: Leftovers
|-heal|p2a: Slowbro|75/100|[from] item: Leftovers
|-damage|p2a: Slowbro|62/100|[from] Salt Cure
|upkeep
|turn|72
|
|t:|1743799859
|move|p1a: Garganacl|Protect|p1a: Garganacl
|-singleturn|p1a: Garganacl|Protect
|move|p2a: Slowbro|Scald|p1a: Garganacl
|-activate|p1a: Garganacl|move: Protect
|
|-heal|p1a: Garganacl|74/100|[from] item: Leftovers
|-heal|p2a: Slowbro|68/100|[from] item: Leftovers
|-damage|p2a: Slowbro|56/100|[from] Salt Cure
|upkeep
|turn|73
|
|t:|1743799860
|move|p1a: Garganacl|Stealth Rock||[still]
|-fail|p1a: Garganacl
|move|p2a: Slowbro|Scald|p1a: Garganacl
|-damage|p1a: Garganacl|54/100
|
|-heal|p1a: Garganacl|60/100|[from] item: Leftovers
|-heal|p2a: Slowbro|62/100|[from] item: Leftovers
|-damage|p2a: Slowbro|49/100|[from] Salt Cure
|upkeep
|turn|74
|
|t:|1743799862
|move|p1a: Garganacl|Protect|p1a: Garganacl
|-singleturn|p1a: Garganacl|Protect
|move|p2a: Slowbro|Thunder Wave|p1a: Garganacl
|-activate|p1a: Garganacl|move: Protect
|
|-heal|p1a: Garganacl|66/100|[from] item: Leftovers
|-heal|p2a: Slowbro|56/100|[from] item: Leftovers
|-damage|p2a: Slowbro|43/100|[from] Salt Cure
|upkeep
|turn|75
|
|t:|1743799865
|move|p1a: Garganacl|Salt Cure|p2a: Slowbro
|-damage|p2a: Slowbro|35/100
|move|p2a: Slowbro|Scald|p1a: Garganacl
|-damage|p1a: Garganacl|47/100
|
|-heal|p1a: Garganacl|53/100|[from] item: Leftovers
|-heal|p2a: Slowbro|41/100|[from] item: Leftovers
|-damage|p2a: Slowbro|28/100|[from] Salt Cure
|upkeep
|turn|76
|
|t:|1743799867
|move|p1a: Garganacl|Stealth Rock||[still]
|-fail|p1a: Garganacl
|move|p2a: Slowbro|Thunder Wave|p1a: Garganacl
|-immune|p1a: Garganacl|[from] ability: Purifying Salt
|
|-heal|p1a: Garganacl|59/100|[from] item: Leftovers
|-heal|p2a: Slowbro|34/100|[from] item: Leftovers
|-damage|p2a: Slowbro|22/100|[from] Salt Cure
|upkeep
|turn|77
|
|t:|1743799870
|move|p1a: Garganacl|Stealth Rock||[still]
|-fail|p1a: Garganacl
|move|p2a: Slowbro|Scald|p1a: Garganacl
|-damage|p1a: Garganacl|39/100
|
|-heal|p1a: Garganacl|46/100|[from] item: Leftovers
|-heal|p2a: Slowbro|28/100|[from] item: Leftovers
|-damage|p2a: Slowbro|15/100|[from] Salt Cure
|upkeep
|turn|78
|
|t:|1743799873
|move|p1a: Garganacl|Salt Cure|p2a: Slowbro
|-damage|p2a: Slowbro|7/100
|move|p2a: Slowbro|Slack Off|p2a: Slowbro
|-heal|p2a: Slowbro|57/100
|
|-heal|p1a: Garganacl|52/100|[from] item: Leftovers
|-heal|p2a: Slowbro|63/100|[from] item: Leftovers
|-damage|p2a: Slowbro|50/100|[from] Salt Cure
|upkeep
|turn|79
|
|t:|1743799877
|move|p1a: Garganacl|Protect|p1a: Garganacl
|-singleturn|p1a: Garganacl|Protect
|move|p2a: Slowbro|Scald|p1a: Garganacl
|-activate|p1a: Garganacl|move: Protect
|
|-heal|p1a: Garganacl|58/100|[from] item: Leftovers
|-heal|p2a: Slowbro|57/100|[from] item: Leftovers
|-damage|p2a: Slowbro|44/100|[from] Salt Cure
|upkeep
|turn|80
|
|t:|1743799880
|move|p1a: Garganacl|Stealth Rock||[still]
|-fail|p1a: Garganacl
|move|p2a: Slowbro|Scald|p1a: Garganacl
|-damage|p1a: Garganacl|39/100
|
|-heal|p1a: Garganacl|45/100|[from] item: Leftovers
|-heal|p2a: Slowbro|50/100|[from] item: Leftovers
|-damage|p2a: Slowbro|38/100|[from] Salt Cure
|upkeep
|turn|81
|
|t:|1743799883
|move|p1a: Garganacl|Salt Cure|p2a: Slowbro
|-damage|p2a: Slowbro|29/100
|move|p2a: Slowbro|Scald|p1a: Garganacl
|-damage|p1a: Garganacl|25/100
|
|-heal|p1a: Garganacl|32/100|[from] item: Leftovers
|-heal|p2a: Slowbro|36/100|[from] item: Leftovers
|-damage|p2a: Slowbro|23/100|[from] Salt Cure
|upkeep
|turn|82
|
|t:|1743799885
|move|p1a: Garganacl|Salt Cure|p2a: Slowbro
|-damage|p2a: Slowbro|15/100
|move|p2a: Slowbro|Thunder Wave|p1a: Garganacl
|-immune|p1a: Garganacl|[from] ability: Purifying Salt
|
|-heal|p1a: Garganacl|38/100|[from] item: Leftovers
|-heal|p2a: Slowbro|21/100|[from] item: Leftovers
|-damage|p2a: Slowbro|9/100|[from] Salt Cure
|upkeep
|turn|83
|
|t:|1743799887
|move|p1a: Garganacl|Recover|p1a: Garganacl
|-heal|p1a: Garganacl|88/100
|move|p2a: Slowbro|Scald|p1a: Garganacl
|-damage|p1a: Garganacl|68/100
|
|-heal|p1a: Garganacl|74/100|[from] item: Leftovers
|-heal|p2a: Slowbro|15/100|[from] item: Leftovers
|-damage|p2a: Slowbro|3/100|[from] Salt Cure
|upkeep
|turn|84
|-message|LostInTheTallGrass forfeited.
|
|win|Olly457
|raw|Olly457's rating: 1265 &rarr; <strong>1286</strong><br />(+21 for winning)
|raw|LostInTheTallGrass's rating: 1210 &rarr; <strong>1189</strong><br />(-21 for losing)
|l|☆LostInTheTallGrass
|player|p2|
|l|☆Olly457
|player|p1|
