|j|☆webgooner
|j|☆rulez90
|t:|1743871157
|gametype|singles
|player|p1|webgooner|korrina|1178
|player|p2|rulez90|169|1189
|teamsize|p1|6
|teamsize|p2|6
|gen|9
|tier|[Gen 9] OU
|rated|
|rule|HP Percentage Mod: HP is shown in percentages
|rule|Endless Battle Clause: Forcing endless battles is banned
|rule|Species Clause: Limit one of each Pokémon
|rule|OHKO Clause: OHKO moves are banned
|rule|Evasion Items Clause: Evasion items are banned
|rule|Evasion Moves Clause: Evasion moves are banned
|rule|Sleep Moves Clause: Sleep-inducing moves are banned
|clearpoke
|poke|p1|Araquanid, F|
|poke|p1|Glimmora, F|
|poke|p1|Gholdengo|
|poke|p1|Raging Bolt|
|poke|p1|Kyurem|
|poke|p1|Great Tusk|
|poke|p2|Torkoal, M|
|poke|p2|Comfey, M|
|poke|p2|Charizard, F|
|poke|p2|Walking Wake|
|poke|p2|Great Tusk|
|poke|p2|Victreebel, M|
|teampreview
|
|t:|1743871171
|start
|switch|p1a: Araquanid|Araquanid, F|100/100
|switch|p2a: Torkoal|Torkoal, M|100/100
|-weather|SunnyDay|[from] ability: Drought|[of] p2a: Torkoal
|turn|1
|
|t:|1743871223
|switch|p2a: Victreebel|Victreebel, M|100/100
|move|p1a: Araquanid|Sticky Web|p2a: Victreebel
|-sidestart|p2: rulez90|move: Sticky Web
|
|-weather|SunnyDay|[upkeep]
|upkeep
|turn|2
|
|t:|1743871231
|move|p2a: Victreebel|Growth|p2a: Victreebel
|-boost|p2a: Victreebel|atk|2
|-boost|p2a: Victreebel|spa|2
|move|p1a: Araquanid|Surf|p2a: Victreebel
|-resisted|p2a: Victreebel
|-crit|p2a: Victreebel
|-damage|p2a: Victreebel|77/100
|
|-weather|SunnyDay|[upkeep]
|upkeep
|turn|3
|
|t:|1743871240
|move|p1a: Araquanid|Endure|p1a: Araquanid
|-singleturn|p1a: Araquanid|move: Endure
|move|p2a: Victreebel|Growth|p2a: Victreebel
|-boost|p2a: Victreebel|atk|2
|-boost|p2a: Victreebel|spa|2
|
|-weather|SunnyDay|[upkeep]
|upkeep
|turn|4
|
|t:|1743871251
|move|p2a: Victreebel|Leaf Blade|p1a: Araquanid
|-damage|p1a: Araquanid|0 fnt
|faint|p1a: Araquanid
|
|-weather|SunnyDay|[upkeep]
|upkeep
|
|t:|1743871265
|switch|p1a: Gholdengo|Gholdengo|100/100
|-item|p1a: Gholdengo|Air Balloon
|turn|5
|
|t:|1743871275
|move|p2a: Victreebel|Weather Ball|p1a: Gholdengo
|-supereffective|p1a: Gholdengo
|-damage|p1a: Gholdengo|0 fnt
|-enditem|p1a: Gholdengo|Air Balloon
|faint|p1a: Gholdengo
|
|-weather|SunnyDay|[upkeep]
|upkeep
|-message|webgooner forfeited.
|
|win|rulez90
|raw|webgooner's rating: 1178 &rarr; <strong>1154</strong><br />(-24 for losing)
|raw|rulez90's rating: 1189 &rarr; <strong>1213</strong><br />(+24 for winning)
|l|☆webgooner
|player|p1|
|l|☆rulez90
|player|p2|
