|j|☆Dulio697
|j|☆roryta
|t:|1743848668
|gametype|singles
|player|p1|Dulio697|pokekid|1076
|player|p2|roryta|n|1074
|teamsize|p1|6
|teamsize|p2|6
|gen|9
|tier|[Gen 9] OU
|rated|
|rule|HP Percentage Mod: HP is shown in percentages
|rule|Endless Battle Clause: Forcing endless battles is banned
|rule|Species Clause: Limit one of each Pokémon
|rule|OHKO Clause: OHKO moves are banned
|rule|Evasion Items Clause: Evasion items are banned
|rule|Evasion Moves Clause: Evasion moves are banned
|rule|Sleep Moves Clause: Sleep-inducing moves are banned
|clearpoke
|poke|p1|Lucario, F|
|poke|p1|Pelipper, M|
|poke|p1|Krookodile, F|
|poke|p1|Gardevoir, F|
|poke|p1|Serperior, M|
|poke|p1|Weavile, F|
|poke|p2|Minior-Indigo|
|poke|p2|Braviary, M|
|poke|p2|Komala, F|
|poke|p2|Iron Moth|
|poke|p2|Dragonite, M|
|poke|p2|Kingambit, F|
|teampreview
|inactive|Battle timer is ON: inactive players will automatically lose when time's up. (requested by roryta)
|
|t:|1743848695
|start
|switch|p1a: Gardevoir|Gardevoir, F|100/100
|switch|p2a: Dragonite|Dragonite, M|100/100
|-ability|p1a: Gardevoir|Multiscale|[from] ability: Trace|[of] p2a: Dragonite
|turn|1
|
|t:|1743848712
|switch|p2a: Braviary|Braviary, M, shiny|100/100
|-terastallize|p1a: Gardevoir|Psychic
|move|p1a: Gardevoir|Moonblast|p2a: Braviary
|-damage|p2a: Braviary|14/100
|-damage|p1a: Gardevoir|91/100|[from] item: Life Orb
|
|upkeep
|turn|2
|
|t:|1743848722
|move|p1a: Gardevoir|Moonblast|p2a: Braviary
|-damage|p2a: Braviary|0 fnt
|faint|p2a: Braviary
|-damage|p1a: Gardevoir|81/100|[from] item: Life Orb
|
|upkeep
|
|t:|1743848736
|switch|p2a: Komala|Komala, F|100/100
|-ability|p2a: Komala|Comatose
|turn|3
|
|t:|1743848741
|move|p1a: Gardevoir|Focus Blast|p2a: Komala|[miss]
|-miss|p1a: Gardevoir|p2a: Komala
|move|p2a: Komala|Rapid Spin|p1a: Gardevoir
|-damage|p1a: Gardevoir|36/100
|-boost|p2a: Komala|spe|1
|
|upkeep
|turn|4
|
|t:|1743848764
|switch|p1a: Lucario|Lucario, F|100/100
|-item|p1a: Lucario|Air Balloon
|move|p2a: Komala|Rapid Spin|p1a: Lucario
|-resisted|p1a: Lucario
|-damage|p1a: Lucario|79/100
|-boost|p2a: Komala|spe|1
|-enditem|p1a: Lucario|Air Balloon
|
|upkeep
|turn|5
|
|t:|1743848776
|move|p2a: Komala|Knock Off|p1a: Lucario
|-resisted|p1a: Lucario
|-damage|p1a: Lucario|61/100
|move|p1a: Lucario|Swords Dance|p1a: Lucario
|-boost|p1a: Lucario|atk|2
|
|upkeep
|turn|6
|
|t:|1743848789
|move|p2a: Komala|Double-Edge|p1a: Lucario
|-resisted|p1a: Lucario
|-damage|p1a: Lucario|9/100
|-damage|p2a: Komala|86/100|[from] Recoil
|move|p1a: Lucario|Close Combat|p2a: Komala
|-supereffective|p2a: Komala
|-damage|p2a: Komala|0 fnt
|-unboost|p1a: Lucario|def|1
|-unboost|p1a: Lucario|spd|1
|faint|p2a: Komala
|
|upkeep
|
|t:|1743848801
|switch|p2a: Iron Moth|Iron Moth, shiny|100/100
|-enditem|p2a: Iron Moth|Booster Energy
|-activate|p2a: Iron Moth|ability: Quark Drive|[fromitem]
|-start|p2a: Iron Moth|quarkdrivespe
|turn|7
|
|t:|1743848807
|move|p1a: Lucario|Bullet Punch|p2a: Iron Moth
|-resisted|p2a: Iron Moth
|-damage|p2a: Iron Moth|70/100
|move|p2a: Iron Moth|Fiery Dance|p1a: Lucario
|-supereffective|p1a: Lucario
|-damage|p1a: Lucario|0 fnt
|faint|p1a: Lucario
|
|upkeep
|
|t:|1743848819
|switch|p1a: Pelipper|Pelipper, M|100/100
|-weather|RainDance|[from] ability: Drizzle|[of] p1a: Pelipper
|turn|8
|
|t:|1743848826
|move|p2a: Iron Moth|Sludge Wave|p1a: Pelipper
|-damage|p1a: Pelipper|31/100
|move|p1a: Pelipper|Hydro Pump|p2a: Iron Moth
|-supereffective|p2a: Iron Moth
|-damage|p2a: Iron Moth|0 fnt
|faint|p2a: Iron Moth
|-end|p2a: Iron Moth|Quark Drive|[silent]
|
|-weather|RainDance|[upkeep]
|upkeep
|
|t:|1743848837
|switch|p2a: Dragonite|Dragonite, M|100/100
|turn|9
|
|t:|1743848843
|move|p2a: Dragonite|Dragon Dance|p2a: Dragonite
|-boost|p2a: Dragonite|atk|1
|-boost|p2a: Dragonite|spe|1
|move|p1a: Pelipper|Tailwind|p1a: Pelipper
|-sidestart|p1: Dulio697|move: Tailwind
|
|-weather|RainDance|[upkeep]
|upkeep
|turn|10
|
|t:|1743848862
|move|p2a: Dragonite|Dragon Dance|p2a: Dragonite
|-boost|p2a: Dragonite|atk|1
|-boost|p2a: Dragonite|spe|1
|move|p1a: Pelipper|U-turn|p2a: Dragonite
|-resisted|p2a: Dragonite
|-damage|p2a: Dragonite|98/100
|
|t:|1743848870
|switch|p1a: Weavile|Weavile, F|100/100|[from] U-turn
|-ability|p1a: Weavile|Pressure
|
|-weather|RainDance|[upkeep]
|upkeep
|turn|11
|
|t:|1743848881
|move|p1a: Weavile|Icicle Crash|p2a: Dragonite
|-supereffective|p2a: Dragonite
|-damage|p2a: Dragonite|0 fnt
|faint|p2a: Dragonite
|
|-weather|RainDance|[upkeep]
|upkeep
|
|t:|1743848897
|switch|p2a: Minior|Minior-Indigo, shiny|100/100
|-formechange|p2a: Minior|Minior-Meteor||[from] ability: Shields Down
|turn|12
|
|t:|1743848915
|switch|p1a: Serperior|Serperior, M|100/100
|move|p2a: Minior|Stone Edge|p1a: Serperior
|-damage|p1a: Serperior|71/100
|
|-weather|RainDance|[upkeep]
|-sideend|p1: Dulio697|move: Tailwind
|upkeep
|turn|13
|
|t:|1743848923
|move|p1a: Serperior|Glare|p2a: Minior
|-immune|p2a: Minior|[from] ability: Shields Down
|move|p2a: Minior|Shell Smash|p2a: Minior
|-unboost|p2a: Minior|def|1
|-unboost|p2a: Minior|spd|1
|-boost|p2a: Minior|atk|2
|-boost|p2a: Minior|spa|2
|-boost|p2a: Minior|spe|2
|-enditem|p2a: Minior|White Herb
|-clearnegativeboost|p2a: Minior|[silent]
|
|-weather|RainDance|[upkeep]
|upkeep
|turn|14
|
|t:|1743848937
|move|p2a: Minior|Acrobatics|p1a: Serperior
|-supereffective|p1a: Serperior
|-damage|p1a: Serperior|0 fnt
|-damage|p2a: Minior|84/100|[from] item: Rocky Helmet|[of] p1a: Serperior
|faint|p1a: Serperior
|
|-weather|RainDance|[upkeep]
|upkeep
|
|t:|1743848960
|switch|p1a: Krookodile|Krookodile, F|100/100
|turn|15
|
|t:|1743848970
|move|p2a: Minior|Acrobatics|p1a: Krookodile
|-damage|p1a: Krookodile|17/100
|move|p1a: Krookodile|Gunk Shot|p2a: Minior
|-resisted|p2a: Minior
|-damage|p2a: Minior|58/100
|
|-weather|none
|upkeep
|turn|16
|
|t:|1743848980
|move|p2a: Minior|Acrobatics|p1a: Krookodile
|-damage|p1a: Krookodile|0 fnt
|faint|p1a: Krookodile
|
|upkeep
|
|t:|1743848985
|switch|p1a: Weavile|Weavile, F|100/100
|-ability|p1a: Weavile|Pressure
|turn|17
|
|t:|1743848991
|move|p2a: Minior|Stone Edge|p1a: Weavile
|-supereffective|p1a: Weavile
|-damage|p1a: Weavile|0 fnt
|faint|p1a: Weavile
|
|upkeep
|
|t:|1743848997
|switch|p1a: Pelipper|Pelipper, M|31/100
|-weather|RainDance|[from] ability: Drizzle|[of] p1a: Pelipper
|turn|18
|
|t:|1743849003
|move|p2a: Minior|Stone Edge|p1a: Pelipper|[miss]
|-miss|p2a: Minior|p1a: Pelipper
|move|p1a: Pelipper|Tailwind|p1a: Pelipper
|-sidestart|p1: Dulio697|move: Tailwind
|
|-weather|RainDance|[upkeep]
|upkeep
|turn|19
|
|t:|1743849011
|move|p2a: Minior|Acrobatics|p1a: Pelipper
|-damage|p1a: Pelipper|0 fnt
|faint|p1a: Pelipper
|
|-weather|RainDance|[upkeep]
|upkeep
|
|t:|1743849016
|switch|p1a: Gardevoir|Gardevoir, F, tera:Psychic|36/100
|turn|20
|
|t:|1743849023
|move|p1a: Gardevoir|Focus Blast|p2a: Minior|[miss]
|-miss|p1a: Gardevoir|p2a: Minior
|move|p2a: Minior|Acrobatics|p1a: Gardevoir
|-damage|p1a: Gardevoir|0 fnt
|faint|p1a: Gardevoir
|
|win|roryta
|raw|Dulio697's rating: 1076 &rarr; <strong>1054</strong><br />(-22 for losing)
|raw|roryta's rating: 1074 &rarr; <strong>1103</strong><br />(+29 for winning)
|l|☆roryta
|player|p2|
|l|☆Dulio697
|player|p1|
