|j|☆UltraGodGreninja
|j|☆Imnotsorrytbh
|t:|1743871395
|gametype|singles
|player|p1|UltraGodGreninja|skyla|1359
|player|p2|Imnotsorrytbh|colress|1403
|teamsize|p1|6
|teamsize|p2|6
|gen|9
|tier|[Gen 9] OU
|rated|
|rule|HP Percentage Mod: HP is shown in percentages
|rule|Endless Battle Clause: Forcing endless battles is banned
|rule|Species Clause: Limit one of each Pokémon
|rule|OHKO Clause: OHKO moves are banned
|rule|Evasion Items Clause: Evasion items are banned
|rule|Evasion Moves Clause: Evasion moves are banned
|rule|Sleep Moves Clause: Sleep-inducing moves are banned
|clearpoke
|poke|p1|Greninja-*, F|
|poke|p1|Great Tusk|
|poke|p1|Skarmory, F|
|poke|p1|Latios, M|
|poke|p1|Ting-Lu|
|poke|p1|Slowking-Galar, F|
|poke|p2|Clodsire, F|
|poke|p2|Dondozo, F|
|poke|p2|Alomomola, F|
|poke|p2|Talonflame, M|
|poke|p2|Toxapex, F|
|poke|p2|Blissey, F|
|teampreview
|
|t:|1743871419
|start
|switch|p1a: Greninja|Greninja, F|100/100
|switch|p2a: Toxapex|Toxapex, F|100/100
|turn|1
|
|t:|1743871425
|move|p1a: Greninja|U-turn|p2a: Toxapex
|-start|p1a: Greninja|typechange|Bug|[from] ability: Protean
|-resisted|p2a: Toxapex
|-damage|p2a: Toxapex|87/100
|
|t:|1743871431
|switch|p1a: Slowking|Slowking-Galar, F|100/100|[from] U-turn
|move|p2a: Toxapex|Toxic|p1a: Slowking
|-immune|p1a: Slowking
|
|upkeep
|turn|2
|
|t:|1743871436
|move|p2a: Toxapex|Infestation|p1a: Slowking
|-damage|p1a: Slowking|99/100
|-activate|p1a: Slowking|move: Infestation|[of] p2a: Toxapex
|move|p1a: Slowking|Psychic Noise|p2a: Toxapex
|-supereffective|p2a: Toxapex
|-damage|p2a: Toxapex|40/100
|-start|p2a: Toxapex|move: Heal Block
|
|-damage|p1a: Slowking|86/100|[from] move: Infestation|[partiallytrapped]
|upkeep
|turn|3
|
|t:|1743871446
|switch|p2a: Blissey|Blissey, F|100/100
|-prepare|p1a: Slowking|Chilly Reception|[premajor]
|move|p1a: Slowking|Chilly Reception|p1a: Slowking
|-weather|Snowscape
|
|t:|1743871455
|switch|p1a: Greninja|Greninja, F|100/100|[from] Chilly Reception
|
|-weather|Snowscape|[upkeep]
|upkeep
|turn|4
|
|t:|1743871461
|switch|p2a: Toxapex|Toxapex, F|73/100
|move|p1a: Greninja|Gunk Shot|p2a: Toxapex
|-start|p1a: Greninja|typechange|Poison|[from] ability: Protean
|-resisted|p2a: Toxapex
|-damage|p2a: Toxapex|51/100
|
|-weather|Snowscape|[upkeep]
|upkeep
|turn|5
|
|t:|1743871469
|switch|p1a: Slowking|Slowking-Galar, F|100/100
|move|p2a: Toxapex|Infestation|p1a: Slowking
|-damage|p1a: Slowking|99/100
|-activate|p1a: Slowking|move: Infestation|[of] p2a: Toxapex
|
|-weather|Snowscape|[upkeep]
|-damage|p1a: Slowking|87/100|[from] move: Infestation|[partiallytrapped]
|upkeep
|turn|6
|
|t:|1743871476
|switch|p2a: Blissey|Blissey, F|100/100
|-prepare|p1a: Slowking|Chilly Reception|[premajor]
|move|p1a: Slowking|Chilly Reception|p1a: Slowking
|
|t:|1743871482
|switch|p1a: Great Tusk|Great Tusk|100/100|[from] Chilly Reception
|
|-weather|Snowscape|[upkeep]
|upkeep
|turn|7
|
|t:|1743871486
|switch|p2a: Alomomola|Alomomola, F|100/100
|move|p1a: Great Tusk|Knock Off|p2a: Alomomola
|-damage|p2a: Alomomola|82/100
|-enditem|p2a: Alomomola|Heavy-Duty Boots|[from] move: Knock Off|[of] p1a: Great Tusk
|
|-weather|none
|upkeep
|turn|8
|
|t:|1743871494
|-end|p1a: Great Tusk|Protosynthesis|[silent]
|switch|p1a: Slowking|Slowking-Galar, F|100/100
|move|p2a: Alomomola|Whirlpool|p1a: Slowking
|-damage|p1a: Slowking|97/100
|-activate|p1a: Slowking|move: Whirlpool|[of] p2a: Alomomola
|
|-damage|p1a: Slowking|85/100|[from] move: Whirlpool|[partiallytrapped]
|upkeep
|turn|9
|
|t:|1743871502
|switch|p2a: Blissey|Blissey, F|100/100
|-prepare|p1a: Slowking|Chilly Reception|[premajor]
|move|p1a: Slowking|Chilly Reception|p1a: Slowking
|-weather|Snowscape
|
|t:|1743871511
|switch|p1a: Skarmory|Skarmory, F|100/100|[from] Chilly Reception
|
|-weather|Snowscape|[upkeep]
|upkeep
|turn|10
|
|t:|1743871516
|switch|p2a: Talonflame|Talonflame, M|100/100
|move|p1a: Skarmory|Stealth Rock|p2a: Talonflame
|-sidestart|p2: Imnotsorrytbh|move: Stealth Rock
|
|-weather|Snowscape|[upkeep]
|upkeep
|turn|11
|
|t:|1743871524
|switch|p1a: Latios|Latios, M|100/100
|move|p2a: Talonflame|Defog|p1a: Latios
|-unboost|p1a: Latios|evasion|1
|-sideend|p2: Imnotsorrytbh|Stealth Rock|[from] move: Defog|[of] p2a: Talonflame
|
|-weather|Snowscape|[upkeep]
|upkeep
|turn|12
|
|t:|1743871533
|switch|p2a: Blissey|Blissey, F|100/100
|move|p1a: Latios|Psyshock|p2a: Blissey
|-damage|p2a: Blissey|0 fnt
|faint|p2a: Blissey
|
|-weather|Snowscape|[upkeep]
|upkeep
|-message|Imnotsorrytbh forfeited.
|
|win|UltraGodGreninja
|raw|UltraGodGreninja's rating: 1359 &rarr; <strong>1383</strong><br />(+24 for winning)
|raw|Imnotsorrytbh's rating: 1423 &rarr; <strong>1399</strong><br />(-24 for losing)
|l|☆Imnotsorrytbh
|player|p2|
|l|☆UltraGodGreninja
|player|p1|
