|j|☆F8X
|j|☆IASASAY
|t:|1743812244
|gametype|singles
|player|p1|F8X|steven|1387
|player|p2|IASASAY|ghetsis|1382
|teamsize|p1|6
|teamsize|p2|6
|gen|9
|tier|[Gen 9] OU
|rated|
|rule|HP Percentage Mod: HP is shown in percentages
|rule|Endless Battle Clause: Forcing endless battles is banned
|rule|Species Clause: Limit one of each Pokémon
|rule|OHKO Clause: OHKO moves are banned
|rule|Evasion Items Clause: Evasion items are banned
|rule|Evasion Moves Clause: Evasion moves are banned
|rule|Sleep Moves Clause: Sleep-inducing moves are banned
|clearpoke
|poke|p1|Dragonite, M|
|poke|p1|Weavile, M|
|poke|p1|Greninja-*, M|
|poke|p1|Gholdengo|
|poke|p1|Iron Moth|
|poke|p1|Gliscor, M|
|poke|p2|Inteleon, M|
|poke|p2|Dragapult, F|
|poke|p2|Cinderace, F|
|poke|p2|Corviknight, M|
|poke|p2|Alomomola, F|
|poke|p2|Ting-Lu|
|teampreview
|inactive|Battle timer is ON: inactive players will automatically lose when time's up. (requested by F8X)
|
|t:|1743812265
|start
|switch|p1a: Gliscor|Gliscor, M|100/100
|switch|p2a: Inteleon|Inteleon, M|100/100
|turn|1
|inactive|F8X has 120 seconds left.
|
|t:|1743812319
|move|p2a: Inteleon|Surf|p1a: Gliscor
|-supereffective|p1a: Gliscor
|-damage|p1a: Gliscor|0 fnt
|faint|p1a: Gliscor
|
|upkeep
|
|t:|1743812326
|switch|p1a: Dragonite|Dragonite, M|100/100
|turn|2
|
|t:|1743812329
|move|p2a: Inteleon|Surf|p1a: Dragonite
|-resisted|p1a: Dragonite
|-damage|p1a: Dragonite|85/100
|move|p1a: Dragonite|Thunderbolt|p2a: Inteleon
|-supereffective|p2a: Inteleon
|-damage|p2a: Inteleon|0 fnt
|faint|p2a: Inteleon
|
|upkeep
|
|t:|1743812337
|switch|p2a: Dragapult|Dragapult, F|100/100
|turn|3
|
|t:|1743812342
|-terastallize|p2a: Dragapult|Ghost
|move|p2a: Dragapult|Tera Blast|p1a: Dragonite|[anim] Tera Blast Ghost
|-damage|p1a: Dragonite|7/100
|move|p1a: Dragonite|Ice Beam|p2a: Dragapult
|-damage|p2a: Dragapult|60/100
|
|upkeep
|turn|4
|
|t:|1743812351
|move|p2a: Dragapult|Tera Blast|p1a: Dragonite|[anim] Tera Blast Ghost
|-damage|p1a: Dragonite|0 fnt
|faint|p1a: Dragonite
|
|upkeep
|inactive|F8X has 120 seconds left.
|inactive|F8X has 90 seconds left.
|
|t:|1743812408
|switch|p1a: Weavile|Weavile, M|100/100
|-ability|p1a: Weavile|Pressure
|turn|5
|
|t:|1743812412
|switch|p2a: Alomomola|Alomomola, F|100/100
|move|p1a: Weavile|Knock Off|p2a: Alomomola
|-crit|p2a: Alomomola
|-damage|p2a: Alomomola|65/100
|-enditem|p2a: Alomomola|Heavy-Duty Boots|[from] move: Knock Off|[of] p1a: Weavile
|
|upkeep
|turn|6
|inactive|F8X has 90 seconds left.
|
|t:|1743812437
|move|p1a: Weavile|Poison Jab|p2a: Alomomola
|-damage|p2a: Alomomola|51/100
|move|p2a: Alomomola|Flip Turn|p1a: Weavile
|-damage|p1a: Weavile|71/100
|
|t:|1743812443
|switch|p2a: Dragapult|Dragapult, F, tera:Ghost|60/100|[from] Flip Turn
|
|upkeep
|turn|7
|
|t:|1743812453
|move|p2a: Dragapult|U-turn|p1a: Weavile
|-supereffective|p1a: Weavile
|-damage|p1a: Weavile|0 fnt
|faint|p1a: Weavile
|
|t:|1743812459
|switch|p2a: Alomomola|Alomomola, F|84/100|[from] U-turn
|
|upkeep
|inactive|F8X has 90 seconds left.
|
|t:|1743812485
|switch|p1a: Gholdengo|Gholdengo|100/100
|-item|p1a: Gholdengo|Air Balloon
|turn|8
|
|t:|1743812490
|move|p1a: Gholdengo|Thunder Wave|p2a: Alomomola
|-status|p2a: Alomomola|par
|move|p2a: Alomomola|Flip Turn|p1a: Gholdengo
|-damage|p1a: Gholdengo|85/100
|-enditem|p1a: Gholdengo|Air Balloon
|
|t:|1743812497
|switch|p2a: Dragapult|Dragapult, F, tera:Ghost|60/100|[from] Flip Turn
|
|upkeep
|turn|9
|inactive|F8X has 90 seconds left.
|
|t:|1743812512
|-terastallize|p1a: Gholdengo|Fairy
|move|p2a: Dragapult|U-turn|p1a: Gholdengo
|-resisted|p1a: Gholdengo
|-damage|p1a: Gholdengo|69/100
|
|t:|1743812516
|switch|p2a: Ting-Lu|Ting-Lu|100/100|[from] U-turn
|-ability|p2a: Ting-Lu|Vessel of Ruin
|move|p1a: Gholdengo|Hex|p2a: Ting-Lu
|-resisted|p2a: Ting-Lu
|-crit|p2a: Ting-Lu
|-damage|p2a: Ting-Lu|87/100
|
|-heal|p2a: Ting-Lu|93/100|[from] item: Leftovers
|upkeep
|turn|10
|
|t:|1743812529
|move|p1a: Gholdengo|Make It Rain|p2a: Ting-Lu
|-damage|p2a: Ting-Lu|59/100
|-unboost|p1a: Gholdengo|spa|1
|move|p2a: Ting-Lu|Earthquake|p1a: Gholdengo
|-damage|p1a: Gholdengo|31/100
|
|-heal|p2a: Ting-Lu|66/100|[from] item: Leftovers
|upkeep
|turn|11
|
|t:|1743812541
|move|p1a: Gholdengo|Recover|p1a: Gholdengo
|-heal|p1a: Gholdengo|81/100
|move|p2a: Ting-Lu|Stealth Rock|p1a: Gholdengo
|-sidestart|p1: F8X|move: Stealth Rock
|
|-heal|p2a: Ting-Lu|72/100|[from] item: Leftovers
|upkeep
|turn|12
|inactive|F8X has 90 seconds left.
|
|t:|1743812567
|move|p1a: Gholdengo|Make It Rain|p2a: Ting-Lu
|-damage|p2a: Ting-Lu|50/100
|-unboost|p1a: Gholdengo|spa|1
|move|p2a: Ting-Lu|Ruination|p1a: Gholdengo
|-damage|p1a: Gholdengo|41/100
|
|-heal|p2a: Ting-Lu|57/100|[from] item: Leftovers
|upkeep
|turn|13
|
|t:|1743812582
|move|p1a: Gholdengo|Recover|p1a: Gholdengo
|-heal|p1a: Gholdengo|91/100
|move|p2a: Ting-Lu|Earthquake|p1a: Gholdengo
|-damage|p1a: Gholdengo|56/100
|
|-heal|p2a: Ting-Lu|63/100|[from] item: Leftovers
|upkeep
|turn|14
|
|t:|1743812601
|move|p1a: Gholdengo|Make It Rain|p2a: Ting-Lu
|-damage|p2a: Ting-Lu|48/100
|-unboost|p1a: Gholdengo|spa|1
|move|p2a: Ting-Lu|Earthquake|p1a: Gholdengo
|-damage|p1a: Gholdengo|19/100
|
|-heal|p2a: Ting-Lu|54/100|[from] item: Leftovers
|upkeep
|turn|15
|
|t:|1743812612
|move|p1a: Gholdengo|Make It Rain|p2a: Ting-Lu
|-damage|p2a: Ting-Lu|42/100
|-unboost|p1a: Gholdengo|spa|1
|move|p2a: Ting-Lu|Earthquake|p1a: Gholdengo
|-damage|p1a: Gholdengo|0 fnt
|faint|p1a: Gholdengo
|
|-heal|p2a: Ting-Lu|48/100|[from] item: Leftovers
|upkeep
|
|t:|1743812616
|switch|p1a: Greninja|Greninja, M|100/100
|-damage|p1a: Greninja|88/100|[from] Stealth Rock
|turn|16
|
|t:|1743812629
|switch|p2a: Alomomola|Alomomola, F|100/100 par
|move|p1a: Greninja|Hydro Pump|p2a: Alomomola
|-resisted|p2a: Alomomola
|-damage|p2a: Alomomola|61/100 par
|-damage|p1a: Greninja|78/100|[from] item: Life Orb
|
|upkeep
|turn|17
|inactive|F8X has 120 seconds left.
|
|t:|1743812643
|move|p1a: Greninja|Dark Pulse|p2a: Alomomola
|-damage|p2a: Alomomola|8/100 par
|-damage|p1a: Greninja|69/100|[from] item: Life Orb
|cant|p2a: Alomomola|par
|
|upkeep
|turn|18
|
|t:|1743812653
|switch|p2a: Ting-Lu|Ting-Lu|48/100
|-ability|p2a: Ting-Lu|Vessel of Ruin
|move|p1a: Greninja|Dark Pulse|p2a: Ting-Lu
|-resisted|p2a: Ting-Lu
|-damage|p2a: Ting-Lu|37/100
|-damage|p1a: Greninja|59/100|[from] item: Life Orb
|
|-heal|p2a: Ting-Lu|43/100|[from] item: Leftovers
|upkeep
|turn|19
|
|t:|1743812672
|switch|p2a: Alomomola|Alomomola, F|42/100 par
|move|p1a: Greninja|Hydro Pump|p2a: Alomomola
|-resisted|p2a: Alomomola
|-damage|p2a: Alomomola|2/100 par
|-damage|p1a: Greninja|49/100|[from] item: Life Orb
|
|upkeep
|turn|20
|
|t:|1743812682
|move|p1a: Greninja|Grass Knot|p2a: Alomomola
|-supereffective|p2a: Alomomola
|-damage|p2a: Alomomola|0 fnt
|faint|p2a: Alomomola
|-ability|p1a: Greninja|Battle Bond|boost
|-boost|p1a: Greninja|atk|1
|-boost|p1a: Greninja|spa|1
|-boost|p1a: Greninja|spe|1
|-activate|p1a: Greninja|ability: Battle Bond
|-damage|p1a: Greninja|39/100|[from] item: Life Orb
|
|upkeep
|
|t:|1743812692
|switch|p2a: Corviknight|Corviknight, M|100/100
|-ability|p2a: Corviknight|Pressure
|turn|21
|
|t:|1743812700
|move|p1a: Greninja|Hydro Pump|p2a: Corviknight
|-damage|p2a: Corviknight|0 fnt
|faint|p2a: Corviknight
|-damage|p1a: Greninja|29/100|[from] item: Life Orb
|
|upkeep
|
|t:|1743812710
|switch|p2a: Cinderace|Cinderace, F|100/100
|turn|22
|
|t:|1743812717
|move|p2a: Cinderace|Sucker Punch|p1a: Greninja
|-start|p2a: Cinderace|typechange|Dark|[from] ability: Libero
|-resisted|p1a: Greninja
|-damage|p1a: Greninja|1/100
|move|p1a: Greninja|Hydro Pump|p2a: Cinderace
|-damage|p2a: Cinderace|0 fnt
|faint|p2a: Cinderace
|-damage|p1a: Greninja|0 fnt|[from] item: Life Orb
|faint|p1a: Greninja
|
|upkeep
|
|t:|1743812728
|switch|p1a: Iron Moth|Iron Moth|100/100
|switch|p2a: Ting-Lu|Ting-Lu|43/100
|-damage|p1a: Iron Moth|76/100|[from] Stealth Rock
|-ability|p2a: Ting-Lu|Vessel of Ruin
|-enditem|p1a: Iron Moth|Booster Energy
|-activate|p1a: Iron Moth|ability: Quark Drive|[fromitem]
|-start|p1a: Iron Moth|quarkdrivespe
|turn|23
|
|t:|1743812738
|move|p1a: Iron Moth|Fiery Dance|p2a: Ting-Lu
|-damage|p2a: Ting-Lu|24/100
|move|p2a: Ting-Lu|Earthquake|p1a: Iron Moth
|-supereffective|p1a: Iron Moth
|-damage|p1a: Iron Moth|0 fnt
|faint|p1a: Iron Moth
|-end|p1a: Iron Moth|Quark Drive|[silent]
|
|win|IASASAY
|raw|F8X's rating: 1387 &rarr; <strong>1367</strong><br />(-20 for losing)
|raw|IASASAY's rating: 1382 &rarr; <strong>1402</strong><br />(+20 for winning)
|l|☆F8X
|player|p1|
