|j|☆tubfrog
|j|☆Megazordrainkine
|t:|1743915377
|gametype|singles
|player|p1|tubfrog|266|1104
|player|p2|Megazordrainkine|swimmer-gen4dp|1069
|teamsize|p1|6
|teamsize|p2|6
|gen|9
|tier|[Gen 9] OU
|rated|
|rule|HP Percentage Mod: HP is shown in percentages
|rule|Endless Battle Clause: Forcing endless battles is banned
|rule|Species Clause: Limit one of each Pokémon
|rule|OHKO Clause: OHKO moves are banned
|rule|Evasion Items Clause: Evasion items are banned
|rule|Evasion Moves Clause: Evasion moves are banned
|rule|Sleep Moves Clause: Sleep-inducing moves are banned
|clearpoke
|poke|p1|Pelipper, M|
|poke|p1|Golduck, M|
|poke|p1|Iron Treads|
|poke|p1|Kingdra, M|
|poke|p1|Indeedee, M|
|poke|p1|Barraskewda, F|
|poke|p2|Zangoose, M|
|poke|p2|Flygon, M|
|poke|p2|Necrozma|
|poke|p2|Arcanine, F|
|poke|p2|Porygon2|
|poke|p2|Cloyster, F|
|teampreview
|
|t:|1743915391
|start
|switch|p1a: Pelipper|Pelipper, M|100/100
|switch|p2a: Cloyster|Cloyster, F, shiny|100/100
|-weather|RainDance|[from] ability: Drizzle|[of] p1a: Pelipper
|turn|1
|
|t:|1743915399
|move|p2a: Cloyster|Shell Smash|p2a: Cloyster
|-unboost|p2a: Cloyster|def|1
|-unboost|p2a: Cloyster|spd|1
|-boost|p2a: Cloyster|atk|2
|-boost|p2a: Cloyster|spa|2
|-boost|p2a: Cloyster|spe|2
|-enditem|p2a: Cloyster|White Herb
|-clearnegativeboost|p2a: Cloyster|[silent]
|move|p1a: Pelipper|U-turn|p2a: Cloyster
|-damage|p2a: Cloyster|93/100
|
|t:|1743915421
|switch|p1a: Kingdra|Kingdra, M|100/100|[from] U-turn
|
|-weather|RainDance|[upkeep]
|upkeep
|turn|2
|
|t:|1743915441
|move|p1a: Kingdra|Draco Meteor|p2a: Cloyster
|-damage|p2a: Cloyster|0 fnt
|-unboost|p1a: Kingdra|spa|2
|faint|p2a: Cloyster
|-damage|p1a: Kingdra|91/100|[from] item: Life Orb
|
|-weather|RainDance|[upkeep]
|upkeep
|
|t:|1743915456
|switch|p2a: Porygon2-16|Porygon2|100/100
|-ability|p2a: Porygon2-16|Swift Swim|[from] ability: Trace|[of] p1a: Kingdra
|turn|3
|
|t:|1743915471
|move|p1a: Kingdra|Flip Turn|p2a: Porygon2-16
|-damage|p2a: Porygon2-16|81/100
|-damage|p1a: Kingdra|81/100|[from] item: Life Orb
|
|t:|1743915478
|switch|p1a: Barraskewda|Barraskewda, F|100/100|[from] Flip Turn
|move|p2a: Porygon2-16|Charge|p2a: Porygon2-16
|-boost|p2a: Porygon2-16|spd|1
|-start|p2a: Porygon2-16|Charge
|
|-weather|RainDance|[upkeep]
|upkeep
|turn|4
|
|t:|1743915487
|move|p1a: Barraskewda|Close Combat|p2a: Porygon2-16
|-supereffective|p2a: Porygon2-16
|-damage|p2a: Porygon2-16|15/100
|-unboost|p1a: Barraskewda|def|1
|-unboost|p1a: Barraskewda|spd|1
|-damage|p1a: Barraskewda|91/100|[from] item: Life Orb
|move|p2a: Porygon2-16|Charge Beam|p1a: Barraskewda|[miss]
|-miss|p2a: Porygon2-16|p1a: Barraskewda
|-end|p2a: Porygon2-16|Charge|[silent]
|
|-weather|RainDance|[upkeep]
|upkeep
|turn|5
|
|t:|1743915514
|move|p1a: Barraskewda|Poison Jab|p2a: Porygon2-16
|-damage|p2a: Porygon2-16|0 fnt
|faint|p2a: Porygon2-16
|-damage|p1a: Barraskewda|81/100|[from] item: Life Orb
|
|-weather|RainDance|[upkeep]
|upkeep
|
|t:|1743915524
|switch|p2a: Zangoose|Zangoose, M|100/100
|turn|6
|
|t:|1743915528
|move|p2a: Zangoose|Upper Hand||[still]
|-fail|p2a: Zangoose
|move|p1a: Barraskewda|Close Combat|p2a: Zangoose
|-supereffective|p2a: Zangoose
|-damage|p2a: Zangoose|0 fnt
|-unboost|p1a: Barraskewda|def|1
|-unboost|p1a: Barraskewda|spd|1
|faint|p2a: Zangoose
|-damage|p1a: Barraskewda|71/100|[from] item: Life Orb
|
|-weather|RainDance|[upkeep]
|upkeep
|
|t:|1743915540
|switch|p2a: Arcanine-4-99|Arcanine, F, shiny|100/100
|-ability|p2a: Arcanine-4-99|Intimidate|boost
|-unboost|p1a: Barraskewda|atk|1
|turn|7
|
|t:|1743915547
|move|p2a: Arcanine-4-99|Extreme Speed|p1a: Barraskewda
|-damage|p1a: Barraskewda|0 fnt
|faint|p1a: Barraskewda
|
|-weather|RainDance|[upkeep]
|upkeep
|
|t:|1743915562
|switch|p1a: Indeedee|Indeedee, M|100/100
|-fieldstart|move: Psychic Terrain|[from] ability: Psychic Surge|[of] p1a: Indeedee
|turn|8
|
|t:|1743915574
|switch|p1a: Iron Treads|Iron Treads|100/100
|-enditem|p1a: Iron Treads|Booster Energy
|-activate|p1a: Iron Treads|ability: Quark Drive|[fromitem]
|-start|p1a: Iron Treads|quarkdrivespe
|move|p2a: Arcanine-4-99|Extreme Speed|p1a: Iron Treads
|-activate|p1a: Iron Treads|move: Psychic Terrain
|
|-weather|none
|upkeep
|turn|9
|
|t:|1743915600
|switch|p2a: Flygon-399|Flygon, M, shiny|100/100
|move|p1a: Iron Treads|Stealth Rock|p2a: Flygon-399
|-sidestart|p2: Megazordrainkine|move: Stealth Rock
|
|upkeep
|turn|10
|
|t:|1743915613
|-end|p1a: Iron Treads|Quark Drive|[silent]
|switch|p1a: Pelipper|Pelipper, M|100/100
|-weather|RainDance|[from] ability: Drizzle|[of] p1a: Pelipper
|move|p2a: Flygon-399|Fire Punch|p1a: Pelipper
|-resisted|p1a: Pelipper
|-damage|p1a: Pelipper|95/100
|
|-weather|RainDance|[upkeep]
|upkeep
|turn|11
|
|t:|1743915627
|switch|p2a: Necrozma-97-216|Necrozma|100/100
|-damage|p2a: Necrozma-97-216|88/100|[from] Stealth Rock
|move|p1a: Pelipper|U-turn|p2a: Necrozma-97-216
|-supereffective|p2a: Necrozma-97-216
|-damage|p2a: Necrozma-97-216|74/100
|
|t:|1743915646
|switch|p1a: Golduck|Golduck, M|100/100|[from] U-turn
|
|-weather|RainDance|[upkeep]
|upkeep
|turn|12
|
|t:|1743915663
|move|p1a: Golduck|Nasty Plot|p1a: Golduck
|-boost|p1a: Golduck|spa|2
|move|p2a: Necrozma-97-216|Calm Mind|p2a: Necrozma-97-216
|-boost|p2a: Necrozma-97-216|spa|1
|-boost|p2a: Necrozma-97-216|spd|1
|
|-weather|RainDance|[upkeep]
|upkeep
|turn|13
|
|t:|1743915673
|move|p1a: Golduck|Ice Beam|p2a: Necrozma-97-216
|-damage|p2a: Necrozma-97-216|19/100
|-damage|p1a: Golduck|91/100|[from] item: Life Orb
|move|p2a: Necrozma-97-216|Prismatic Laser|p1a: Golduck
|-damage|p1a: Golduck|0 fnt
|-mustrecharge|p2a: Necrozma-97-216
|faint|p1a: Golduck
|
|-weather|RainDance|[upkeep]
|upkeep
|
|t:|1743915679
|switch|p1a: Kingdra|Kingdra, M|81/100
|turn|14
|
|t:|1743915684
|move|p1a: Kingdra|Weather Ball|p2a: Necrozma-97-216
|-damage|p2a: Necrozma-97-216|0 fnt
|faint|p2a: Necrozma-97-216
|-damage|p1a: Kingdra|71/100|[from] item: Life Orb
|
|-weather|RainDance|[upkeep]
|upkeep
|
|t:|1743915691
|switch|p2a: Arcanine-4-99|Arcanine, F, shiny|100/100
|-damage|p2a: Arcanine-4-99|76/100|[from] Stealth Rock
|-ability|p2a: Arcanine-4-99|Intimidate|boost
|-unboost|p1a: Kingdra|atk|1
|turn|15
|
|t:|1743915702
|-terastallize|p1a: Kingdra|Water
|move|p2a: Arcanine-4-99|Extreme Speed|p1a: Kingdra
|-activate|p1a: Kingdra|move: Psychic Terrain
|move|p1a: Kingdra|Weather Ball|p2a: Arcanine-4-99
|-supereffective|p2a: Arcanine-4-99
|-damage|p2a: Arcanine-4-99|0 fnt
|faint|p2a: Arcanine-4-99
|-damage|p1a: Kingdra|61/100|[from] item: Life Orb
|
|-weather|RainDance|[upkeep]
|-fieldend|move: Psychic Terrain
|upkeep
|
|t:|1743915713
|switch|p2a: Flygon-399|Flygon, M, shiny|100/100
|-damage|p2a: Flygon-399|95/100|[from] Stealth Rock
|turn|16
|
|t:|1743915721
|move|p2a: Flygon-399|First Impression|p1a: Kingdra
|-crit|p1a: Kingdra
|-damage|p1a: Kingdra|4/100
|move|p1a: Kingdra|Draco Meteor|p2a: Flygon-399
|-supereffective|p2a: Flygon-399
|-damage|p2a: Flygon-399|0 fnt
|-unboost|p1a: Kingdra|spa|2
|faint|p2a: Flygon-399
|-damage|p1a: Kingdra|0 fnt|[from] item: Life Orb
|faint|p1a: Kingdra
|
|win|tubfrog
|raw|tubfrog's rating: 1104 &rarr; <strong>1126</strong><br />(+22 for winning)
|raw|Megazordrainkine's rating: 1069 &rarr; <strong>1051</strong><br />(-18 for losing)
|l|☆tubfrog
|player|p1|
|l|☆Megazordrainkine
|player|p2|
