|j|☆Zucar
|j|☆downtownclown
|t:|1743864497
|gametype|singles
|player|p1|Zucar|brock|1253
|player|p2|downtownclown|101|1185
|teamsize|p1|6
|teamsize|p2|6
|gen|9
|tier|[Gen 9] OU
|rated|
|rule|HP Percentage Mod: HP is shown in percentages
|rule|Endless Battle Clause: Forcing endless battles is banned
|rule|Species Clause: Limit one of each Pokémon
|rule|OHKO Clause: OHKO moves are banned
|rule|Evasion Items Clause: Evasion items are banned
|rule|Evasion Moves Clause: Evasion moves are banned
|rule|Sleep Moves Clause: Sleep-inducing moves are banned
|clearpoke
|poke|p1|Gothitelle, M|
|poke|p1|Perrserker, M|
|poke|p1|Whimsicott, M|
|poke|p1|Glastrier|
|poke|p1|Dusknoir, F|
|poke|p1|Dartrix, F|
|poke|p2|Quaquaval, F|
|poke|p2|Blastoise, F|
|poke|p2|Empoleon, M|
|poke|p2|Primarina, M|
|poke|p2|Swampert, M|
|poke|p2|Greninja-*, M|
|teampreview
|inactive|Battle timer is ON: inactive players will automatically lose when time's up. (requested by downtownclown)
|inactive|Zucar has 120 seconds left.
|
|t:|1743864544
|start
|switch|p1a: Dusknoir|Dusknoir, F, shiny|100/100
|switch|p2a: Greninja|Greninja, M|100/100
|-item|p2a: Greninja|Focus Sash|[from] ability: Frisk|[of] p1a: Dusknoir
|turn|1
|
|t:|1743864551
|move|p2a: Greninja|Surf|p1a: Dusknoir
|-damage|p1a: Dusknoir|76/100
|move|p1a: Dusknoir|Trick Room|p1a: Dusknoir
|-fieldstart|move: Trick Room|[of] p1a: Dusknoir
|
|upkeep
|turn|2
|
|t:|1743864557
|move|p1a: Dusknoir|Will-O-Wisp|p2a: Greninja
|-status|p2a: Greninja|brn
|move|p2a: Greninja|Surf|p1a: Dusknoir
|-damage|p1a: Dusknoir|51/100
|
|-damage|p2a: Greninja|95/100 brn|[from] brn
|upkeep
|turn|3
|
|t:|1743864565
|move|p1a: Dusknoir|Pain Split|p2a: Greninja
|-sethp|p2a: Greninja|73/100 brn|[from] move: Pain Split|[silent]
|-sethp|p1a: Dusknoir|71/100|[from] move: Pain Split
|move|p2a: Greninja|Surf|p1a: Dusknoir
|-damage|p1a: Dusknoir|44/100
|
|-damage|p2a: Greninja|68/100 brn|[from] brn
|upkeep
|turn|4
|
|t:|1743864587
|move|p1a: Dusknoir|Night Shade|p2a: Greninja
|-damage|p2a: Greninja|32/100 brn
|move|p2a: Greninja|Surf|p1a: Dusknoir
|-damage|p1a: Dusknoir|16/100
|
|-damage|p2a: Greninja|26/100 brn|[from] brn
|upkeep
|turn|5
|
|t:|1743864594
|move|p1a: Dusknoir|Pain Split|p2a: Greninja
|-sethp|p2a: Greninja|21/100 brn|[from] move: Pain Split|[silent]
|-sethp|p1a: Dusknoir|21/100|[from] move: Pain Split
|move|p2a: Greninja|Surf|p1a: Dusknoir
|-damage|p1a: Dusknoir|0 fnt
|faint|p1a: Dusknoir
|-ability|p2a: Greninja|Battle Bond|boost
|-boost|p2a: Greninja|atk|1
|-boost|p2a: Greninja|spa|1
|-boost|p2a: Greninja|spe|1
|-activate|p2a: Greninja|ability: Battle Bond
|
|-damage|p2a: Greninja|15/100 brn|[from] brn
|-fieldend|move: Trick Room
|upkeep
|
|t:|1743864607
|switch|p1a: Perrserker|Perrserker, M|100/100
|turn|6
|
|t:|1743864616
|move|p2a: Greninja|Surf|p1a: Perrserker
|-damage|p1a: Perrserker|9/100
|move|p1a: Perrserker|U-turn|p2a: Greninja
|-supereffective|p2a: Greninja
|-damage|p2a: Greninja|0 fnt
|faint|p2a: Greninja
|
|t:|1743864624
|switch|p1a: Whimsicott|Whimsicott, M|100/100|[from] U-turn
|
|upkeep
|
|t:|1743864630
|switch|p2a: Empoleon|Empoleon, M|100/100
|turn|7
|
|t:|1743864637
|move|p1a: Whimsicott|Protect|p1a: Whimsicott
|-singleturn|p1a: Whimsicott|Protect
|move|p2a: Empoleon|Flash Cannon|p1a: Whimsicott
|-activate|p1a: Whimsicott|move: Protect
|
|upkeep
|turn|8
|
|t:|1743864644
|move|p1a: Whimsicott|Leech Seed|p2a: Empoleon
|-start|p2a: Empoleon|move: Leech Seed
|move|p2a: Empoleon|Flash Cannon|p1a: Whimsicott
|-supereffective|p1a: Whimsicott
|-damage|p1a: Whimsicott|0 fnt
|faint|p1a: Whimsicott
|
|upkeep
|
|t:|1743864659
|switch|p1a: Gothitelle|Gothitelle, M|100/100
|turn|9
|
|t:|1743864666
|move|p1a: Gothitelle|Fake Out|p2a: Empoleon
|-resisted|p2a: Empoleon
|-damage|p2a: Empoleon|98/100
|cant|p2a: Empoleon|flinch
|
|-damage|p2a: Empoleon|85/100|[from] Leech Seed|[of] p1a: Gothitelle
|upkeep
|turn|10
|
|t:|1743864675
|move|p2a: Empoleon|Flash Cannon|p1a: Gothitelle
|-damage|p1a: Gothitelle|46/100
|move|p1a: Gothitelle|Trick Room|p1a: Gothitelle
|-fieldstart|move: Trick Room|[of] p1a: Gothitelle
|
|-heal|p1a: Gothitelle|53/100|[from] item: Leftovers
|-damage|p2a: Empoleon|73/100|[from] Leech Seed|[of] p1a: Gothitelle
|-heal|p1a: Gothitelle|66/100|[silent]
|upkeep
|turn|11
|
|t:|1743864683
|move|p1a: Gothitelle|Thunderbolt|p2a: Empoleon
|-supereffective|p2a: Empoleon
|-damage|p2a: Empoleon|25/100
|move|p2a: Empoleon|Flash Cannon|p1a: Gothitelle
|-damage|p1a: Gothitelle|14/100
|-unboost|p1a: Gothitelle|spd|1
|-ability|p1a: Gothitelle|Competitive|boost
|-boost|p1a: Gothitelle|spa|2
|
|-heal|p1a: Gothitelle|20/100|[from] item: Leftovers
|-damage|p2a: Empoleon|13/100|[from] Leech Seed|[of] p1a: Gothitelle
|-heal|p1a: Gothitelle|33/100|[silent]
|upkeep
|turn|12
|
|t:|1743864694
|move|p1a: Gothitelle|Psychic|p2a: Empoleon
|-resisted|p2a: Empoleon
|-damage|p2a: Empoleon|0 fnt
|faint|p2a: Empoleon
|
|-heal|p1a: Gothitelle|39/100|[from] item: Leftovers
|upkeep
|
|t:|1743864707
|switch|p2a: Primarina|Primarina, M|100/100
|turn|13
|
|t:|1743864714
|move|p1a: Gothitelle|Thunderbolt|p2a: Primarina
|-supereffective|p2a: Primarina
|-damage|p2a: Primarina|14/100
|move|p2a: Primarina|Hyper Voice|p1a: Gothitelle
|-damage|p1a: Gothitelle|0 fnt
|faint|p1a: Gothitelle
|-enditem|p2a: Primarina|Throat Spray
|-boost|p2a: Primarina|spa|1|[from] item: Throat Spray
|
|upkeep
|
|t:|1743864723
|switch|p1a: Glastrier|Glastrier|100/100
|turn|14
|
|t:|1743864733
|move|p1a: Glastrier|Icicle Crash|p2a: Primarina
|-resisted|p2a: Primarina
|-damage|p2a: Primarina|0 fnt
|faint|p2a: Primarina
|-ability|p1a: Glastrier|Chilling Neigh|boost
|-boost|p1a: Glastrier|atk|1
|
|-fieldend|move: Trick Room
|upkeep
|
|t:|1743864760
|switch|p2a: Quaquaval|Quaquaval, F|100/100
|turn|15
|
|t:|1743864765
|move|p2a: Quaquaval|Close Combat|p1a: Glastrier
|-supereffective|p1a: Glastrier
|-damage|p1a: Glastrier|25/100
|-unboost|p2a: Quaquaval|def|1
|-unboost|p2a: Quaquaval|spd|1
|move|p1a: Glastrier|Zen Headbutt|p2a: Quaquaval
|-supereffective|p2a: Quaquaval
|-enditem|p2a: Quaquaval|Focus Sash
|-damage|p2a: Quaquaval|1/100
|
|upkeep
|turn|16
|-enditem|p1a: Glastrier|Custap Berry|[eat]
|-activate|p1a: Glastrier|item: Custap Berry|[consumed]
|
|t:|1743864777
|move|p1a: Glastrier|Crunch|p2a: Quaquaval
|-resisted|p2a: Quaquaval
|-damage|p2a: Quaquaval|0 fnt
|faint|p2a: Quaquaval
|-ability|p1a: Glastrier|Chilling Neigh|boost
|-boost|p1a: Glastrier|atk|1
|
|upkeep
|
|t:|1743864786
|switch|p2a: Swampert|Swampert, M|100/100
|turn|17
|
|t:|1743864799
|move|p2a: Swampert|Earthquake|p1a: Glastrier
|-damage|p1a: Glastrier|0 fnt
|faint|p1a: Glastrier
|
|upkeep
|
|t:|1743864807
|switch|p1a: Dartrix|Dartrix, F|100/100
|turn|18
|
|t:|1743864814
|switch|p2a: Blastoise|Blastoise, F|100/100
|move|p1a: Dartrix|Knock Off|p2a: Blastoise
|-damage|p2a: Blastoise|79/100
|-enditem|p2a: Blastoise|White Herb|[from] move: Knock Off|[of] p1a: Dartrix
|
|upkeep
|turn|19
|
|t:|1743864824
|-terastallize|p2a: Blastoise|Poison
|move|p2a: Blastoise|Shell Smash|p2a: Blastoise
|-unboost|p2a: Blastoise|def|1
|-unboost|p2a: Blastoise|spd|1
|-boost|p2a: Blastoise|atk|2
|-boost|p2a: Blastoise|spa|2
|-boost|p2a: Blastoise|spe|2
|move|p1a: Dartrix|Brave Bird|p2a: Blastoise
|-damage|p2a: Blastoise|26/100
|-damage|p1a: Dartrix|86/100|[from] Recoil
|
|upkeep
|turn|20
|
|t:|1743864839
|-terastallize|p1a: Dartrix|Fighting
|move|p2a: Blastoise|Tera Blast|p1a: Dartrix|[anim] Tera Blast Poison
|-crit|p1a: Dartrix
|-damage|p1a: Dartrix|0 fnt
|faint|p1a: Dartrix
|
|upkeep
|
|t:|1743864846
|switch|p1a: Perrserker|Perrserker, M|9/100
|turn|21
|
|t:|1743864850
|move|p2a: Blastoise|Aura Sphere|p1a: Perrserker
|-supereffective|p1a: Perrserker
|-damage|p1a: Perrserker|0 fnt
|faint|p1a: Perrserker
|
|win|downtownclown
|raw|Zucar's rating: 1253 &rarr; <strong>1223</strong><br />(-30 for losing)
|raw|downtownclown's rating: 1185 &rarr; <strong>1215</strong><br />(+30 for winning)
|l|☆Zucar
|player|p1|
|l|☆downtownclown
|player|p2|
