|j|☆cuervotesteador
|j|☆Lilacq
|t:|1743873331
|gametype|singles
|player|p1|cuervotesteador|102|1365
|player|p2|Lilacq|shauntal|1450
|teamsize|p1|6
|teamsize|p2|6
|gen|9
|tier|[Gen 9] OU
|rated|
|rule|HP Percentage Mod: HP is shown in percentages
|rule|Endless Battle Clause: Forcing endless battles is banned
|rule|Species Clause: Limit one of each Pokémon
|rule|OHKO Clause: OHKO moves are banned
|rule|Evasion Items Clause: Evasion items are banned
|rule|Evasion Moves Clause: Evasion moves are banned
|rule|Sleep Moves Clause: Sleep-inducing moves are banned
|clearpoke
|poke|p1|Hitmonchan, M|
|poke|p1|Moltres|
|poke|p1|Frosmoth, M|
|poke|p1|Iron Crown|
|poke|p1|Landorus-Therian, M|
|poke|p1|Ogerpon-Wellspring, F|
|poke|p2|Dragapult, F|
|poke|p2|Gengar, M|
|poke|p2|Pecharunt|
|poke|p2|Ceruledge, F|
|poke|p2|Sinistcha-Masterpiece|
|poke|p2|Gholdengo|
|teampreview
|inactive|Battle timer is ON: inactive players will automatically lose when time's up. (requested by Lilacq)
|
|t:|1743873370
|start
|switch|p1a: Landorus|Landorus-Therian, M|100/100
|switch|p2a: Gengar|Gengar, M|100/100
|-ability|p1a: Landorus|Intimidate|boost
|-unboost|p2a: Gengar|atk|1
|turn|1
|
|t:|1743873379
|move|p1a: Landorus|U-turn|p2a: Gengar
|-resisted|p2a: Gengar
|-damage|p2a: Gengar|88/100
|
|t:|1743873386
|switch|p1a: Frosmoth|Frosmoth, M|100/100|[from] U-turn
|move|p2a: Gengar|Nasty Plot|p2a: Gengar
|-boost|p2a: Gengar|spa|2
|
|upkeep
|turn|2
|
|t:|1743873395
|move|p2a: Gengar|Sludge Wave|p1a: Frosmoth
|-damage|p1a: Frosmoth|64/100
|move|p1a: Frosmoth|Quiver Dance|p1a: Frosmoth
|-boost|p1a: Frosmoth|spa|1
|-boost|p1a: Frosmoth|spd|1
|-boost|p1a: Frosmoth|spe|1
|
|upkeep
|turn|3
|
|t:|1743873401
|switch|p2a: Ceruledge|Ceruledge, F|100/100
|move|p1a: Frosmoth|Quiver Dance|p1a: Frosmoth
|-boost|p1a: Frosmoth|spa|1
|-boost|p1a: Frosmoth|spd|1
|-boost|p1a: Frosmoth|spe|1
|
|upkeep
|turn|4
|
|t:|1743873408
|move|p1a: Frosmoth|Ice Beam|p2a: Ceruledge
|-resisted|p2a: Ceruledge
|-damage|p2a: Ceruledge|59/100
|move|p2a: Ceruledge|Bitter Blade|p1a: Frosmoth
|-supereffective|p1a: Frosmoth
|-damage|p1a: Frosmoth|0 fnt
|-heal|p2a: Ceruledge|96/100|[from] drain|[of] p1a: Frosmoth
|faint|p1a: Frosmoth
|
|upkeep
|
|t:|1743873418
|switch|p1a: Landorus|Landorus-Therian, M|100/100
|-ability|p1a: Landorus|Intimidate|boost
|-unboost|p2a: Ceruledge|atk|1
|turn|5
|
|t:|1743873423
|switch|p2a: Gengar|Gengar, M|88/100
|-terastallize|p1a: Landorus|Flying
|move|p1a: Landorus|Tera Blast|p2a: Gengar|[anim] Tera Blast Flying
|-damage|p2a: Gengar|0 fnt
|faint|p2a: Gengar
|
|upkeep
|
|t:|1743873432
|switch|p2a: Pecharunt|Pecharunt|100/100
|-item|p2a: Pecharunt|Air Balloon
|turn|6
|
|t:|1743873436
|switch|p1a: Iron Crown|Iron Crown|100/100
|move|p2a: Pecharunt|Parting Shot|p1a: Iron Crown
|-unboost|p1a: Iron Crown|atk|1
|-unboost|p1a: Iron Crown|spa|1
|
|t:|1743873441
|switch|p2a: Gholdengo|Gholdengo|100/100|[from] Parting Shot
|-item|p2a: Gholdengo|Air Balloon
|
|upkeep
|turn|7
|
|t:|1743873446
|move|p1a: Iron Crown|Volt Switch|p2a: Gholdengo
|-damage|p2a: Gholdengo|83/100
|-enditem|p2a: Gholdengo|Air Balloon
|
|t:|1743873451
|-end|p1a: Iron Crown|Quark Drive|[silent]
|switch|p1a: Ogerpon|Ogerpon-Wellspring, F|100/100|[from] Volt Switch
|move|p2a: Gholdengo|Nasty Plot|p2a: Gholdengo
|-boost|p2a: Gholdengo|spa|2
|
|upkeep
|turn|8
|
|t:|1743873456
|move|p1a: Ogerpon|Ivy Cudgel|p2a: Gholdengo|[anim] Ivy Cudgel Water
|-crit|p2a: Gholdengo
|-damage|p2a: Gholdengo|0 fnt
|faint|p2a: Gholdengo
|
|upkeep
|
|t:|1743873459
|switch|p2a: Dragapult|Dragapult, F|100/100
|turn|9
|
|t:|1743873463
|switch|p1a: Moltres|Moltres|100/100
|move|p2a: Dragapult|Dragon Dance|p2a: Dragapult
|-boost|p2a: Dragapult|atk|1
|-boost|p2a: Dragapult|spe|1
|
|upkeep
|turn|10
|
|t:|1743873469
|-terastallize|p2a: Dragapult|Fire
|move|p2a: Dragapult|Dragon Darts|p1a: Moltres
|-damage|p1a: Moltres|73/100
|-anim|p2a: Dragapult|Dragon Darts|p1a: Moltres
|-damage|p1a: Moltres|45/100
|move|p1a: Moltres|Roar|p2a: Dragapult
|drag|p2a: Ceruledge|Ceruledge, F|96/100
|
|upkeep
|turn|11
|
|t:|1743873478
|move|p2a: Ceruledge|Swords Dance|p2a: Ceruledge
|-boost|p2a: Ceruledge|atk|2
|move|p1a: Moltres|Roost|p1a: Moltres
|-heal|p1a: Moltres|96/100
|-singleturn|p1a: Moltres|move: Roost
|
|upkeep
|turn|12
|
|t:|1743873485
|move|p2a: Ceruledge|Swords Dance|p2a: Ceruledge
|-boost|p2a: Ceruledge|atk|2
|move|p1a: Moltres|Roar|p2a: Ceruledge
|drag|p2a: Sinistcha|Sinistcha-Masterpiece|100/100
|
|upkeep
|turn|13
|
|t:|1743873491
|move|p1a: Moltres|U-turn|p2a: Sinistcha
|-damage|p2a: Sinistcha|91/100
|
|t:|1743873496
|switch|p1a: Landorus|Landorus-Therian, M, tera:Flying|100/100|[from] U-turn
|-ability|p1a: Landorus|Intimidate|boost
|-unboost|p2a: Sinistcha|atk|1
|move|p2a: Sinistcha|Shadow Ball|p1a: Landorus
|-damage|p1a: Landorus|57/100
|
|-heal|p2a: Sinistcha|97/100|[from] item: Leftovers
|upkeep
|turn|14
|
|t:|1743873505
|move|p1a: Landorus|U-turn|p2a: Sinistcha
|-damage|p2a: Sinistcha|79/100
|
|t:|1743873516
|switch|p1a: Moltres|Moltres|96/100|[from] U-turn
|move|p2a: Sinistcha|Strength Sap|p1a: Moltres
|-unboost|p1a: Moltres|atk|1
|-heal|p2a: Sinistcha|100/100
|
|upkeep
|turn|15
|
|t:|1743873524
|move|p1a: Moltres|U-turn|p2a: Sinistcha
|-damage|p2a: Sinistcha|93/100
|
|t:|1743873531
|switch|p1a: Hitmonchan|Hitmonchan, M|100/100|[from] U-turn
|move|p2a: Sinistcha|Calm Mind|p2a: Sinistcha
|-boost|p2a: Sinistcha|spa|1
|-boost|p2a: Sinistcha|spd|1
|
|-heal|p2a: Sinistcha|99/100|[from] item: Leftovers
|upkeep
|turn|16
|
|t:|1743873539
|move|p1a: Hitmonchan|Knock Off|p2a: Sinistcha
|-supereffective|p2a: Sinistcha
|-damage|p2a: Sinistcha|57/100
|-enditem|p2a: Sinistcha|Leftovers|[from] move: Knock Off|[of] p1a: Hitmonchan
|move|p2a: Sinistcha|Calm Mind|p2a: Sinistcha
|-boost|p2a: Sinistcha|spa|1
|-boost|p2a: Sinistcha|spd|1
|
|upkeep
|turn|17
|
|t:|1743873546
|switch|p1a: Ogerpon|Ogerpon-Wellspring, F|100/100
|move|p2a: Sinistcha|Matcha Gotcha|p1a: Ogerpon|[miss]
|-miss|p2a: Sinistcha|p1a: Ogerpon
|
|upkeep
|turn|18
|
|t:|1743873553
|move|p1a: Ogerpon|Taunt|p2a: Sinistcha
|-start|p2a: Sinistcha|move: Taunt
|cant|p2a: Sinistcha|move: Taunt|Strength Sap
|
|upkeep
|turn|19
|
|t:|1743873557
|move|p1a: Ogerpon|Swords Dance|p1a: Ogerpon
|-boost|p1a: Ogerpon|atk|2
|move|p2a: Sinistcha|Matcha Gotcha|p1a: Ogerpon
|-damage|p1a: Ogerpon|28/100
|-heal|p2a: Sinistcha|88/100|[from] drain|[of] p1a: Ogerpon
|
|upkeep
|turn|20
|
|t:|1743873565
|move|p1a: Ogerpon|Ivy Cudgel|p2a: Sinistcha|[anim] Ivy Cudgel Water
|-resisted|p2a: Sinistcha
|-damage|p2a: Sinistcha|48/100
|move|p2a: Sinistcha|Matcha Gotcha|p1a: Ogerpon
|-damage|p1a: Ogerpon|0 fnt
|-heal|p2a: Sinistcha|59/100|[from] drain|[of] p1a: Ogerpon
|faint|p1a: Ogerpon
|
|-end|p2a: Sinistcha|move: Taunt
|upkeep
|
|t:|1743873576
|switch|p1a: Landorus|Landorus-Therian, M, tera:Flying|57/100
|-ability|p1a: Landorus|Intimidate|boost
|-unboost|p2a: Sinistcha|atk|1
|turn|21
|
|t:|1743873586
|move|p1a: Landorus|Tera Blast|p2a: Sinistcha|[anim] Tera Blast Flying
|-supereffective|p2a: Sinistcha
|-damage|p2a: Sinistcha|0 fnt
|faint|p2a: Sinistcha
|
|upkeep
|
|t:|1743873591
|switch|p2a: Pecharunt|Pecharunt|100/100
|-item|p2a: Pecharunt|Air Balloon
|turn|22
|
|t:|1743873595
|switch|p1a: Moltres|Moltres|96/100
|move|p2a: Pecharunt|Parting Shot|p1a: Moltres
|-unboost|p1a: Moltres|atk|1
|-unboost|p1a: Moltres|spa|1
|
|t:|1743873598
|switch|p2a: Ceruledge|Ceruledge, F|96/100|[from] Parting Shot
|
|upkeep
|turn|23
|
|t:|1743873603
|move|p2a: Ceruledge|Swords Dance|p2a: Ceruledge
|-boost|p2a: Ceruledge|atk|2
|move|p1a: Moltres|Roar|p2a: Ceruledge
|drag|p2a: Dragapult|Dragapult, F, tera:Fire|100/100
|
|upkeep
|turn|24
|
|t:|1743873609
|move|p2a: Dragapult|Dragon Dance|p2a: Dragapult
|-boost|p2a: Dragapult|atk|1
|-boost|p2a: Dragapult|spe|1
|move|p1a: Moltres|Roar|p2a: Dragapult
|drag|p2a: Ceruledge|Ceruledge, F|96/100
|
|upkeep
|turn|25
|
|t:|1743873616
|move|p2a: Ceruledge|Swords Dance|p2a: Ceruledge
|-boost|p2a: Ceruledge|atk|2
|move|p1a: Moltres|Roar|p2a: Ceruledge
|drag|p2a: Pecharunt|Pecharunt|100/100
|-item|p2a: Pecharunt|Air Balloon
|
|upkeep
|turn|26
|l|☆Lilacq
|inactive|Lilacq disconnected and has a minute to reconnect!
|player|p2|
|inactive|Lilacq has 30 seconds to reconnect!
|inactive|Lilacq has 20 seconds to reconnect!
|inactive|Lilacq has 15 seconds to reconnect!
|inactive|Lilacq has 10 seconds to reconnect!
|inactive|Lilacq has 5 seconds to reconnect!
|-message|Lilacq lost due to inactivity.
|
|win|cuervotesteador
|raw|cuervotesteador's rating: 1365 &rarr; <strong>1390</strong><br />(+25 for winning)
|raw|Lilacq's rating: 1450 &rarr; <strong>1425</strong><br />(-25 for losing)
|l|☆cuervotesteador
|player|p1|
