|j|☆EdsonFCB
|j|☆EywaOW
|t:|1743826547
|gametype|singles
|player|p1|EdsonFCB|2|1061
|player|p2|EywaOW|roxie|1088
|teamsize|p1|6
|teamsize|p2|6
|gen|9
|tier|[Gen 9] OU
|rated|
|rule|HP Percentage Mod: HP is shown in percentages
|rule|Endless Battle Clause: Forcing endless battles is banned
|rule|Species Clause: Limit one of each Pokémon
|rule|OHKO Clause: OHKO moves are banned
|rule|Evasion Items Clause: Evasion items are banned
|rule|Evasion Moves Clause: Evasion moves are banned
|rule|Sleep Moves Clause: Sleep-inducing moves are banned
|clearpoke
|poke|p1|Ogerpon-Wellspring, F|
|poke|p1|Great Tusk|
|poke|p1|Enamorus, F|
|poke|p1|Kingambit, M|
|poke|p1|Slowking-Galar, M|
|poke|p1|Dragapult, F|
|poke|p2|Walking Wake|
|poke|p2|Duraludon, M|
|poke|p2|Donphan, F|
|poke|p2|Gliscor, M|
|poke|p2|Thundurus-Therian, M|
|poke|p2|Vileplume, F|
|teampreview
|inactive|Battle timer is ON: inactive players will automatically lose when time's up. (requested by EywaOW)
|
|t:|1743826556
|start
|switch|p1a: Tuskuthy|Great Tusk|100/100
|switch|p2a: Walking Wake|Walking Wake|100/100
|-enditem|p2a: Walking Wake|Booster Energy
|-activate|p2a: Walking Wake|ability: Protosynthesis|[fromitem]
|-start|p2a: Walking Wake|protosynthesisspa
|turn|1
|
|t:|1743826570
|-terastallize|p1a: Tuskuthy|Water
|move|p2a: Walking Wake|Surf|p1a: Tuskuthy
|-resisted|p1a: Tuskuthy
|-damage|p1a: Tuskuthy|54/100
|move|p1a: Tuskuthy|Stealth Rock|p2a: Walking Wake
|-sidestart|p2: EywaOW|move: Stealth Rock
|
|-heal|p1a: Tuskuthy|61/100|[from] item: Leftovers
|upkeep
|turn|2
|
|t:|1743826577
|move|p2a: Walking Wake|Dragon Pulse|p1a: Tuskuthy
|-damage|p1a: Tuskuthy|0 fnt
|faint|p1a: Tuskuthy
|-end|p1a: Tuskuthy|Protosynthesis|[silent]
|
|upkeep
|
|t:|1743826586
|switch|p1a: Hades|Dragapult, F|100/100
|turn|3
|
|t:|1743826589
|move|p1a: Hades|Dragon Darts|p2a: Walking Wake
|-supereffective|p2a: Walking Wake
|-damage|p2a: Walking Wake|49/100
|-anim|p1a: Hades|Dragon Darts|p2a: Walking Wake
|-supereffective|p2a: Walking Wake
|-damage|p2a: Walking Wake|1/100
|move|p2a: Walking Wake|Dragon Pulse|p1a: Hades
|-supereffective|p1a: Hades
|-damage|p1a: Hades|0 fnt
|faint|p1a: Hades
|
|upkeep
|
|t:|1743826598
|switch|p1a: Enamorus|Enamorus, F|100/100
|turn|4
|
|t:|1743826602
|move|p1a: Enamorus|Moonblast|p2a: Walking Wake
|-supereffective|p2a: Walking Wake
|-damage|p2a: Walking Wake|0 fnt
|faint|p2a: Walking Wake
|-end|p2a: Walking Wake|Protosynthesis|[silent]
|
|upkeep
|
|t:|1743826607
|switch|p2a: Donphan|Donphan, F|100/100
|turn|5
|
|t:|1743826612
|move|p1a: Enamorus|Moonblast|p2a: Donphan
|-ability|p2a: Donphan|Sturdy
|-damage|p2a: Donphan|1/100
|move|p2a: Donphan|Rapid Spin|p1a: Enamorus
|-damage|p1a: Enamorus|70/100
|-boost|p2a: Donphan|spe|1
|-sideend|p2: EywaOW|Stealth Rock|[from] move: Rapid Spin|[of] p2a: Donphan
|
|upkeep
|turn|6
|
|t:|1743826620
|move|p2a: Donphan|Ice Shard|p1a: Enamorus
|-supereffective|p1a: Enamorus
|-damage|p1a: Enamorus|24/100
|move|p1a: Enamorus|Moonblast|p2a: Donphan
|-damage|p2a: Donphan|0 fnt
|faint|p2a: Donphan
|
|upkeep
|
|t:|1743826627
|switch|p2a: Thundurus|Thundurus-Therian, M|100/100
|turn|7
|
|t:|1743826636
|switch|p1a: Slowking|Slowking-Galar, M|100/100
|move|p2a: Thundurus|Volt Switch|p1a: Slowking
|-crit|p1a: Slowking
|-damage|p1a: Slowking|71/100
|
|t:|1743826641
|switch|p2a: Gliscor|Gliscor, M|100/100|[from] Volt Switch
|
|-status|p2a: Gliscor|tox|[from] item: Toxic Orb
|upkeep
|turn|8
|
|t:|1743826649
|move|p2a: Gliscor|Earthquake|p1a: Slowking
|-supereffective|p1a: Slowking
|-crit|p1a: Slowking
|-damage|p1a: Slowking|0 fnt
|faint|p1a: Slowking
|
|upkeep
|
|t:|1743826654
|switch|p1a: Ogerpon|Ogerpon-Wellspring, F|100/100
|turn|9
|
|t:|1743826660
|move|p1a: Ogerpon|Ivy Cudgel|p2a: Gliscor|[anim] Ivy Cudgel Water
|-supereffective|p2a: Gliscor
|-damage|p2a: Gliscor|0 fnt
|faint|p2a: Gliscor
|
|upkeep
|
|t:|1743826665
|switch|p2a: Vileplume|Vileplume, F|100/100
|turn|10
|
|t:|1743826672
|move|p1a: Ogerpon|Trailblaze|p2a: Vileplume
|-resisted|p2a: Vileplume
|-damage|p2a: Vileplume|91/100
|-boost|p1a: Ogerpon|spe|1
|move|p2a: Vileplume|Sludge Wave|p1a: Ogerpon
|-supereffective|p1a: Ogerpon
|-damage|p1a: Ogerpon|0 fnt
|faint|p1a: Ogerpon
|
|upkeep
|
|t:|1743826678
|switch|p1a: Erebus|Kingambit, M|100/100
|-activate|p1a: Erebus|ability: Supreme Overlord
|-start|p1a: Erebus|fallen4|[silent]
|turn|11
|
|t:|1743826683
|move|p2a: Vileplume|Leech Seed|p1a: Erebus|[miss]
|-miss|p2a: Vileplume|p1a: Erebus
|move|p1a: Erebus|Swords Dance|p1a: Erebus
|-boost|p1a: Erebus|atk|2
|
|upkeep
|turn|12
|
|t:|1743826688
|move|p2a: Vileplume|Leech Seed|p1a: Erebus
|-start|p1a: Erebus|move: Leech Seed
|move|p1a: Erebus|Swords Dance|p1a: Erebus
|-boost|p1a: Erebus|atk|2
|
|-damage|p1a: Erebus|88/100|[from] Leech Seed|[of] p2a: Vileplume
|-heal|p2a: Vileplume|100/100|[silent]
|upkeep
|turn|13
|
|t:|1743826696
|move|p2a: Vileplume|Strength Sap|p1a: Erebus
|-unboost|p1a: Erebus|atk|1
|move|p1a: Erebus|Kowtow Cleave|p2a: Vileplume
|-damage|p2a: Vileplume|0 fnt
|faint|p2a: Vileplume
|
|-heal|p1a: Erebus|94/100|[from] item: Leftovers
|upkeep
|
|t:|1743826706
|switch|p2a: Thundurus|Thundurus-Therian, M|100/100
|turn|14
|
|t:|1743826711
|move|p1a: Erebus|Sucker Punch|p2a: Thundurus
|-damage|p2a: Thundurus|0 fnt
|faint|p2a: Thundurus
|
|-heal|p1a: Erebus|100/100|[from] item: Leftovers
|upkeep
|
|t:|1743826716
|switch|p2a: Duraludon|Duraludon, M, shiny|100/100
|turn|15
|
|t:|1743826721
|move|p1a: Erebus|Sucker Punch||[still]
|-fail|p1a: Erebus
|move|p2a: Duraludon|Thunder Wave|p1a: Erebus
|-status|p1a: Erebus|par
|
|-damage|p1a: Erebus|88/100 par|[from] Leech Seed|[of] p2a: Duraludon
|upkeep
|turn|16
|
|t:|1743826730
|cant|p1a: Erebus|par
|move|p2a: Duraludon|Dragon Pulse|p1a: Erebus
|-resisted|p1a: Erebus
|-damage|p1a: Erebus|70/100 par
|
|-heal|p1a: Erebus|76/100 par|[from] item: Leftovers
|-damage|p1a: Erebus|64/100 par|[from] Leech Seed|[of] p2a: Duraludon
|upkeep
|turn|17
|
|t:|1743826742
|cant|p1a: Erebus|par
|move|p2a: Duraludon|Dragon Pulse|p1a: Erebus
|-resisted|p1a: Erebus
|-damage|p1a: Erebus|45/100 par
|
|-heal|p1a: Erebus|51/100 par|[from] item: Leftovers
|-damage|p1a: Erebus|39/100 par|[from] Leech Seed|[of] p2a: Duraludon
|upkeep
|turn|18
|
|t:|1743826751
|cant|p1a: Erebus|par
|move|p2a: Duraludon|Dragon Pulse|p1a: Erebus
|-resisted|p1a: Erebus
|-damage|p1a: Erebus|22/100 par
|
|-heal|p1a: Erebus|28/100 par|[from] item: Leftovers
|-damage|p1a: Erebus|15/100 par|[from] Leech Seed|[of] p2a: Duraludon
|upkeep
|turn|19
|
|t:|1743826759
|cant|p1a: Erebus|par
|move|p2a: Duraludon|Dragon Pulse|p1a: Erebus
|-resisted|p1a: Erebus
|-damage|p1a: Erebus|0 fnt
|faint|p1a: Erebus
|-end|p1a: Erebus|fallen4|[silent]
|
|upkeep
|c|☆EdsonFCB|my luck is fucked up
|c|☆EywaOW|fr that was rough
|
|t:|1743826775
|switch|p1a: Enamorus|Enamorus, F|24/100
|turn|20
|
|t:|1743826780
|-terastallize|p2a: Duraludon|Steel
|move|p1a: Enamorus|Mystical Fire|p2a: Duraludon
|-supereffective|p2a: Duraludon
|-damage|p2a: Duraludon|5/100
|-unboost|p2a: Duraludon|spa|1
|move|p2a: Duraludon|Flash Cannon|p1a: Enamorus
|-supereffective|p1a: Enamorus
|-damage|p1a: Enamorus|0 fnt
|faint|p1a: Enamorus
|
|win|EywaOW
|raw|EdsonFCB's rating: 1061 &rarr; <strong>1043</strong><br />(-18 for losing)
|raw|EywaOW's rating: 1088 &rarr; <strong>1113</strong><br />(+25 for winning)
|c|☆EywaOW|gg
|l|☆EywaOW
|player|p2|
|l|☆EdsonFCB
|player|p1|
