|j|☆PinkPanther080129
|j|☆ramyree
|t:|1743881191
|gametype|singles
|player|p1|PinkPanther080129|palmer|1713
|player|p2|ramyree|benga|1665
|teamsize|p1|6
|teamsize|p2|6
|gen|9
|tier|[Gen 9] OU
|rated|
|rule|HP Percentage Mod: HP is shown in percentages
|rule|Endless Battle Clause: Forcing endless battles is banned
|rule|Species Clause: Limit one of each Pokémon
|rule|OHKO Clause: OHKO moves are banned
|rule|Evasion Items Clause: Evasion items are banned
|rule|Evasion Moves Clause: Evasion moves are banned
|rule|Sleep Moves Clause: Sleep-inducing moves are banned
|clearpoke
|poke|p1|Slowking-Galar, M|
|poke|p1|Corviknight, F|
|poke|p1|Ting-Lu|
|poke|p1|Iron Valiant|
|poke|p1|Dragapult, M|
|poke|p1|Kingambit, F|
|poke|p2|Iron Valiant|
|poke|p2|Kingambit, F|
|poke|p2|Iron Moth|
|poke|p2|Iron Boulder|
|poke|p2|Great Tusk|
|poke|p2|Samurott-Hisui, M|
|teampreview
|inactive|Battle timer is ON: inactive players will automatically lose when time's up. (requested by PinkPanther080129)
|inactive|ramyree has 120 seconds left.
|inactive|ramyree has 90 seconds left.
|inactive|ramyree has 60 seconds left.
|
|t:|1743881281
|start
|switch|p1a: Corviknight|Corviknight, F, shiny|100/100
|switch|p2a: Samurott|Samurott-Hisui, M|100/100
|-ability|p1a: Corviknight|Pressure
|turn|1
|inactive|ramyree has 120 seconds left.
|
|t:|1743881291
|switch|p2a: Iron Valiant|Iron Valiant|100/100
|move|p1a: Corviknight|U-turn|p2a: Iron Valiant
|-resisted|p2a: Iron Valiant
|-damage|p2a: Iron Valiant|96/100
|
|t:|1743881296
|switch|p1a: Slowking|Slowking-Galar, M|100/100|[from] U-turn
|
|upkeep
|turn|2
|
|t:|1743881321
|move|p2a: Iron Valiant|Destiny Bond|p2a: Iron Valiant
|-singlemove|p2a: Iron Valiant|Destiny Bond
|-prepare|p1a: Slowking|Chilly Reception|[premajor]
|move|p1a: Slowking|Chilly Reception|p1a: Slowking
|-weather|Snowscape
|
|t:|1743881328
|switch|p1a: Corviknight|Corviknight, F, shiny|100/100|[from] Chilly Reception
|-ability|p1a: Corviknight|Pressure
|
|-weather|Snowscape|[upkeep]
|upkeep
|turn|3
|
|t:|1743881343
|-end|p2a: Iron Valiant|Quark Drive|[silent]
|switch|p2a: Iron Moth|Iron Moth|100/100
|-item|p2a: Iron Moth|Air Balloon
|move|p1a: Corviknight|U-turn|p2a: Iron Moth
|-resisted|p2a: Iron Moth
|-damage|p2a: Iron Moth|95/100
|-enditem|p2a: Iron Moth|Air Balloon
|
|t:|1743881346
|switch|p1a: Ting-Lu|Ting-Lu|100/100|[from] U-turn
|-ability|p1a: Ting-Lu|Vessel of Ruin
|
|-weather|Snowscape|[upkeep]
|upkeep
|turn|4
|
|t:|1743881359
|-end|p2a: Iron Moth|Quark Drive|[silent]
|switch|p2a: Samurott|Samurott-Hisui, M|100/100
|move|p1a: Ting-Lu|Earthquake|p2a: Samurott
|-damage|p2a: Samurott|59/100
|
|-weather|Snowscape|[upkeep]
|upkeep
|turn|5
|
|t:|1743881369
|switch|p1a: Corviknight|Corviknight, F, shiny|100/100
|-ability|p1a: Corviknight|Pressure
|move|p2a: Samurott|Ceaseless Edge|p1a: Corviknight
|-damage|p1a: Corviknight|73/100
|-damage|p2a: Samurott|43/100|[from] item: Rocky Helmet|[of] p1a: Corviknight
|-sidestart|p1: PinkPanther080129|Spikes
|
|-weather|Snowscape|[upkeep]
|upkeep
|turn|6
|
|t:|1743881375
|switch|p2a: Iron Valiant|Iron Valiant|96/100
|move|p1a: Corviknight|Roost|p1a: Corviknight
|-heal|p1a: Corviknight|100/100
|-singleturn|p1a: Corviknight|move: Roost
|
|-weather|none
|upkeep
|turn|7
|
|t:|1743881379
|move|p2a: Iron Valiant|Knock Off|p1a: Corviknight
|-damage|p1a: Corviknight|85/100
|-damage|p2a: Iron Valiant|79/100|[from] item: Rocky Helmet|[of] p1a: Corviknight
|-enditem|p1a: Corviknight|Rocky Helmet|[from] move: Knock Off|[of] p2a: Iron Valiant
|move|p1a: Corviknight|Brave Bird|p2a: Iron Valiant
|-supereffective|p2a: Iron Valiant
|-damage|p2a: Iron Valiant|0 fnt
|faint|p2a: Iron Valiant
|-end|p2a: Iron Valiant|Quark Drive|[silent]
|-damage|p1a: Corviknight|66/100|[from] Recoil
|
|upkeep
|
|t:|1743881383
|switch|p2a: Iron Moth|Iron Moth|95/100
|turn|8
|
|t:|1743881387
|switch|p1a: Ting-Lu|Ting-Lu|100/100
|-damage|p1a: Ting-Lu|88/100|[from] Spikes
|-ability|p1a: Ting-Lu|Vessel of Ruin
|move|p2a: Iron Moth|Fiery Dance|p1a: Ting-Lu
|-damage|p1a: Ting-Lu|68/100
|-boost|p2a: Iron Moth|spa|1
|
|-heal|p1a: Ting-Lu|74/100|[from] item: Leftovers
|upkeep
|turn|9
|
|t:|1743881400
|-end|p2a: Iron Moth|Quark Drive|[silent]
|switch|p2a: Kingambit|Kingambit, F|100/100
|-activate|p2a: Kingambit|ability: Supreme Overlord
|-start|p2a: Kingambit|fallen1|[silent]
|-item|p2a: Kingambit|Air Balloon
|move|p1a: Ting-Lu|Earthquake|p2a: Kingambit
|-immune|p2a: Kingambit
|
|-heal|p1a: Ting-Lu|80/100|[from] item: Leftovers
|upkeep
|turn|10
|
|t:|1743881405
|move|p2a: Kingambit|Swords Dance|p2a: Kingambit
|-boost|p2a: Kingambit|atk|2
|move|p1a: Ting-Lu|Ruination|p2a: Kingambit
|-damage|p2a: Kingambit|50/100
|-enditem|p2a: Kingambit|Air Balloon
|
|-heal|p1a: Ting-Lu|87/100|[from] item: Leftovers
|upkeep
|turn|11
|
|t:|1743881432
|switch|p1a: Slowking|Slowking-Galar, M|100/100
|-terastallize|p2a: Kingambit|Flying
|move|p2a: Kingambit|Swords Dance|p2a: Kingambit
|-boost|p2a: Kingambit|atk|2
|
|upkeep
|turn|12
|inactive|PinkPanther080129 has 120 seconds left.
|
|t:|1743881463
|move|p2a: Kingambit|Iron Head|p1a: Slowking
|-damage|p1a: Slowking|0 fnt
|faint|p1a: Slowking
|
|upkeep
|
|t:|1743881475
|switch|p1a: Kingambit|Kingambit, F, shiny|100/100
|-damage|p1a: Kingambit|88/100|[from] Spikes
|-activate|p1a: Kingambit|ability: Supreme Overlord
|-start|p1a: Kingambit|fallen1|[silent]
|turn|13
|
|t:|1743881485
|move|p2a: Kingambit|Tera Blast|p1a: Kingambit|[anim] Tera Blast Flying
|-resisted|p1a: Kingambit
|-damage|p1a: Kingambit|29/100
|move|p1a: Kingambit|Kowtow Cleave|p2a: Kingambit
|-damage|p2a: Kingambit|10/100
|
|-heal|p1a: Kingambit|36/100|[from] item: Leftovers
|upkeep
|turn|14
|inactive|PinkPanther080129 has 90 seconds left.
|
|t:|1743881518
|move|p2a: Kingambit|Sucker Punch|p1a: Kingambit
|-resisted|p1a: Kingambit
|-damage|p1a: Kingambit|0 fnt
|faint|p1a: Kingambit
|-end|p1a: Kingambit|fallen1|[silent]
|
|upkeep
|
|t:|1743881520
|switch|p1a: Iron Valiant|Iron Valiant|100/100
|-damage|p1a: Iron Valiant|88/100|[from] Spikes
|turn|15
|inactive|ramyree has 120 seconds left.
|
|t:|1743881556
|move|p1a: Iron Valiant|Vacuum Wave|p2a: Kingambit
|-resisted|p2a: Kingambit
|-damage|p2a: Kingambit|0 fnt
|faint|p2a: Kingambit
|-end|p2a: Kingambit|fallen1|[silent]
|-damage|p1a: Iron Valiant|78/100|[from] item: Life Orb
|
|upkeep
|
|t:|1743881565
|switch|p2a: Iron Moth|Iron Moth|95/100
|turn|16
|inactive|ramyree has 120 seconds left.
|
|t:|1743881572
|-end|p1a: Iron Valiant|Quark Drive|[silent]
|switch|p1a: Ting-Lu|Ting-Lu|87/100
|-damage|p1a: Ting-Lu|74/100|[from] Spikes
|-ability|p1a: Ting-Lu|Vessel of Ruin
|move|p2a: Iron Moth|Toxic Spikes|p1a: Ting-Lu
|-sidestart|p1: PinkPanther080129|move: Toxic Spikes
|
|-heal|p1a: Ting-Lu|80/100|[from] item: Leftovers
|upkeep
|turn|17
|inactive|PinkPanther080129 has 120 seconds left.
|inactive|ramyree has 120 seconds left.
|
|t:|1743881593
|-end|p2a: Iron Moth|Quark Drive|[silent]
|switch|p2a: Samurott|Samurott-Hisui, M|43/100
|move|p1a: Ting-Lu|Earthquake|p2a: Samurott
|-damage|p2a: Samurott|4/100
|
|-heal|p1a: Ting-Lu|87/100|[from] item: Leftovers
|upkeep
|turn|18
|inactive|PinkPanther080129 has 90 seconds left.
|
|t:|1743881633
|switch|p1a: Corviknight|Corviknight, F, shiny|66/100
|-ability|p1a: Corviknight|Pressure
|move|p2a: Samurott|Razor Shell|p1a: Corviknight
|-damage|p1a: Corviknight|35/100
|
|upkeep
|turn|19
|
|t:|1743881652
|switch|p2a: Iron Moth|Iron Moth|95/100
|move|p1a: Corviknight|Roost|p1a: Corviknight
|-heal|p1a: Corviknight|85/100
|-singleturn|p1a: Corviknight|move: Roost
|
|upkeep
|turn|20
|
|t:|1743881664
|switch|p1a: Ting-Lu|Ting-Lu|87/100
|-damage|p1a: Ting-Lu|74/100|[from] Spikes
|-status|p1a: Ting-Lu|psn
|-ability|p1a: Ting-Lu|Vessel of Ruin
|move|p2a: Iron Moth|Fiery Dance|p1a: Ting-Lu
|-damage|p1a: Ting-Lu|54/100 psn
|-boost|p2a: Iron Moth|spa|1
|
|-heal|p1a: Ting-Lu|60/100 psn|[from] item: Leftovers
|-damage|p1a: Ting-Lu|48/100 psn|[from] psn
|upkeep
|turn|21
|inactive|PinkPanther080129 has 90 seconds left.
|inactive|ramyree has 120 seconds left.
|inactive|ramyree has 90 seconds left.
|j| dilf huntr
|inactive|ramyree has 60 seconds left.
|
|t:|1743881755
|-end|p2a: Iron Moth|Quark Drive|[silent]
|switch|p2a: Great Tusk|Great Tusk|100/100
|-enditem|p2a: Great Tusk|Booster Energy
|-activate|p2a: Great Tusk|ability: Protosynthesis|[fromitem]
|-start|p2a: Great Tusk|protosynthesisatk
|move|p1a: Ting-Lu|Earthquake|p2a: Great Tusk
|-crit|p2a: Great Tusk
|-damage|p2a: Great Tusk|61/100
|
|-heal|p1a: Ting-Lu|54/100 psn|[from] item: Leftovers
|-damage|p1a: Ting-Lu|41/100 psn|[from] psn
|upkeep
|turn|22
|inactive|PinkPanther080129 has 90 seconds left.
|
|t:|1743881775
|move|p2a: Great Tusk|Rapid Spin|p1a: Ting-Lu
|-damage|p1a: Ting-Lu|26/100 psn
|-boost|p2a: Great Tusk|spe|1
|move|p1a: Ting-Lu|Ruination|p2a: Great Tusk|[miss]
|-miss|p1a: Ting-Lu|p2a: Great Tusk
|
|-heal|p1a: Ting-Lu|33/100 psn|[from] item: Leftovers
|-damage|p1a: Ting-Lu|20/100 psn|[from] psn
|upkeep
|turn|23
|
|t:|1743881784
|move|p2a: Great Tusk|Ice Spinner|p1a: Ting-Lu
|-supereffective|p1a: Ting-Lu
|-damage|p1a: Ting-Lu|0 fnt
|faint|p1a: Ting-Lu
|
|upkeep
|
|t:|1743881786
|switch|p1a: Corviknight|Corviknight, F, shiny|85/100
|-ability|p1a: Corviknight|Pressure
|turn|24
|inactive|ramyree has 60 seconds left.
|inactive|PinkPanther080129 has 90 seconds left.
|
|t:|1743881805
|move|p2a: Great Tusk|Temper Flare|p1a: Corviknight
|-supereffective|p1a: Corviknight
|-damage|p1a: Corviknight|42/100
|move|p1a: Corviknight|Defog|p2a: Great Tusk
|-unboost|p2a: Great Tusk|evasion|1
|-sideend|p1: PinkPanther080129|Spikes|[from] move: Defog|[of] p1a: Corviknight
|-sideend|p1: PinkPanther080129|Toxic Spikes|[from] move: Defog|[of] p1a: Corviknight
|
|upkeep
|turn|25
|inactive|PinkPanther080129 has 90 seconds left.
|
|t:|1743881825
|move|p2a: Great Tusk|Temper Flare|p1a: Corviknight
|-supereffective|p1a: Corviknight
|-damage|p1a: Corviknight|0 fnt
|faint|p1a: Corviknight
|
|upkeep
|
|t:|1743881836
|switch|p1a: Dragapult|Dragapult, M|100/100
|turn|26
|inactive|ramyree has 60 seconds left.
|c|☆PinkPanther080129|gg
|
|t:|1743881852
|-terastallize|p1a: Dragapult|Ghost
|move|p1a: Dragapult|Shadow Ball|p2a: Great Tusk
|-damage|p2a: Great Tusk|0 fnt
|faint|p2a: Great Tusk
|-end|p2a: Great Tusk|Protosynthesis|[silent]
|
|upkeep
|inactive|ramyree has 60 seconds left.
|
|t:|1743881858
|switch|p2a: Samurott|Samurott-Hisui, M|4/100
|turn|27
|
|t:|1743881861
|switch|p1a: Iron Valiant|Iron Valiant|78/100
|move|p2a: Samurott|Sucker Punch||[still]
|-fail|p2a: Samurott
|
|upkeep
|turn|28
|inactive|PinkPanther080129 has 90 seconds left.
|
|t:|1743881877
|switch|p2a: Iron Moth|Iron Moth|95/100
|move|p1a: Iron Valiant|Thunderbolt|p2a: Iron Moth
|-damage|p2a: Iron Moth|56/100
|-damage|p1a: Iron Valiant|69/100|[from] item: Life Orb
|
|upkeep
|turn|29
|
|t:|1743881885
|-end|p1a: Iron Valiant|Quark Drive|[silent]
|switch|p1a: Dragapult|Dragapult, M, tera:Ghost|100/100
|move|p2a: Iron Moth|Morning Sun|p2a: Iron Moth
|-heal|p2a: Iron Moth|100/100
|
|upkeep
|turn|30
|
|t:|1743881897
|move|p1a: Dragapult|Draco Meteor|p2a: Iron Moth
|-damage|p2a: Iron Moth|9/100
|-unboost|p1a: Dragapult|spa|2
|move|p2a: Iron Moth|Sludge Wave|p1a: Dragapult
|-resisted|p1a: Dragapult
|-damage|p1a: Dragapult|63/100
|-status|p1a: Dragapult|psn
|
|-damage|p1a: Dragapult|50/100 psn|[from] psn
|upkeep
|turn|31
|
|t:|1743881919
|move|p1a: Dragapult|Draco Meteor|p2a: Iron Moth
|-damage|p2a: Iron Moth|0 fnt
|-unboost|p1a: Dragapult|spa|2
|faint|p2a: Iron Moth
|-end|p2a: Iron Moth|Quark Drive|[silent]
|
|-damage|p1a: Dragapult|38/100 psn|[from] psn
|upkeep
|inactive|ramyree has 60 seconds left.
|
|t:|1743881936
|switch|p2a: Samurott|Samurott-Hisui, M|4/100
|turn|32
|
|t:|1743881939
|move|p1a: Dragapult|Draco Meteor|p2a: Samurott
|-damage|p2a: Samurott|0 fnt
|-unboost|p1a: Dragapult|spa|2
|faint|p2a: Samurott
|
|-damage|p1a: Dragapult|26/100 psn|[from] psn
|upkeep
|
|t:|1743881942
|switch|p2a: Iron Boulder|Iron Boulder|100/100
|turn|33
|
|t:|1743881951
|switch|p1a: Iron Valiant|Iron Valiant|69/100
|move|p2a: Iron Boulder|Mighty Cleave|p1a: Iron Valiant
|-resisted|p1a: Iron Valiant
|-damage|p1a: Iron Valiant|38/100
|
|upkeep
|turn|34
|
|t:|1743881957
|move|p1a: Iron Valiant|Vacuum Wave|p2a: Iron Boulder
|-damage|p2a: Iron Boulder|77/100
|-damage|p1a: Iron Valiant|28/100|[from] item: Life Orb
|move|p2a: Iron Boulder|Psycho Cut|p1a: Iron Valiant
|-supereffective|p1a: Iron Valiant
|-damage|p1a: Iron Valiant|0 fnt
|faint|p1a: Iron Valiant
|-end|p1a: Iron Valiant|Quark Drive|[silent]
|
|upkeep
|
|t:|1743881959
|switch|p1a: Dragapult|Dragapult, M, tera:Ghost|26/100 psn
|turn|35
|-message|ramyree forfeited.
|
|win|PinkPanther080129
|raw|PinkPanther080129's rating: 1713 &rarr; <strong>1730</strong><br />(+17 for winning)
|raw|ramyree's rating: 1665 &rarr; <strong>1648</strong><br />(-17 for losing)
|l|☆ramyree
|player|p2|
|l| dilf huntr
|l|☆PinkPanther080129
|player|p1|
