|j|☆tommybombthepro
|j|☆dolliv garden
|t:|1743906834
|gametype|singles
|player|p1|tommybombthepro|101|1075
|player|p2|dolliv garden|miku-ground|1098
|teamsize|p1|6
|teamsize|p2|6
|gen|9
|tier|[Gen 9] OU
|rated|
|rule|HP Percentage Mod: HP is shown in percentages
|rule|Endless Battle Clause: Forcing endless battles is banned
|rule|Species Clause: Limit one of each Pokémon
|rule|OHKO Clause: OHKO moves are banned
|rule|Evasion Items Clause: Evasion items are banned
|rule|Evasion Moves Clause: Evasion moves are banned
|rule|Sleep Moves Clause: Sleep-inducing moves are banned
|clearpoke
|poke|p1|Rotom-Wash|
|poke|p1|Landorus-Therian, M|
|poke|p1|Breloom, M|
|poke|p1|Talonflame, M|
|poke|p1|Scizor, M|
|poke|p1|Latios, M|
|poke|p2|Ninetales-Alola, F|
|poke|p2|Kyurem|
|poke|p2|Slowking-Galar, M|
|poke|p2|Iron Crown|
|poke|p2|Zamazenta-*|
|poke|p2|Cinderace, M|
|teampreview
|inactive|Battle timer is ON: inactive players will automatically lose when time's up. (requested by dolliv garden)
|
|t:|1743906856
|start
|switch|p1a: Scizor|Scizor, M|100/100
|switch|p2a: Cinderace|Cinderace, M|100/100
|turn|1
|
|t:|1743906871
|switch|p1a: Talonflame|Talonflame, M|100/100
|move|p2a: Cinderace|Pyro Ball|p1a: Talonflame
|-resisted|p1a: Talonflame
|-damage|p1a: Talonflame|68/100
|
|-heal|p1a: Talonflame|74/100|[from] item: Leftovers
|upkeep
|turn|2
|
|t:|1743906881
|move|p2a: Cinderace|U-turn|p1a: Talonflame
|-resisted|p1a: Talonflame
|-damage|p1a: Talonflame|68/100
|
|t:|1743906886
|switch|p2a: Slowking|Slowking-Galar, M|100/100|[from] U-turn
|move|p1a: Talonflame|Swords Dance|p1a: Talonflame
|-boost|p1a: Talonflame|atk|2
|
|-heal|p1a: Talonflame|74/100|[from] item: Leftovers
|upkeep
|turn|3
|
|t:|1743906894
|move|p1a: Talonflame|Brave Bird|p2a: Slowking
|-damage|p2a: Slowking|5/100
|-damage|p1a: Talonflame|40/100|[from] Recoil
|move|p2a: Slowking|Thunder Wave|p1a: Talonflame
|-status|p1a: Talonflame|par
|
|-heal|p1a: Talonflame|46/100 par|[from] item: Leftovers
|upkeep
|turn|4
|
|t:|1743906908
|switch|p2a: Cinderace|Cinderace, M|100/100
|move|p1a: Talonflame|Flare Blitz|p2a: Cinderace
|-resisted|p2a: Cinderace
|-damage|p2a: Cinderace|42/100
|-damage|p1a: Talonflame|27/100 par|[from] Recoil
|
|-heal|p1a: Talonflame|33/100 par|[from] item: Leftovers
|upkeep
|turn|5
|
|t:|1743906935
|move|p2a: Cinderace|U-turn|p1a: Talonflame
|-resisted|p1a: Talonflame
|-damage|p1a: Talonflame|27/100 par
|
|t:|1743906942
|switch|p2a: Ninetales|Ninetales-Alola, F|100/100|[from] U-turn
|-weather|Snowscape|[from] ability: Snow Warning|[of] p2a: Ninetales
|move|p1a: Talonflame|Flare Blitz|p2a: Ninetales
|-supereffective|p2a: Ninetales
|-damage|p2a: Ninetales|0 fnt
|faint|p2a: Ninetales
|-damage|p1a: Talonflame|0 fnt|[from] Recoil
|faint|p1a: Talonflame
|
|-weather|Snowscape|[upkeep]
|upkeep
|inactive|dolliv garden has 120 seconds left.
|
|t:|1743906961
|switch|p2a: Slowking|Slowking-Galar, M|39/100
|switch|p1a: Rotom|Rotom-Wash|100/100
|turn|6
|
|t:|1743906968
|move|p1a: Rotom|Thunderbolt|p2a: Slowking
|-damage|p2a: Slowking|13/100
|move|p2a: Slowking|Sludge Bomb|p1a: Rotom
|-damage|p1a: Rotom|53/100
|
|-weather|Snowscape|[upkeep]
|-heal|p1a: Rotom|59/100|[from] item: Leftovers
|upkeep
|turn|7
|inactive|dolliv garden has 120 seconds left.
|
|t:|1743906990
|move|p1a: Rotom|Volt Switch|p2a: Slowking
|-damage|p2a: Slowking|0 fnt
|faint|p2a: Slowking
|
|t:|1743906994
|switch|p1a: Scizor|Scizor, M|100/100|[from] Volt Switch
|
|-weather|Snowscape|[upkeep]
|upkeep
|
|t:|1743906999
|switch|p2a: Cinderace|Cinderace, M|42/100
|turn|8
|
|t:|1743907005
|switch|p1a: Latios|Latios, M, shiny|100/100
|move|p2a: Cinderace|Pyro Ball|p1a: Latios
|-resisted|p1a: Latios
|-damage|p1a: Latios|71/100
|
|-weather|Snowscape|[upkeep]
|upkeep
|turn|9
|
|t:|1743907017
|move|p2a: Cinderace|U-turn|p1a: Latios
|-supereffective|p1a: Latios
|-damage|p1a: Latios|17/100
|
|t:|1743907021
|switch|p2a: Iron Crown|Iron Crown|100/100|[from] U-turn
|-enditem|p2a: Iron Crown|Booster Energy
|-activate|p2a: Iron Crown|ability: Quark Drive|[fromitem]
|-start|p2a: Iron Crown|quarkdrivespe
|move|p1a: Latios|Surf|p2a: Iron Crown
|-damage|p2a: Iron Crown|57/100
|
|-weather|none
|upkeep
|turn|10
|
|t:|1743907033
|move|p2a: Iron Crown|Calm Mind|p2a: Iron Crown
|-boost|p2a: Iron Crown|spa|1
|-boost|p2a: Iron Crown|spd|1
|move|p1a: Latios|Surf|p2a: Iron Crown
|-damage|p2a: Iron Crown|28/100
|
|upkeep
|turn|11
|
|t:|1743907040
|move|p2a: Iron Crown|Tachyon Cutter|p1a: Latios
|-damage|p1a: Latios|0 fnt
|faint|p1a: Latios
|-hitcount|p1: Latios|1
|
|upkeep
|
|t:|1743907048
|switch|p1a: Landorus|Landorus-Therian, M|100/100
|-ability|p1a: Landorus|Intimidate|boost
|-unboost|p2a: Iron Crown|atk|1
|turn|12
|
|t:|1743907058
|move|p2a: Iron Crown|Tachyon Cutter|p1a: Landorus
|-damage|p1a: Landorus|58/100
|-damage|p1a: Landorus|15/100
|-hitcount|p1a: Landorus|2
|move|p1a: Landorus|Earthquake|p2a: Iron Crown
|-supereffective|p2a: Iron Crown
|-damage|p2a: Iron Crown|0 fnt
|faint|p2a: Iron Crown
|-end|p2a: Iron Crown|Quark Drive|[silent]
|
|upkeep
|
|t:|1743907070
|switch|p2a: Zamazenta|Zamazenta|100/100
|-ability|p2a: Zamazenta|Dauntless Shield|boost
|-boost|p2a: Zamazenta|def|1
|turn|13
|
|t:|1743907081
|switch|p1a: Scizor|Scizor, M|100/100
|move|p2a: Zamazenta|Howl|p2a: Zamazenta
|-boost|p2a: Zamazenta|atk|1
|
|upkeep
|turn|14
|
|t:|1743907091
|move|p2a: Zamazenta|Close Combat|p1a: Scizor
|-damage|p1a: Scizor|0 fnt
|-unboost|p2a: Zamazenta|def|1
|-unboost|p2a: Zamazenta|spd|1
|faint|p1a: Scizor
|-damage|p2a: Zamazenta|91/100|[from] item: Life Orb
|
|upkeep
|
|t:|1743907104
|switch|p1a: Breloom|Breloom, M|100/100
|turn|15
|
|t:|1743907109
|move|p2a: Zamazenta|Close Combat|p1a: Breloom
|-damage|p1a: Breloom|0 fnt
|-unboost|p2a: Zamazenta|def|1
|-unboost|p2a: Zamazenta|spd|1
|faint|p1a: Breloom
|-damage|p2a: Zamazenta|81/100|[from] item: Life Orb
|
|upkeep
|
|t:|1743907120
|switch|p1a: Landorus|Landorus-Therian, M|15/100
|-ability|p1a: Landorus|Intimidate|boost
|-unboost|p2a: Zamazenta|atk|1
|turn|16
|
|t:|1743907139
|switch|p2a: Cinderace|Cinderace, M|42/100
|-terastallize|p1a: Landorus|Ground
|move|p1a: Landorus|Earthquake|p2a: Cinderace
|-supereffective|p2a: Cinderace
|-damage|p2a: Cinderace|0 fnt
|faint|p2a: Cinderace
|
|upkeep
|
|t:|1743907146
|switch|p2a: Kyurem|Kyurem|100/100
|-ability|p2a: Kyurem|Pressure
|turn|17
|
|t:|1743907153
|move|p1a: Landorus|Earthquake|p2a: Kyurem
|-damage|p2a: Kyurem|23/100
|move|p2a: Kyurem|Freeze-Dry|p1a: Landorus
|-supereffective|p1a: Landorus
|-damage|p1a: Landorus|0 fnt
|faint|p1a: Landorus
|
|upkeep
|
|t:|1743907159
|switch|p1a: Rotom|Rotom-Wash|59/100
|turn|18
|
|t:|1743907164
|move|p2a: Kyurem|Freeze-Dry|p1a: Rotom
|-supereffective|p1a: Rotom
|-damage|p1a: Rotom|0 fnt
|faint|p1a: Rotom
|
|win|dolliv garden
|raw|tommybombthepro's rating: 1075 &rarr; <strong>1055</strong><br />(-20 for losing)
|raw|dolliv garden's rating: 1098 &rarr; <strong>1122</strong><br />(+24 for winning)
|l|☆tommybombthepro
|player|p1|
|c|☆dolliv garden|gg
