|j|☆whatthedawgsdoin
|j|‽fenrril8201
|t:|1743915845
|gametype|singles
|player|p1|whatthedawgsdoin|101|1151
|player|p2|fenrril8201|169|1165
|teamsize|p1|6
|teamsize|p2|6
|gen|9
|tier|[Gen 9] OU
|rated|
|rule|HP Percentage Mod: HP is shown in percentages
|rule|Endless Battle Clause: Forcing endless battles is banned
|rule|Species Clause: Limit one of each Pokémon
|rule|OHKO Clause: OHKO moves are banned
|rule|Evasion Items Clause: Evasion items are banned
|rule|Evasion Moves Clause: Evasion moves are banned
|rule|Sleep Moves Clause: Sleep-inducing moves are banned
|clearpoke
|poke|p1|Mew|
|poke|p1|Suicune|
|poke|p1|Raikou|
|poke|p1|Entei|
|poke|p1|Dusknoir, F|
|poke|p1|Regirock|
|poke|p2|Gliscor, F|
|poke|p2|Clefable, M|
|poke|p2|Iron Treads|
|poke|p2|Meowscarada, F|
|poke|p2|Greninja-*, F|
|poke|p2|Dragapult, F|
|teampreview
|inactive|Battle timer is ON: inactive players will automatically lose when time's up. (requested by fenrril8201)
|
|t:|1743915856
|start
|switch|p1a: Suicune|Suicune|100/100
|switch|p2a: Meowscarada|Meowscarada, F, shiny|100/100
|-ability|p1a: Suicune|Pressure
|turn|1
|
|t:|1743915861
|move|p2a: Meowscarada|Flower Trick|p1a: Suicune
|-start|p2a: Meowscarada|typechange|Grass|[from] ability: Protean
|-supereffective|p1a: Suicune
|-crit|p1a: Suicune
|-damage|p1a: Suicune|30/100
|move|p1a: Suicune|Ice Beam|p2a: Meowscarada
|-supereffective|p2a: Meowscarada
|-damage|p2a: Meowscarada|18/100
|
|upkeep
|turn|2
|
|t:|1743915871
|switch|p1a: Entei|Entei|100/100
|move|p2a: Meowscarada|Flower Trick|p1a: Entei
|-resisted|p1a: Entei
|-crit|p1a: Entei
|-damage|p1a: Entei|80/100
|
|upkeep
|turn|3
|
|t:|1743915879
|switch|p2a: Dragapult|Dragapult, F|100/100
|move|p1a: Entei|Sacred Fire|p2a: Dragapult
|-resisted|p2a: Dragapult
|-damage|p2a: Dragapult|45/100
|-status|p2a: Dragapult|brn
|
|-damage|p2a: Dragapult|39/100 brn|[from] brn
|upkeep
|turn|4
|
|t:|1743915887
|move|p2a: Dragapult|Draco Meteor|p1a: Entei
|-damage|p1a: Entei|0 fnt
|-unboost|p2a: Dragapult|spa|2
|faint|p1a: Entei
|
|-damage|p2a: Dragapult|33/100 brn|[from] brn
|upkeep
|
|t:|1743915895
|switch|p1a: Raikou|Raikou|100/100
|-ability|p1a: Raikou|Pressure
|turn|5
|
|t:|1743915900
|switch|p2a: Iron Treads|Iron Treads|100/100
|move|p1a: Raikou|Calm Mind|p1a: Raikou
|-boost|p1a: Raikou|spa|1
|-boost|p1a: Raikou|spd|1
|
|upkeep
|turn|6
|
|t:|1743915908
|-terastallize|p1a: Raikou|Water
|move|p2a: Iron Treads|Rapid Spin|p1a: Raikou
|-damage|p1a: Raikou|77/100
|-boost|p2a: Iron Treads|spe|1
|-damage|p2a: Iron Treads|91/100|[from] item: Life Orb
|move|p1a: Raikou|Scald|p2a: Iron Treads
|-supereffective|p2a: Iron Treads
|-damage|p2a: Iron Treads|0 fnt
|faint|p2a: Iron Treads
|-end|p2a: Iron Treads|Quark Drive|[silent]
|
|upkeep
|
|t:|1743915914
|switch|p2a: Dragapult|Dragapult, F|33/100 brn
|turn|7
|
|t:|1743915920
|move|p2a: Dragapult|Draco Meteor|p1a: Raikou
|-damage|p1a: Raikou|26/100
|-unboost|p2a: Dragapult|spa|2
|move|p1a: Raikou|Scald|p2a: Dragapult
|-resisted|p2a: Dragapult
|-damage|p2a: Dragapult|0 fnt
|faint|p2a: Dragapult
|
|upkeep
|
|t:|1743915931
|switch|p2a: Greninja|Greninja, F|100/100
|turn|8
|
|t:|1743915940
|move|p2a: Greninja|Dark Pulse|p1a: Raikou
|-start|p2a: Greninja|typechange|Dark|[from] ability: Protean
|-damage|p1a: Raikou|0 fnt
|faint|p1a: Raikou
|
|upkeep
|
|t:|1743915949
|switch|p1a: Suicune|Suicune|30/100
|-ability|p1a: Suicune|Pressure
|turn|9
|
|t:|1743915956
|move|p2a: Greninja|Dark Pulse|p1a: Suicune
|-crit|p1a: Suicune
|-damage|p1a: Suicune|0 fnt
|faint|p1a: Suicune
|
|upkeep
|
|t:|1743915961
|switch|p1a: Regirock|Regirock|100/100
|turn|10
|
|t:|1743915965
|switch|p2a: Gliscor|Gliscor, F, shiny|100/100
|move|p1a: Regirock|Body Press|p2a: Gliscor
|-resisted|p2a: Gliscor
|-damage|p2a: Gliscor|85/100
|
|-status|p2a: Gliscor|tox|[from] item: Toxic Orb
|upkeep
|turn|11
|
|t:|1743915973
|move|p2a: Gliscor|Toxic|p1a: Regirock
|-status|p1a: Regirock|tox
|move|p1a: Regirock|Iron Defense|p1a: Regirock
|-boost|p1a: Regirock|def|2
|
|-heal|p2a: Gliscor|97/100 tox|[from] ability: Poison Heal
|-damage|p1a: Regirock|94/100 tox|[from] psn
|upkeep
|turn|12
|
|t:|1743915984
|move|p2a: Gliscor|Substitute|p2a: Gliscor
|-start|p2a: Gliscor|Substitute
|-damage|p2a: Gliscor|72/100 tox
|move|p1a: Regirock|Stealth Rock|p2a: Gliscor
|-sidestart|p2: fenrril8201|move: Stealth Rock
|
|-heal|p2a: Gliscor|85/100 tox|[from] ability: Poison Heal
|-damage|p1a: Regirock|82/100 tox|[from] psn
|upkeep
|turn|13
|
|t:|1743915995
|switch|p1a: Dusknoir|Dusknoir, F|100/100
|-ability|p1a: Dusknoir|Pressure
|move|p2a: Gliscor|Protect||[still]
|-fail|p2a: Gliscor
|
|-heal|p2a: Gliscor|97/100 tox|[from] ability: Poison Heal
|upkeep
|turn|14
|
|t:|1743916002
|move|p2a: Gliscor|Toxic|p1a: Dusknoir
|-status|p1a: Dusknoir|tox
|move|p1a: Dusknoir|Curse|p2a: Gliscor
|-start|p2a: Gliscor|Curse|[of] p1a: Dusknoir
|-damage|p1a: Dusknoir|50/100 tox
|
|-heal|p2a: Gliscor|100/100 tox|[from] ability: Poison Heal
|-damage|p1a: Dusknoir|44/100 tox|[from] psn
|-damage|p2a: Gliscor|75/100 tox|[from] Curse
|upkeep
|turn|15
|
|t:|1743916012
|switch|p1a: Regirock|Regirock|82/100 tox
|move|p2a: Gliscor|Earthquake|p1a: Regirock
|-supereffective|p1a: Regirock
|-damage|p1a: Regirock|49/100 tox
|
|-heal|p2a: Gliscor|88/100 tox|[from] ability: Poison Heal
|-damage|p1a: Regirock|43/100 tox|[from] psn
|-damage|p2a: Gliscor|63/100 tox|[from] Curse
|upkeep
|turn|16
|
|t:|1743916022
|move|p2a: Gliscor|Earthquake|p1a: Regirock
|-supereffective|p1a: Regirock
|-damage|p1a: Regirock|14/100 tox
|move|p1a: Regirock|Iron Defense|p1a: Regirock
|-boost|p1a: Regirock|def|2
|
|-heal|p2a: Gliscor|75/100 tox|[from] ability: Poison Heal
|-damage|p1a: Regirock|2/100 tox|[from] psn
|-damage|p2a: Gliscor|50/100 tox|[from] Curse
|upkeep
|turn|17
|
|t:|1743916033
|move|p2a: Gliscor|Earthquake|p1a: Regirock
|-supereffective|p1a: Regirock
|-damage|p1a: Regirock|0 fnt
|faint|p1a: Regirock
|
|-heal|p2a: Gliscor|63/100 tox|[from] ability: Poison Heal
|-damage|p2a: Gliscor|38/100 tox|[from] Curse
|upkeep
|-message|whatthedawgsdoin forfeited.
|
|win|fenrril8201
|raw|whatthedawgsdoin's rating: 1151 &rarr; <strong>1127</strong><br />(-24 for losing)
|raw|fenrril8201's rating: 1165 &rarr; <strong>1189</strong><br />(+24 for winning)
|l|☆whatthedawgsdoin
|player|p1|
|l|‽fenrril8201
|player|p2|
