|j|☆Itkenreiza
|j|☆TurnMeOn97
|t:|1743857626
|gametype|singles
|player|p1|Itkenreiza|102|1583
|player|p2|TurnMeOn97|266|1589
|teamsize|p1|6
|teamsize|p2|6
|gen|9
|tier|[Gen 9] OU
|rated|
|rule|HP Percentage Mod: HP is shown in percentages
|rule|Endless Battle Clause: Forcing endless battles is banned
|rule|Species Clause: Limit one of each Pokémon
|rule|OHKO Clause: OHKO moves are banned
|rule|Evasion Items Clause: Evasion items are banned
|rule|Evasion Moves Clause: Evasion moves are banned
|rule|Sleep Moves Clause: Sleep-inducing moves are banned
|clearpoke
|poke|p1|Cinderace, M|
|poke|p1|Enamorus, F|
|poke|p1|Ogerpon-Wellspring, F|
|poke|p1|Basculegion, M|
|poke|p1|Zapdos-Galar|
|poke|p1|Politoed, F|
|poke|p2|Keldeo-Resolute|
|poke|p2|Pelipper, F|
|poke|p2|Raging Bolt|
|poke|p2|Kingambit, F|
|poke|p2|Rillaboom, M|
|poke|p2|Iron Treads|
|teampreview
|inactive|Battle timer is ON: inactive players will automatically lose when time's up. (requested by Itkenreiza)
|c|☆Itkenreiza|glhf
|
|t:|1743857645
|start
|switch|p1a: Zapdos|Zapdos-Galar|100/100
|switch|p2a: Raging Bolt|Raging Bolt|100/100
|turn|1
|
|t:|1743857654
|-end|p2a: Raging Bolt|Protosynthesis|[silent]
|switch|p2a: Pelipper|Pelipper, F|100/100
|-weather|RainDance|[from] ability: Drizzle|[of] p2a: Pelipper
|move|p1a: Zapdos|Knock Off|p2a: Pelipper
|-damage|p2a: Pelipper|72/100
|-enditem|p2a: Pelipper|Damp Rock|[from] move: Knock Off|[of] p1a: Zapdos
|
|-weather|RainDance|[upkeep]
|upkeep
|turn|2
|
|t:|1743857665
|switch|p1a: Cinderace|Cinderace, M|100/100
|move|p2a: Pelipper|U-turn|p1a: Cinderace
|-resisted|p1a: Cinderace
|-damage|p1a: Cinderace|95/100
|
|t:|1743857671
|switch|p2a: Raging Bolt|Raging Bolt|100/100|[from] U-turn
|
|-weather|RainDance|[upkeep]
|upkeep
|turn|3
|
|t:|1743857676
|move|p1a: Cinderace|High Jump Kick|p2a: Raging Bolt
|-start|p1a: Cinderace|typechange|Fighting|[from] ability: Libero
|-damage|p2a: Raging Bolt|47/100
|move|p2a: Raging Bolt|Thunder|p1a: Cinderace
|-damage|p1a: Cinderace|0 fnt
|faint|p1a: Cinderace
|
|-weather|RainDance|[upkeep]
|upkeep
|
|t:|1743857684
|switch|p1a: Enamorus|Enamorus, F|100/100
|turn|4
|
|t:|1743857690
|-end|p2a: Raging Bolt|Protosynthesis|[silent]
|switch|p2a: Rillaboom|Rillaboom, M|100/100
|-fieldstart|move: Grassy Terrain|[from] ability: Grassy Surge|[of] p2a: Rillaboom
|-terastallize|p1a: Enamorus|Ground
|move|p1a: Enamorus|Moonblast|p2a: Rillaboom
|-damage|p2a: Rillaboom|62/100
|
|-weather|RainDance|[upkeep]
|-heal|p2a: Rillaboom|69/100|[from] Grassy Terrain
|upkeep
|turn|5
|
|t:|1743857695
|switch|p1a: Zapdos|Zapdos-Galar|100/100
|move|p2a: Rillaboom|U-turn|p1a: Zapdos
|-resisted|p1a: Zapdos
|-damage|p1a: Zapdos|93/100
|
|t:|1743857708
|switch|p2a: Raging Bolt|Raging Bolt|47/100|[from] U-turn
|
|-weather|RainDance|[upkeep]
|-heal|p2a: Raging Bolt|53/100|[from] Grassy Terrain
|upkeep
|turn|6
|
|t:|1743857711
|-terastallize|p2a: Raging Bolt|Fairy
|move|p1a: Zapdos|Thunderous Kick|p2a: Raging Bolt
|-resisted|p2a: Raging Bolt
|-damage|p2a: Raging Bolt|29/100
|-unboost|p2a: Raging Bolt|def|1
|move|p2a: Raging Bolt|Thunder|p1a: Zapdos
|-supereffective|p1a: Zapdos
|-damage|p1a: Zapdos|0 fnt
|faint|p1a: Zapdos
|
|-weather|RainDance|[upkeep]
|-heal|p2a: Raging Bolt|35/100|[from] Grassy Terrain
|upkeep
|
|t:|1743857714
|switch|p1a: Basculegion|Basculegion, M|100/100
|turn|7
|
|t:|1743857720
|move|p1a: Basculegion|Aqua Jet|p2a: Raging Bolt
|-damage|p2a: Raging Bolt|0 fnt
|faint|p2a: Raging Bolt
|-end|p2a: Raging Bolt|Protosynthesis|[silent]
|
|-weather|RainDance|[upkeep]
|upkeep
|
|t:|1743857727
|switch|p2a: Keldeo|Keldeo-Resolute|100/100
|turn|8
|
|t:|1743857741
|switch|p1a: Politoed|Politoed, F|100/100
|move|p2a: Keldeo|Secret Sword|p1a: Politoed
|-damage|p1a: Politoed|31/100
|
|-weather|none
|-heal|p1a: Politoed|37/100|[from] Grassy Terrain
|-fieldend|move: Grassy Terrain
|upkeep
|turn|9
|
|t:|1743857748
|switch|p2a: Rillaboom|Rillaboom, M|69/100
|-fieldstart|move: Grassy Terrain|[from] ability: Grassy Surge|[of] p2a: Rillaboom
|move|p1a: Politoed|Hydro Pump|p2a: Rillaboom|[miss]
|-miss|p1a: Politoed|p2a: Rillaboom
|
|-heal|p2a: Rillaboom|75/100|[from] Grassy Terrain
|-heal|p1a: Politoed|43/100|[from] Grassy Terrain
|upkeep
|turn|10
|
|t:|1743857754
|move|p2a: Rillaboom|Grassy Glide|p1a: Politoed
|-supereffective|p1a: Politoed
|-damage|p1a: Politoed|0 fnt
|faint|p1a: Politoed
|
|-heal|p2a: Rillaboom|81/100|[from] Grassy Terrain
|upkeep
|
|t:|1743857758
|switch|p1a: Ogerpon|Ogerpon-Wellspring, F|100/100
|turn|11
|
|t:|1743857765
|move|p1a: Ogerpon|Swords Dance|p1a: Ogerpon
|-boost|p1a: Ogerpon|atk|2
|move|p2a: Rillaboom|U-turn|p1a: Ogerpon
|-supereffective|p1a: Ogerpon
|-damage|p1a: Ogerpon|32/100
|
|t:|1743857769
|switch|p2a: Keldeo|Keldeo-Resolute|100/100|[from] U-turn
|
|-heal|p1a: Ogerpon|38/100|[from] Grassy Terrain
|upkeep
|turn|12
|
|t:|1743857773
|move|p2a: Keldeo|Vacuum Wave|p1a: Ogerpon
|-damage|p1a: Ogerpon|4/100
|move|p1a: Ogerpon|Horn Leech|p2a: Keldeo
|-supereffective|p2a: Keldeo
|-damage|p2a: Keldeo|0 fnt
|-heal|p1a: Ogerpon|58/100|[from] drain|[of] p2a: Keldeo
|faint|p2a: Keldeo
|
|-heal|p1a: Ogerpon|64/100|[from] Grassy Terrain
|upkeep
|
|t:|1743857778
|switch|p2a: Rillaboom|Rillaboom, M|81/100
|turn|13
|
|t:|1743857785
|move|p1a: Ogerpon|U-turn|p2a: Rillaboom
|-supereffective|p2a: Rillaboom
|-damage|p2a: Rillaboom|0 fnt
|faint|p2a: Rillaboom
|
|t:|1743857789
|switch|p1a: Basculegion|Basculegion, M|100/100|[from] U-turn
|
|-fieldend|move: Grassy Terrain
|upkeep
|
|t:|1743857796
|switch|p2a: Kingambit|Kingambit, F|100/100
|-activate|p2a: Kingambit|ability: Supreme Overlord
|-start|p2a: Kingambit|fallen3|[silent]
|turn|14
|
|t:|1743857799
|move|p1a: Basculegion|Wave Crash|p2a: Kingambit
|-damage|p2a: Kingambit|32/100
|-damage|p1a: Basculegion|77/100|[from] Recoil
|move|p2a: Kingambit|Kowtow Cleave|p1a: Basculegion
|-supereffective|p1a: Basculegion
|-damage|p1a: Basculegion|0 fnt
|faint|p1a: Basculegion
|
|-heal|p2a: Kingambit|38/100|[from] item: Leftovers
|upkeep
|
|t:|1743857804
|switch|p1a: Enamorus|Enamorus, F, tera:Ground|100/100
|turn|15
|
|t:|1743857810
|-end|p2a: Kingambit|fallen3|[silent]
|switch|p2a: Pelipper|Pelipper, F|72/100
|-weather|RainDance|[from] ability: Drizzle|[of] p2a: Pelipper
|move|p1a: Enamorus|Superpower|p2a: Pelipper
|-resisted|p2a: Pelipper
|-damage|p2a: Pelipper|60/100
|-boost|p1a: Enamorus|atk|1
|-boost|p1a: Enamorus|def|1
|
|-weather|RainDance|[upkeep]
|upkeep
|turn|16
|
|t:|1743857816
|move|p1a: Enamorus|Moonblast|p2a: Pelipper
|-crit|p2a: Pelipper
|-damage|p2a: Pelipper|0 fnt
|faint|p2a: Pelipper
|
|-weather|RainDance|[upkeep]
|upkeep
|
|t:|1743857821
|switch|p2a: Iron Treads|Iron Treads|100/100
|-enditem|p2a: Iron Treads|Booster Energy
|-activate|p2a: Iron Treads|ability: Quark Drive|[fromitem]
|-start|p2a: Iron Treads|quarkdrivespe
|turn|17
|
|t:|1743857826
|move|p2a: Iron Treads|Steel Beam|p1a: Enamorus
|-damage|p1a: Enamorus|63/100
|-damage|p2a: Iron Treads|50/100|[from] steelbeam
|move|p1a: Enamorus|Superpower|p2a: Iron Treads
|-supereffective|p2a: Iron Treads
|-damage|p2a: Iron Treads|0 fnt
|-boost|p1a: Enamorus|atk|1
|-boost|p1a: Enamorus|def|1
|faint|p2a: Iron Treads
|-end|p2a: Iron Treads|Quark Drive|[silent]
|
|-weather|RainDance|[upkeep]
|upkeep
|-message|TurnMeOn97 forfeited.
|
|win|Itkenreiza
|raw|Itkenreiza's rating: 1583 &rarr; <strong>1603</strong><br />(+20 for winning)
|raw|TurnMeOn97's rating: 1589 &rarr; <strong>1569</strong><br />(-20 for losing)
|l|☆TurnMeOn97
|player|p2|
|l|☆Itkenreiza
|player|p1|
