|j|☆jgtyfkyk
|j|☆kaio2010
|t:|1743860171
|gametype|singles
|player|p1|jgtyfkyk|101|1068
|player|p2|kaio2010|emmet|1082
|teamsize|p1|6
|teamsize|p2|6
|gen|9
|tier|[Gen 9] OU
|rated|
|rule|HP Percentage Mod: HP is shown in percentages
|rule|Endless Battle Clause: Forcing endless battles is banned
|rule|Species Clause: Limit one of each Pokémon
|rule|OHKO Clause: OHKO moves are banned
|rule|Evasion Items Clause: Evasion items are banned
|rule|Evasion Moves Clause: Evasion moves are banned
|rule|Sleep Moves Clause: Sleep-inducing moves are banned
|clearpoke
|poke|p1|Breloom, F|
|poke|p1|Delphox, F|
|poke|p1|Tentacruel, M|
|poke|p1|Registeel|
|poke|p1|Sylveon, F|
|poke|p1|Conkeldurr, F|
|poke|p2|Cinderace, F|
|poke|p2|Great Tusk|
|poke|p2|Slowking-Galar, F|
|poke|p2|Corviknight, M|
|poke|p2|Raging Bolt|
|poke|p2|Meowscarada, M|
|teampreview
|
|t:|1743860177
|start
|switch|p1a: Breloom|Breloom, F|100/100
|switch|p2a: Meowscarada|Meowscarada, M|100/100
|turn|1
|
|t:|1743860184
|move|p1a: Breloom|Mach Punch|p2a: Meowscarada
|-supereffective|p2a: Meowscarada
|-damage|p2a: Meowscarada|7/100
|move|p2a: Meowscarada|Flower Trick|p1a: Breloom
|-resisted|p1a: Breloom
|-crit|p1a: Breloom
|-damage|p1a: Breloom|58/100
|
|-heal|p1a: Breloom|64/100|[from] item: Leftovers
|upkeep
|turn|2
|
|t:|1743860193
|move|p2a: Meowscarada|Trick|p1a: Breloom
|-activate|p2a: Meowscarada|move: Trick|[of] p1a: Breloom
|-item|p1a: Breloom|Focus Sash|[from] move: Trick
|-item|p2a: Meowscarada|Leftovers|[from] move: Trick
|move|p1a: Breloom|Leech Seed|p2a: Meowscarada
|-immune|p2a: Meowscarada
|
|-heal|p2a: Meowscarada|13/100|[from] item: Leftovers
|upkeep
|turn|3
|
|t:|1743860201
|move|p1a: Breloom|Mach Punch|p2a: Meowscarada
|-supereffective|p2a: Meowscarada
|-damage|p2a: Meowscarada|0 fnt
|faint|p2a: Meowscarada
|
|upkeep
|
|t:|1743860205
|switch|p2a: Cinderace|Cinderace, F|100/100
|turn|4
|
|t:|1743860210
|switch|p1a: Tentacruel|Tentacruel, M|100/100
|move|p2a: Cinderace|Low Kick|p1a: Tentacruel
|-start|p2a: Cinderace|typechange|Fighting|[from] ability: Libero
|-resisted|p1a: Tentacruel
|-damage|p1a: Tentacruel|74/100
|
|-heal|p1a: Tentacruel|80/100|[from] item: Leftovers
|upkeep
|turn|5
|
|t:|1743860223
|move|p1a: Tentacruel|Chilling Water|p2a: Cinderace
|-damage|p2a: Cinderace|77/100
|-unboost|p2a: Cinderace|atk|1
|move|p2a: Cinderace|Pyro Ball|p1a: Tentacruel
|-resisted|p1a: Tentacruel
|-damage|p1a: Tentacruel|61/100
|
|-heal|p1a: Tentacruel|67/100|[from] item: Leftovers
|upkeep
|turn|6
|
|t:|1743860231
|-terastallize|p2a: Cinderace|Water
|move|p2a: Cinderace|Sucker Punch|p1a: Tentacruel
|-damage|p1a: Tentacruel|47/100
|move|p1a: Tentacruel|Chilling Water|p2a: Cinderace
|-resisted|p2a: Cinderace
|-damage|p2a: Cinderace|64/100
|-unboost|p2a: Cinderace|atk|1
|
|-heal|p1a: Tentacruel|53/100|[from] item: Leftovers
|upkeep
|turn|7
|
|t:|1743860238
|move|p2a: Cinderace|Sucker Punch|p1a: Tentacruel
|-damage|p1a: Tentacruel|37/100
|move|p1a: Tentacruel|Sludge Bomb|p2a: Cinderace
|-damage|p2a: Cinderace|16/100
|
|-heal|p1a: Tentacruel|43/100|[from] item: Leftovers
|upkeep
|turn|8
|
|t:|1743860244
|move|p2a: Cinderace|Sucker Punch|p1a: Tentacruel
|-damage|p1a: Tentacruel|26/100
|move|p1a: Tentacruel|Sludge Bomb|p2a: Cinderace
|-damage|p2a: Cinderace|0 fnt
|faint|p2a: Cinderace
|
|-heal|p1a: Tentacruel|32/100|[from] item: Leftovers
|upkeep
|
|t:|1743860247
|switch|p2a: Raging Bolt|Raging Bolt|100/100
|turn|9
|
|t:|1743860250
|move|p2a: Raging Bolt|Thunderclap|p1a: Tentacruel
|-supereffective|p1a: Tentacruel
|-damage|p1a: Tentacruel|0 fnt
|faint|p1a: Tentacruel
|
|upkeep
|
|t:|1743860255
|switch|p1a: Sylveon|Sylveon, F|100/100
|turn|10
|
|t:|1743860265
|-end|p2a: Raging Bolt|Protosynthesis|[silent]
|switch|p2a: Slowking|Slowking-Galar, F|100/100
|move|p1a: Sylveon|Draining Kiss|p2a: Slowking
|-resisted|p2a: Slowking
|-damage|p2a: Slowking|94/100
|
|upkeep
|turn|11
|
|t:|1743860276
|move|p1a: Sylveon|Shadow Ball|p2a: Slowking
|-supereffective|p2a: Slowking
|-damage|p2a: Slowking|65/100
|move|p2a: Slowking|Sludge Bomb|p1a: Sylveon
|-supereffective|p1a: Sylveon
|-damage|p1a: Sylveon|71/100
|-status|p1a: Sylveon|psn
|
|-damage|p1a: Sylveon|58/100 psn|[from] psn
|upkeep
|turn|12
|
|t:|1743860283
|switch|p1a: Registeel|Registeel|100/100
|move|p2a: Slowking|Sludge Bomb|p1a: Registeel
|-immune|p1a: Registeel
|
|upkeep
|turn|13
|
|t:|1743860288
|move|p1a: Registeel|Stealth Rock|p2a: Slowking
|-sidestart|p2: kaio2010|move: Stealth Rock
|move|p2a: Slowking|Flamethrower|p1a: Registeel
|-supereffective|p1a: Registeel
|-damage|p1a: Registeel|71/100
|
|upkeep
|turn|14
|
|t:|1743860299
|switch|p1a: Conkeldurr|Conkeldurr, F|100/100
|move|p2a: Slowking|Flamethrower|p1a: Conkeldurr
|-damage|p1a: Conkeldurr|69/100
|
|upkeep
|turn|15
|
|t:|1743860305
|move|p2a: Slowking|Blizzard|p1a: Conkeldurr|[miss]
|-miss|p2a: Slowking|p1a: Conkeldurr
|move|p1a: Conkeldurr|Knock Off|p2a: Slowking
|-supereffective|p2a: Slowking
|-damage|p2a: Slowking|0 fnt
|-enditem|p2a: Slowking|Assault Vest|[from] move: Knock Off|[of] p1a: Conkeldurr
|faint|p2a: Slowking
|
|upkeep
|
|t:|1743860310
|switch|p2a: Corviknight|Corviknight, M|100/100
|-damage|p2a: Corviknight|88/100|[from] Stealth Rock
|-ability|p2a: Corviknight|Pressure
|turn|16
|
|t:|1743860316
|move|p2a: Corviknight|Brave Bird|p1a: Conkeldurr
|-supereffective|p1a: Conkeldurr
|-damage|p1a: Conkeldurr|19/100
|-damage|p2a: Corviknight|74/100|[from] Recoil
|move|p1a: Conkeldurr|Knock Off|p2a: Corviknight
|-damage|p2a: Corviknight|47/100
|-damage|p1a: Conkeldurr|3/100|[from] item: Rocky Helmet|[of] p2a: Corviknight
|-enditem|p2a: Corviknight|Rocky Helmet|[from] move: Knock Off|[of] p1a: Conkeldurr
|
|upkeep
|turn|17
|
|t:|1743860323
|move|p1a: Conkeldurr|Mach Punch|p2a: Corviknight
|-damage|p2a: Corviknight|28/100
|move|p2a: Corviknight|Roost|p2a: Corviknight
|-heal|p2a: Corviknight|79/100
|-singleturn|p2a: Corviknight|move: Roost
|
|upkeep
|turn|18
|
|t:|1743860329
|move|p1a: Conkeldurr|Mach Punch|p2a: Corviknight
|-damage|p2a: Corviknight|61/100
|move|p2a: Corviknight|Flash Cannon|p1a: Conkeldurr
|-damage|p1a: Conkeldurr|0 fnt
|faint|p1a: Conkeldurr
|
|upkeep
|
|t:|1743860332
|switch|p1a: Delphox|Delphox, F|100/100
|turn|19
|
|t:|1743860340
|switch|p2a: Raging Bolt|Raging Bolt|100/100
|-damage|p2a: Raging Bolt|88/100|[from] Stealth Rock
|move|p1a: Delphox|Wish|p1a: Delphox
|
|upkeep
|turn|20
|
|t:|1743860343
|move|p1a: Delphox|Overheat|p2a: Raging Bolt
|-resisted|p2a: Raging Bolt
|-damage|p2a: Raging Bolt|57/100
|-unboost|p1a: Delphox|spa|2
|-enditem|p1a: Delphox|Eject Pack
|
|t:|1743860347
|switch|p1a: Sylveon|Sylveon, F|58/100 psn
|move|p2a: Raging Bolt|Draco Meteor|p1a: Sylveon
|-immune|p1a: Sylveon
|
|-heal|p1a: Sylveon|99/100 psn|[from] move: Wish|[wisher] Delphox
|-damage|p1a: Sylveon|88/100 psn|[from] psn
|upkeep
|turn|21
|
|t:|1743860355
|-end|p2a: Raging Bolt|Protosynthesis|[silent]
|switch|p2a: Corviknight|Corviknight, M|61/100
|-damage|p2a: Corviknight|49/100|[from] Stealth Rock
|-ability|p2a: Corviknight|Pressure
|switch|p1a: Registeel|Registeel|71/100
|
|upkeep
|turn|22
|
|t:|1743860361
|move|p2a: Corviknight|Brave Bird|p1a: Registeel
|-resisted|p1a: Registeel
|-damage|p1a: Registeel|59/100
|-damage|p2a: Corviknight|32/100|[from] item: Rocky Helmet|[of] p1a: Registeel
|-damage|p2a: Corviknight|29/100|[from] Recoil
|move|p1a: Registeel|Body Press|p2a: Corviknight
|-crit|p2a: Corviknight
|-damage|p2a: Corviknight|0 fnt
|faint|p2a: Corviknight
|
|upkeep
|
|t:|1743860364
|switch|p2a: Great Tusk|Great Tusk|100/100
|-damage|p2a: Great Tusk|98/100|[from] Stealth Rock
|-enditem|p2a: Great Tusk|Booster Energy
|-activate|p2a: Great Tusk|ability: Protosynthesis|[fromitem]
|-start|p2a: Great Tusk|protosynthesisatk
|turn|23
|
|t:|1743860374
|move|p2a: Great Tusk|Headlong Rush|p1a: Registeel
|-supereffective|p1a: Registeel
|-damage|p1a: Registeel|0 fnt
|-unboost|p2a: Great Tusk|def|1
|-unboost|p2a: Great Tusk|spd|1
|-damage|p2a: Great Tusk|81/100|[from] item: Rocky Helmet|[of] p1a: Registeel
|faint|p1a: Registeel
|
|upkeep
|
|t:|1743860382
|switch|p1a: Delphox|Delphox, F|100/100
|turn|24
|
|t:|1743860397
|move|p1a: Delphox|Psychic Noise|p2a: Great Tusk
|-supereffective|p2a: Great Tusk
|-damage|p2a: Great Tusk|0 fnt
|faint|p2a: Great Tusk
|-end|p2a: Great Tusk|Protosynthesis|[silent]
|
|upkeep
|
|t:|1743860400
|switch|p2a: Raging Bolt|Raging Bolt|57/100
|-damage|p2a: Raging Bolt|45/100|[from] Stealth Rock
|turn|25
|
|t:|1743860409
|move|p2a: Raging Bolt|Thunderclap|p1a: Delphox
|-damage|p1a: Delphox|29/100
|move|p1a: Delphox|Psychic Noise|p2a: Raging Bolt
|-damage|p2a: Raging Bolt|12/100
|-start|p2a: Raging Bolt|move: Heal Block
|
|upkeep
|turn|26
|
|t:|1743860415
|move|p2a: Raging Bolt|Thunderclap||[still]
|-fail|p2a: Raging Bolt
|move|p1a: Delphox|Wish|p1a: Delphox
|
|-end|p2a: Raging Bolt|move: Heal Block
|upkeep
|turn|27
|
|t:|1743860418
|move|p2a: Raging Bolt|Thunderclap|p1a: Delphox
|-damage|p1a: Delphox|0 fnt
|faint|p1a: Delphox
|
|upkeep
|
|t:|1743860422
|switch|p1a: Breloom|Breloom, F|64/100
|turn|28
|
|t:|1743860425
|move|p2a: Raging Bolt|Thunderclap|p1a: Breloom
|-resisted|p1a: Breloom
|-damage|p1a: Breloom|17/100
|move|p1a: Breloom|Mach Punch|p2a: Raging Bolt
|-damage|p2a: Raging Bolt|0 fnt
|faint|p2a: Raging Bolt
|-end|p2a: Raging Bolt|Protosynthesis|[silent]
|
|win|jgtyfkyk
|raw|jgtyfkyk's rating: 1068 &rarr; <strong>1099</strong><br />(+31 for winning)
|raw|kaio2010's rating: 1082 &rarr; <strong>1059</strong><br />(-23 for losing)
|l|☆kaio2010
|player|p2|
|l|☆jgtyfkyk
|player|p1|
