|j|☆WonderGuardWill
|j|☆yveltyy
|t:|1743803774
|gametype|singles
|player|p1|WonderGuardWill|dancer|1391
|player|p2|yveltyy|plasmagruntf-gen5bw|1360
|teamsize|p1|6
|teamsize|p2|6
|gen|9
|tier|[Gen 9] OU
|rated|
|rule|HP Percentage Mod: HP is shown in percentages
|rule|Endless Battle Clause: Forcing endless battles is banned
|rule|Species Clause: Limit one of each Pokémon
|rule|OHKO Clause: OHKO moves are banned
|rule|Evasion Items Clause: Evasion items are banned
|rule|Evasion Moves Clause: Evasion moves are banned
|rule|Sleep Moves Clause: Sleep-inducing moves are banned
|clearpoke
|poke|p1|Darkrai|
|poke|p1|Garganacl, F|
|poke|p1|Espeon, M|
|poke|p1|Clodsire, F|
|poke|p1|Heatran, F|
|poke|p1|Gholdengo|
|poke|p2|Cinderace, M|
|poke|p2|Dragapult, M|
|poke|p2|Great Tusk|
|poke|p2|Hatterene, F|
|poke|p2|Torkoal, M|
|poke|p2|Walking Wake|
|teampreview
|inactive|Battle timer is ON: inactive players will automatically lose when time's up. (requested by yveltyy)
|
|t:|1743803782
|start
|switch|p1a: Garganacl|Garganacl, F|100/100
|switch|p2a: Cinderace|Cinderace, M|100/100
|turn|1
|
|t:|1743803789
|move|p2a: Cinderace|U-turn|p1a: Garganacl
|-start|p2a: Cinderace|typechange|Bug|[from] ability: Libero
|-damage|p1a: Garganacl|82/100
|
|t:|1743803794
|switch|p2a: Torkoal|Torkoal, M|100/100|[from] U-turn
|-weather|SunnyDay|[from] ability: Drought|[of] p2a: Torkoal
|move|p1a: Garganacl|Salt Cure|p2a: Torkoal
|-supereffective|p2a: Torkoal
|-damage|p2a: Torkoal|84/100
|-start|p2a: Torkoal|Salt Cure
|
|-weather|SunnyDay|[upkeep]
|-heal|p1a: Garganacl|88/100|[from] item: Leftovers
|-damage|p2a: Torkoal|72/100|[from] Salt Cure
|upkeep
|turn|2
|
|t:|1743803800
|switch|p1a: Espeon|Espeon, M|100/100
|move|p2a: Torkoal|Stealth Rock|p1a: Espeon
|move|p1a: Espeon|Stealth Rock|p2a: Torkoal|[from] ability: Magic Bounce
|-sidestart|p2: yveltyy|move: Stealth Rock
|
|-weather|SunnyDay|[upkeep]
|-damage|p2a: Torkoal|59/100|[from] Salt Cure
|upkeep
|turn|3
|
|t:|1743803806
|move|p1a: Espeon|Trick|p2a: Torkoal
|-activate|p1a: Espeon|move: Trick|[of] p2a: Torkoal
|-item|p2a: Torkoal|Choice Scarf|[from] move: Trick
|-item|p1a: Espeon|Heat Rock|[from] move: Trick
|move|p2a: Torkoal|Lava Plume|p1a: Espeon
|-damage|p1a: Espeon|54/100
|
|-weather|SunnyDay|[upkeep]
|-damage|p2a: Torkoal|47/100|[from] Salt Cure
|upkeep
|turn|4
|
|t:|1743803813
|move|p1a: Espeon|Future Sight|p2a: Torkoal
|-start|p1a: Espeon|move: Future Sight
|move|p2a: Torkoal|Lava Plume|p1a: Espeon
|-damage|p1a: Espeon|10/100
|
|-weather|SunnyDay|[upkeep]
|-damage|p2a: Torkoal|35/100|[from] Salt Cure
|upkeep
|turn|5
|
|t:|1743803817
|switch|p1a: Heatran|Heatran, F|100/100
|-item|p1a: Heatran|Air Balloon
|move|p2a: Torkoal|Lava Plume|p1a: Heatran
|-start|p1a: Heatran|ability: Flash Fire
|
|-weather|SunnyDay|[upkeep]
|-damage|p2a: Torkoal|22/100|[from] Salt Cure
|upkeep
|turn|6
|
|t:|1743803826
|move|p1a: Heatran|Magma Storm|p2a: Torkoal
|-resisted|p2a: Torkoal
|-damage|p2a: Torkoal|0 fnt
|faint|p2a: Torkoal
|
|-weather|SunnyDay|[upkeep]
|-hint|Future Sight did not hit because the target is fainted.
|upkeep
|
|t:|1743803841
|switch|p2a: Walking Wake|Walking Wake|100/100
|-damage|p2a: Walking Wake|88/100|[from] Stealth Rock
|-activate|p2a: Walking Wake|ability: Protosynthesis
|-start|p2a: Walking Wake|protosynthesisspe
|turn|7
|
|t:|1743803845
|-end|p1a: Heatran|ability: Flash Fire|[silent]
|switch|p1a: Clodsire|Clodsire, F|100/100
|move|p2a: Walking Wake|Substitute|p2a: Walking Wake
|-start|p2a: Walking Wake|Substitute
|-damage|p2a: Walking Wake|63/100
|
|-weather|SunnyDay|[upkeep]
|upkeep
|turn|8
|
|t:|1743803857
|move|p2a: Walking Wake|Draco Meteor|p1a: Clodsire
|-damage|p1a: Clodsire|68/100
|-unboost|p2a: Walking Wake|spa|2
|move|p1a: Clodsire|Toxic Spikes|p2a: Walking Wake
|-sidestart|p2: yveltyy|move: Toxic Spikes
|
|-weather|none
|-end|p2a: Walking Wake|Protosynthesis
|-heal|p1a: Clodsire|74/100|[from] item: Leftovers
|upkeep
|turn|9
|
|t:|1743803865
|switch|p1a: Espeon|Espeon, M|10/100
|move|p2a: Walking Wake|Draco Meteor|p1a: Espeon|[miss]
|-miss|p2a: Walking Wake|p1a: Espeon
|
|upkeep
|turn|10
|
|t:|1743803872
|move|p1a: Espeon|Alluring Voice|p2a: Walking Wake
|-supereffective|p2a: Walking Wake
|-damage|p2a: Walking Wake|1/100
|move|p2a: Walking Wake|Hydro Steam|p1a: Espeon
|-damage|p1a: Espeon|0 fnt
|faint|p1a: Espeon
|
|upkeep
|
|t:|1743803890
|switch|p1a: Clodsire|Clodsire, F|74/100
|turn|11
|
|t:|1743803894
|move|p2a: Walking Wake|Draco Meteor|p1a: Clodsire
|-damage|p1a: Clodsire|56/100
|-unboost|p2a: Walking Wake|spa|2
|move|p1a: Clodsire|Earthquake|p2a: Walking Wake
|-crit|p2a: Walking Wake
|-end|p2a: Walking Wake|Substitute
|
|-heal|p1a: Clodsire|62/100|[from] item: Leftovers
|upkeep
|turn|12
|
|t:|1743803900
|move|p2a: Walking Wake|Draco Meteor|p1a: Clodsire
|-crit|p1a: Clodsire
|-damage|p1a: Clodsire|8/100
|-unboost|p2a: Walking Wake|spa|2
|move|p1a: Clodsire|Toxic|p2a: Walking Wake
|-status|p2a: Walking Wake|tox
|
|-heal|p1a: Clodsire|15/100|[from] item: Leftovers
|-damage|p2a: Walking Wake|0 fnt|[from] psn
|faint|p2a: Walking Wake
|-end|p2a: Walking Wake|Protosynthesis|[silent]
|upkeep
|
|t:|1743803925
|switch|p2a: Dragapult|Dragapult, M|100/100
|-damage|p2a: Dragapult|88/100|[from] Stealth Rock
|-status|p2a: Dragapult|psn
|turn|13
|
|t:|1743803930
|move|p2a: Dragapult|Shadow Ball|p1a: Clodsire
|-damage|p1a: Clodsire|0 fnt
|faint|p1a: Clodsire
|-damage|p2a: Dragapult|78/100 psn|[from] item: Life Orb
|
|-damage|p2a: Dragapult|66/100 psn|[from] psn
|upkeep
|
|t:|1743803941
|switch|p1a: Heatran|Heatran, F|100/100
|-item|p1a: Heatran|Air Balloon
|turn|14
|
|t:|1743803948
|move|p2a: Dragapult|Shadow Ball|p1a: Heatran
|-damage|p1a: Heatran|63/100
|-enditem|p1a: Heatran|Air Balloon
|-damage|p2a: Dragapult|56/100 psn|[from] item: Life Orb
|move|p1a: Heatran|Magma Storm|p2a: Dragapult
|-resisted|p2a: Dragapult
|-damage|p2a: Dragapult|20/100 psn
|-activate|p2a: Dragapult|move: Magma Storm|[of] p1a: Heatran
|
|-damage|p2a: Dragapult|7/100 psn|[from] psn
|-damage|p2a: Dragapult|0 fnt|[from] move: Magma Storm|[partiallytrapped]
|faint|p2a: Dragapult
|upkeep
|
|t:|1743803956
|switch|p2a: Great Tusk|Great Tusk|100/100
|-damage|p2a: Great Tusk|98/100|[from] Stealth Rock
|-status|p2a: Great Tusk|psn
|turn|15
|
|t:|1743803965
|switch|p1a: Gholdengo|Gholdengo|100/100
|move|p2a: Great Tusk|Temper Flare|p1a: Gholdengo
|-supereffective|p1a: Gholdengo
|-damage|p1a: Gholdengo|43/100
|
|-damage|p2a: Great Tusk|85/100 psn|[from] psn
|upkeep
|turn|16
|
|t:|1743803975
|move|p1a: Gholdengo|Trick|p2a: Great Tusk
|-activate|p1a: Gholdengo|move: Trick|[of] p2a: Great Tusk
|-item|p2a: Great Tusk|Choice Scarf|[from] move: Trick
|-item|p1a: Gholdengo|Eject Pack|[from] move: Trick
|move|p2a: Great Tusk|Headlong Rush|p1a: Gholdengo
|-supereffective|p1a: Gholdengo
|-damage|p1a: Gholdengo|0 fnt
|-unboost|p2a: Great Tusk|def|1
|-unboost|p2a: Great Tusk|spd|1
|faint|p1a: Gholdengo
|
|-damage|p2a: Great Tusk|73/100 psn|[from] psn
|upkeep
|
|t:|1743803982
|switch|p1a: Garganacl|Garganacl, F|88/100
|turn|17
|
|t:|1743803990
|move|p1a: Garganacl|Protect|p1a: Garganacl
|-singleturn|p1a: Garganacl|Protect
|move|p2a: Great Tusk|Headlong Rush|p1a: Garganacl
|-activate|p1a: Garganacl|move: Protect
|
|-heal|p1a: Garganacl|94/100|[from] item: Leftovers
|-damage|p2a: Great Tusk|60/100 psn|[from] psn
|upkeep
|turn|18
|
|t:|1743803997
|-terastallize|p1a: Garganacl|Flying
|move|p2a: Great Tusk|Headlong Rush|p1a: Garganacl
|-immune|p1a: Garganacl
|move|p1a: Garganacl|Salt Cure|p2a: Great Tusk
|-resisted|p2a: Great Tusk
|-damage|p2a: Great Tusk|57/100 psn
|-start|p2a: Great Tusk|Salt Cure
|
|-heal|p1a: Garganacl|99/100|[from] item: Leftovers
|-damage|p2a: Great Tusk|45/100 psn|[from] psn
|-damage|p2a: Great Tusk|33/100 psn|[from] Salt Cure
|upkeep
|turn|19
|
|t:|1743804002
|-end|p2a: Great Tusk|Protosynthesis|[silent]
|switch|p2a: Hatterene|Hatterene, F|100/100
|-damage|p2a: Hatterene|88/100|[from] Stealth Rock
|-status|p2a: Hatterene|psn
|switch|p1a: Darkrai|Darkrai|100/100
|
|-damage|p2a: Hatterene|76/100 psn|[from] psn
|upkeep
|turn|20
|
|t:|1743804028
|-terastallize|p2a: Hatterene|Steel
|move|p1a: Darkrai|Trick|p2a: Hatterene
|-activate|p1a: Darkrai|move: Trick|[of] p2a: Hatterene
|-item|p2a: Hatterene|Choice Scarf|[from] move: Trick
|-item|p1a: Darkrai|Eject Button|[from] move: Trick
|move|p2a: Hatterene|Nuzzle|p1a: Darkrai
|-damage|p1a: Darkrai|95/100
|-status|p1a: Darkrai|par
|-enditem|p1a: Darkrai|Eject Button
|
|t:|1743804039
|switch|p1a: Garganacl|Garganacl, F, tera:Flying|99/100
|
|-heal|p1a: Garganacl|100/100|[from] item: Leftovers
|-damage|p2a: Hatterene|64/100 psn|[from] psn
|upkeep
|turn|21
|
|t:|1743804043
|move|p2a: Hatterene|Nuzzle|p1a: Garganacl
|-supereffective|p1a: Garganacl
|-damage|p1a: Garganacl|96/100
|move|p1a: Garganacl|Salt Cure|p2a: Hatterene
|-resisted|p2a: Hatterene
|-damage|p2a: Hatterene|57/100 psn
|-start|p2a: Hatterene|Salt Cure
|
|-heal|p1a: Garganacl|100/100|[from] item: Leftovers
|-damage|p2a: Hatterene|45/100 psn|[from] psn
|-damage|p2a: Hatterene|20/100 psn|[from] Salt Cure
|upkeep
|turn|22
|
|t:|1743804049
|switch|p2a: Cinderace|Cinderace, M|100/100
|-damage|p2a: Cinderace|76/100|[from] Stealth Rock
|-status|p2a: Cinderace|psn
|move|p1a: Garganacl|Salt Cure|p2a: Cinderace
|-supereffective|p2a: Cinderace
|-damage|p2a: Cinderace|38/100 psn
|-start|p2a: Cinderace|Salt Cure
|
|-damage|p2a: Cinderace|25/100 psn|[from] psn
|-damage|p2a: Cinderace|13/100 psn|[from] Salt Cure
|upkeep
|turn|23
|
|t:|1743804057
|switch|p1a: Heatran|Heatran, F|63/100
|move|p2a: Cinderace|Pyro Ball|p1a: Heatran
|-start|p1a: Heatran|ability: Flash Fire
|
|-damage|p2a: Cinderace|1/100 psn|[from] psn
|-damage|p2a: Cinderace|0 fnt|[from] Salt Cure
|faint|p2a: Cinderace
|upkeep
|
|t:|1743804062
|switch|p2a: Hatterene|Hatterene, F, tera:Steel|20/100 psn
|-damage|p2a: Hatterene|14/100 psn|[from] Stealth Rock
|turn|24
|
|t:|1743804069
|-end|p1a: Heatran|ability: Flash Fire|[silent]
|switch|p1a: Garganacl|Garganacl, F, tera:Flying|100/100
|move|p2a: Hatterene|Healing Wish|p2a: Hatterene
|faint|p2a: Hatterene
|
|upkeep
|
|t:|1743804073
|switch|p2a: Great Tusk|Great Tusk|33/100 psn
|-heal|p2a: Great Tusk|100/100|[from] move: Healing Wish
|-damage|p2a: Great Tusk|98/100|[from] Stealth Rock
|-status|p2a: Great Tusk|psn
|turn|25
|-message|yveltyy forfeited.
|
|win|WonderGuardWill
|raw|WonderGuardWill's rating: 1391 &rarr; <strong>1409</strong><br />(+18 for winning)
|raw|yveltyy's rating: 1360 &rarr; <strong>1342</strong><br />(-18 for losing)
|l|☆yveltyy
|player|p2|
