|j|☆Ruby Xoxo
|j|☆cbateadmira
|t:|1743873590
|gametype|singles
|player|p1|Ruby Xoxo|iris-gen5bw2|1611
|player|p2|cbateadmira|266|1621
|teamsize|p1|6
|teamsize|p2|6
|gen|9
|tier|[Gen 9] OU
|rated|
|rule|HP Percentage Mod: HP is shown in percentages
|rule|Endless Battle Clause: Forcing endless battles is banned
|rule|Species Clause: Limit one of each Pokémon
|rule|OHKO Clause: OHKO moves are banned
|rule|Evasion Items Clause: Evasion items are banned
|rule|Evasion Moves Clause: Evasion moves are banned
|rule|Sleep Moves Clause: Sleep-inducing moves are banned
|clearpoke
|poke|p1|Rotom-Frost|
|poke|p1|Pelipper, F|
|poke|p1|Kingdra, M|
|poke|p1|Overqwil, M|
|poke|p1|Iron Treads|
|poke|p1|Swampert, M|
|poke|p2|Iron Valiant|
|poke|p2|Araquanid, M|
|poke|p2|Gholdengo|
|poke|p2|Ninetales-Alola, F|
|poke|p2|Great Tusk|
|poke|p2|Kyurem|
|teampreview
|
|t:|1743873602
|start
|switch|p1a: Rotom|Rotom-Frost|100/100
|switch|p2a: Araquanid|Araquanid, M|100/100
|turn|1
|
|t:|1743873606
|move|p2a: Araquanid|Protect|p2a: Araquanid
|-singleturn|p2a: Araquanid|Protect
|move|p1a: Rotom|Volt Switch|p2a: Araquanid
|-activate|p2a: Araquanid|move: Protect
|
|upkeep
|turn|2
|
|t:|1743873613
|switch|p2a: Great Tusk|Great Tusk|100/100
|move|p1a: Rotom|Volt Switch|p2a: Great Tusk
|-immune|p2a: Great Tusk
|
|upkeep
|turn|3
|
|t:|1743873623
|-end|p2a: Great Tusk|Protosynthesis|[silent]
|switch|p2a: Araquanid|Araquanid, M|100/100
|switch|p1a: Pelipper|Pelipper, F|100/100
|-weather|RainDance|[from] ability: Drizzle|[of] p1a: Pelipper
|
|-weather|RainDance|[upkeep]
|upkeep
|turn|4
|
|t:|1743873628
|move|p1a: Pelipper|Hurricane|p2a: Araquanid
|-supereffective|p2a: Araquanid
|-damage|p2a: Araquanid|50/100
|move|p2a: Araquanid|Liquidation|p1a: Pelipper
|-resisted|p1a: Pelipper
|-damage|p1a: Pelipper|72/100
|
|-weather|RainDance|[upkeep]
|upkeep
|turn|5
|
|t:|1743873636
|move|p2a: Araquanid|Protect|p2a: Araquanid
|-singleturn|p2a: Araquanid|Protect
|move|p1a: Pelipper|Knock Off|p2a: Araquanid
|-activate|p2a: Araquanid|move: Protect
|
|-weather|RainDance|[upkeep]
|upkeep
|turn|6
|
|t:|1743873641
|move|p1a: Pelipper|Hurricane|p2a: Araquanid
|-supereffective|p2a: Araquanid
|-damage|p2a: Araquanid|0 fnt
|faint|p2a: Araquanid
|
|-weather|RainDance|[upkeep]
|upkeep
|
|t:|1743873645
|switch|p2a: Kyurem|Kyurem, shiny|100/100
|-ability|p2a: Kyurem|Pressure
|turn|7
|inactive|Battle timer is ON: inactive players will automatically lose when time's up. (requested by cbateadmira)
|
|t:|1743873663
|switch|p1a: Swampert|Swampert, M|100/100
|move|p2a: Kyurem|Dragon Dance|p2a: Kyurem
|-boost|p2a: Kyurem|atk|1
|-boost|p2a: Kyurem|spe|1
|
|-weather|RainDance|[upkeep]
|upkeep
|turn|8
|
|t:|1743873670
|move|p2a: Kyurem|Freeze-Dry|p1a: Swampert
|-supereffective|p1a: Swampert
|-damage|p1a: Swampert|0 fnt
|faint|p1a: Swampert
|
|-weather|RainDance|[upkeep]
|upkeep
|
|t:|1743873680
|switch|p1a: Kingdra|Kingdra, M|100/100
|turn|9
|
|t:|1743873688
|switch|p2a: Ninetales|Ninetales-Alola, F|100/100
|-weather|Snowscape|[from] ability: Snow Warning|[of] p2a: Ninetales
|move|p1a: Kingdra|Flip Turn|p2a: Ninetales
|-damage|p2a: Ninetales|87/100
|
|t:|1743873693
|switch|p1a: Iron Treads|Iron Treads|100/100|[from] Flip Turn
|
|-weather|Snowscape|[upkeep]
|upkeep
|turn|10
|
|t:|1743873698
|-end|p1a: Iron Treads|Quark Drive|[silent]
|switch|p1a: Pelipper|Pelipper, F|72/100
|-weather|RainDance|[from] ability: Drizzle|[of] p1a: Pelipper
|move|p2a: Ninetales|Aurora Veil||[still]
|-fail|p2a: Ninetales
|
|-weather|RainDance|[upkeep]
|upkeep
|turn|11
|
|t:|1743873709
|switch|p1a: Rotom|Rotom-Frost|100/100
|move|p2a: Ninetales|Freeze-Dry|p1a: Rotom
|-resisted|p1a: Rotom
|-damage|p1a: Rotom|91/100
|
|-weather|RainDance|[upkeep]
|upkeep
|turn|12
|
|t:|1743873736
|move|p2a: Ninetales|Freeze-Dry|p1a: Rotom
|-resisted|p1a: Rotom
|-damage|p1a: Rotom|80/100
|move|p1a: Rotom|Blizzard|p2a: Ninetales
|-resisted|p2a: Ninetales
|-damage|p2a: Ninetales|68/100
|
|-weather|RainDance|[upkeep]
|upkeep
|turn|13
|
|t:|1743873745
|move|p2a: Ninetales|Encore|p1a: Rotom
|-start|p1a: Rotom|Encore
|move|p1a: Rotom|Blizzard|p2a: Ninetales
|-resisted|p2a: Ninetales
|-damage|p2a: Ninetales|47/100
|
|-weather|RainDance|[upkeep]
|upkeep
|turn|14
|
|t:|1743873756
|switch|p2a: Kyurem|Kyurem, shiny|100/100
|-ability|p2a: Kyurem|Pressure
|switch|p1a: Iron Treads|Iron Treads|100/100
|
|-weather|RainDance|[upkeep]
|upkeep
|turn|15
|
|t:|1743873763
|switch|p2a: Gholdengo|Gholdengo|100/100
|-item|p2a: Gholdengo|Air Balloon
|move|p1a: Iron Treads|Knock Off|p2a: Gholdengo
|-supereffective|p2a: Gholdengo
|-damage|p2a: Gholdengo|31/100
|-enditem|p2a: Gholdengo|Air Balloon
|
|-weather|RainDance|[upkeep]
|upkeep
|turn|16
|
|t:|1743873770
|move|p1a: Iron Treads|Earthquake|p2a: Gholdengo
|-supereffective|p2a: Gholdengo
|-damage|p2a: Gholdengo|0 fnt
|faint|p2a: Gholdengo
|
|-weather|RainDance|[upkeep]
|upkeep
|
|t:|1743873773
|switch|p2a: Ninetales|Ninetales-Alola, F|47/100
|-weather|Snowscape|[from] ability: Snow Warning|[of] p2a: Ninetales
|turn|17
|
|t:|1743873781
|move|p2a: Ninetales|Freeze-Dry|p1a: Iron Treads
|-damage|p1a: Iron Treads|82/100
|-status|p1a: Iron Treads|frz
|-curestatus|p1a: Iron Treads|frz|[msg]
|move|p1a: Iron Treads|Earthquake|p2a: Ninetales
|-damage|p2a: Ninetales|5/100
|
|-weather|Snowscape|[upkeep]
|upkeep
|turn|18
|
|t:|1743873783
|-end|p1a: Iron Treads|Quark Drive|[silent]
|switch|p1a: Pelipper|Pelipper, F|72/100
|-weather|RainDance|[from] ability: Drizzle|[of] p1a: Pelipper
|move|p2a: Ninetales|Aurora Veil||[still]
|-fail|p2a: Ninetales
|
|-weather|RainDance|[upkeep]
|upkeep
|turn|19
|
|t:|1743873786
|switch|p1a: Rotom|Rotom-Frost|80/100
|move|p2a: Ninetales|Freeze-Dry|p1a: Rotom
|-resisted|p1a: Rotom
|-damage|p1a: Rotom|69/100
|
|-weather|RainDance|[upkeep]
|upkeep
|turn|20
|
|t:|1743873795
|move|p2a: Ninetales|Freeze-Dry|p1a: Rotom
|-resisted|p1a: Rotom
|-damage|p1a: Rotom|59/100
|move|p1a: Rotom|Volt Switch|p2a: Ninetales
|-damage|p2a: Ninetales|0 fnt
|faint|p2a: Ninetales
|
|t:|1743873798
|switch|p1a: Overqwil|Overqwil, M|100/100|[from] Volt Switch
|-item|p1a: Overqwil|Air Balloon
|
|-weather|RainDance|[upkeep]
|upkeep
|
|t:|1743873806
|switch|p2a: Great Tusk|Great Tusk|100/100
|turn|21
|
|t:|1743873809
|move|p1a: Overqwil|Swords Dance|p1a: Overqwil
|-boost|p1a: Overqwil|atk|2
|move|p2a: Great Tusk|Close Combat|p1a: Overqwil
|-damage|p1a: Overqwil|11/100
|-unboost|p2a: Great Tusk|def|1
|-unboost|p2a: Great Tusk|spd|1
|-enditem|p1a: Overqwil|Air Balloon
|-damage|p2a: Great Tusk|91/100|[from] item: Life Orb
|
|-weather|RainDance|[upkeep]
|upkeep
|turn|22
|
|t:|1743873816
|move|p1a: Overqwil|Liquidation|p2a: Great Tusk
|-supereffective|p2a: Great Tusk
|-damage|p2a: Great Tusk|0 fnt
|faint|p2a: Great Tusk
|-end|p2a: Great Tusk|Protosynthesis|[silent]
|
|-weather|RainDance|[upkeep]
|upkeep
|
|t:|1743873821
|switch|p2a: Iron Valiant|Iron Valiant|100/100
|-enditem|p2a: Iron Valiant|Booster Energy
|-activate|p2a: Iron Valiant|ability: Quark Drive|[fromitem]
|-start|p2a: Iron Valiant|quarkdrivespa
|turn|23
|
|t:|1743873826
|move|p2a: Iron Valiant|Vacuum Wave|p1a: Overqwil
|-damage|p1a: Overqwil|0 fnt
|faint|p1a: Overqwil
|
|-weather|RainDance|[upkeep]
|upkeep
|
|t:|1743873828
|switch|p1a: Kingdra|Kingdra, M|100/100
|turn|24
|j| m0chaman_829
|
|t:|1743873849
|move|p2a: Iron Valiant|Vacuum Wave|p1a: Kingdra
|-damage|p1a: Kingdra|68/100
|move|p1a: Kingdra|Weather Ball|p2a: Iron Valiant
|-damage|p2a: Iron Valiant|0 fnt
|faint|p2a: Iron Valiant
|-end|p2a: Iron Valiant|Quark Drive|[silent]
|
|-weather|RainDance|[upkeep]
|upkeep
|
|t:|1743873853
|switch|p2a: Kyurem|Kyurem, shiny|100/100
|-ability|p2a: Kyurem|Pressure
|turn|25
|
|t:|1743873857
|switch|p1a: Iron Treads|Iron Treads|82/100
|move|p2a: Kyurem|Dragon Dance|p2a: Kyurem
|-boost|p2a: Kyurem|atk|1
|-boost|p2a: Kyurem|spe|1
|
|-weather|none
|upkeep
|turn|26
|
|t:|1743873869
|move|p2a: Kyurem|Icicle Spear|p1a: Iron Treads
|-damage|p1a: Iron Treads|61/100
|-damage|p1a: Iron Treads|42/100
|-damage|p1a: Iron Treads|22/100
|-damage|p1a: Iron Treads|4/100
|-hitcount|p1a: Iron Treads|4
|move|p1a: Iron Treads|Knock Off|p2a: Kyurem
|-damage|p2a: Kyurem|71/100
|-enditem|p2a: Kyurem|Loaded Dice|[from] move: Knock Off|[of] p1a: Iron Treads
|
|upkeep
|turn|27
|
|t:|1743873878
|move|p2a: Kyurem|Dragon Dance|p2a: Kyurem
|-boost|p2a: Kyurem|atk|1
|-boost|p2a: Kyurem|spe|1
|move|p1a: Iron Treads|Earthquake|p2a: Kyurem
|-damage|p2a: Kyurem|28/100
|
|upkeep
|turn|28
|j| MiniLarry
|
|t:|1743873883
|move|p2a: Kyurem|Icicle Spear|p1a: Iron Treads
|-damage|p1a: Iron Treads|0 fnt
|faint|p1a: Iron Treads
|-end|p1a: Iron Treads|Quark Drive|[silent]
|-hitcount|p1: Iron Treads|1
|
|upkeep
|j| usernametestset
|
|t:|1743873889
|switch|p1a: Pelipper|Pelipper, F|72/100
|-weather|RainDance|[from] ability: Drizzle|[of] p1a: Pelipper
|turn|29
|
|t:|1743873892
|move|p2a: Kyurem|Icicle Spear|p1a: Pelipper
|-damage|p1a: Pelipper|50/100
|-damage|p1a: Pelipper|29/100
|-hitcount|p1a: Pelipper|2
|move|p1a: Pelipper|Hurricane|p2a: Kyurem
|-damage|p2a: Kyurem|0 fnt
|faint|p2a: Kyurem
|
|win|Ruby Xoxo
|raw|Ruby Xoxo's rating: 1611 &rarr; <strong>1632</strong><br />(+21 for winning)
|raw|cbateadmira's rating: 1621 &rarr; <strong>1600</strong><br />(-21 for losing)
|l|☆cbateadmira
|player|p2|
|l|☆Ruby Xoxo
|player|p1|
|l| usernametestset
