|j|☆DXSandstormsXD
|j|☆vientofrio
|t:|1743908809
|gametype|singles
|player|p1|DXSandstormsXD|169|1279
|player|p2|vientofrio|brycenman|1321
|teamsize|p1|6
|teamsize|p2|6
|gen|9
|tier|[Gen 9] OU
|rated|
|rule|HP Percentage Mod: HP is shown in percentages
|rule|Endless Battle Clause: Forcing endless battles is banned
|rule|Species Clause: Limit one of each Pokémon
|rule|OHKO Clause: OHKO moves are banned
|rule|Evasion Items Clause: Evasion items are banned
|rule|Evasion Moves Clause: Evasion moves are banned
|rule|Sleep Moves Clause: Sleep-inducing moves are banned
|clearpoke
|poke|p1|Leavanny, F|
|poke|p1|Ninetales, F|
|poke|p1|Ceruledge, F|
|poke|p1|Salamence, F|
|poke|p1|Great Tusk|
|poke|p1|Walking Wake|
|poke|p2|Excadrill, M|
|poke|p2|Dipplin, F|
|poke|p2|Cinderace, M|
|poke|p2|Primarina, F|
|poke|p2|Lokix, M|
|poke|p2|Kilowattrel, F|
|teampreview
|
|t:|1743908843
|start
|switch|p1a: Ninetales|Ninetales, F|100/100
|switch|p2a: Kilowattrel|Kilowattrel, F|100/100
|-weather|SunnyDay|[from] ability: Drought|[of] p1a: Ninetales
|turn|1
|inactive|Battle timer is ON: inactive players will automatically lose when time's up. (requested by DXSandstormsXD)
|
|t:|1743908859
|move|p2a: Kilowattrel|Air Slash|p1a: Ninetales
|-damage|p1a: Ninetales|43/100
|move|p1a: Ninetales|Weather Ball|p2a: Kilowattrel
|-damage|p2a: Kilowattrel|0 fnt
|faint|p2a: Kilowattrel
|
|-weather|SunnyDay|[upkeep]
|upkeep
|
|t:|1743908886
|switch|p2a: Lokix|Lokix, M|100/100
|turn|2
|
|t:|1743908892
|switch|p1a: Salamence|Salamence, F|100/100
|-ability|p1a: Salamence|Intimidate|boost
|-unboost|p2a: Lokix|atk|1
|move|p2a: Lokix|U-turn|p1a: Salamence
|-resisted|p1a: Salamence
|-damage|p1a: Salamence|75/100
|
|t:|1743908904
|switch|p2a: Primarina|Primarina, F, shiny|100/100|[from] U-turn
|
|-weather|SunnyDay|[upkeep]
|upkeep
|turn|3
|
|t:|1743908912
|switch|p1a: Leavanny|Leavanny, F, shiny|100/100
|move|p2a: Primarina|Flip Turn|p1a: Leavanny
|-resisted|p1a: Leavanny
|-crit|p1a: Leavanny
|-damage|p1a: Leavanny|93/100
|
|t:|1743908922
|switch|p2a: Lokix|Lokix, M|100/100|[from] Flip Turn
|
|-weather|SunnyDay|[upkeep]
|upkeep
|turn|4
|
|t:|1743908930
|switch|p1a: Salamence|Salamence, F|75/100
|-ability|p1a: Salamence|Intimidate|boost
|-unboost|p2a: Lokix|atk|1
|move|p2a: Lokix|U-turn|p1a: Salamence
|-resisted|p1a: Salamence
|-damage|p1a: Salamence|49/100
|inactive|vientofrio has 120 seconds left.
|
|t:|1743908953
|switch|p2a: Primarina|Primarina, F, shiny|100/100|[from] U-turn
|
|-weather|SunnyDay|[upkeep]
|upkeep
|turn|5
|inactive|vientofrio has 120 seconds left.
|
|t:|1743908961
|switch|p1a: Ceruledge|Ceruledge, F|100/100
|move|p2a: Primarina|Moonblast|p1a: Ceruledge
|-resisted|p1a: Ceruledge
|-damage|p1a: Ceruledge|73/100
|-unboost|p1a: Ceruledge|spa|1
|
|-weather|SunnyDay|[upkeep]
|upkeep
|turn|6
|inactive|vientofrio has 120 seconds left.
|
|t:|1743908988
|switch|p2a: Dipplin|Dipplin, F, shiny|100/100
|move|p1a: Ceruledge|Solar Blade||[still]
|-prepare|p1a: Ceruledge|Solar Blade
|-anim|p1a: Ceruledge|Solar Blade|p2a: Dipplin
|-resisted|p2a: Dipplin
|-damage|p2a: Dipplin|96/100
|
|-weather|SunnyDay|[upkeep]
|upkeep
|turn|7
|
|t:|1743908999
|switch|p1a: Leavanny|Leavanny, F, shiny|93/100
|move|p2a: Dipplin|Dragon Tail|p1a: Leavanny|[miss]
|-miss|p2a: Dipplin|p1a: Leavanny
|
|-weather|SunnyDay|[upkeep]
|upkeep
|turn|8
|
|t:|1743909010
|move|p1a: Leavanny|Triple Axel|p2a: Dipplin|[miss]
|-miss|p1a: Leavanny|p2a: Dipplin
|move|p2a: Dipplin|Infestation|p1a: Leavanny
|-supereffective|p1a: Leavanny
|-damage|p1a: Leavanny|78/100
|-activate|p1a: Leavanny|move: Infestation|[of] p2a: Dipplin
|
|-weather|none
|-damage|p1a: Leavanny|65/100|[from] move: Infestation|[partiallytrapped]
|upkeep
|turn|9
|inactive|vientofrio has 90 seconds left.
|
|t:|1743909044
|switch|p2a: Cinderace|Cinderace, M|100/100
|move|p1a: Leavanny|Sticky Web|p2a: Cinderace
|-sidestart|p2: vientofrio|move: Sticky Web
|
|-end|p1a: Leavanny|Infestation|[partiallytrapped]|[silent]
|upkeep
|turn|10
|inactive|vientofrio has 90 seconds left.
|
|t:|1743909059
|switch|p2a: Lokix|Lokix, M|100/100
|-activate|p2a: Lokix|move: Sticky Web
|-unboost|p2a: Lokix|spe|1
|switch|p1a: Great Tusk|Great Tusk|100/100
|
|upkeep
|turn|11
|
|t:|1743909072
|move|p2a: Lokix|Knock Off|p1a: Great Tusk
|-resisted|p1a: Great Tusk
|-damage|p1a: Great Tusk|65/100
|-enditem|p1a: Great Tusk|Heavy-Duty Boots|[from] move: Knock Off|[of] p2a: Lokix
|move|p1a: Great Tusk|Knock Off|p2a: Lokix
|-resisted|p2a: Lokix
|-damage|p2a: Lokix|72/100
|-enditem|p2a: Lokix|Choice Scarf|[from] move: Knock Off|[of] p1a: Great Tusk
|
|upkeep
|turn|12
|
|t:|1743909082
|move|p1a: Great Tusk|Rapid Spin|p2a: Lokix
|-damage|p2a: Lokix|43/100
|-boost|p1a: Great Tusk|spe|1
|move|p2a: Lokix|U-turn|p1a: Great Tusk
|-resisted|p1a: Great Tusk
|-damage|p1a: Great Tusk|43/100
|inactive|vientofrio has 60 seconds left.
|-message|vientofrio forfeited.
|
|win|DXSandstormsXD
|raw|DXSandstormsXD's rating: 1279 &rarr; <strong>1307</strong><br />(+28 for winning)
|raw|vientofrio's rating: 1321 &rarr; <strong>1299</strong><br />(-22 for losing)
|l|☆vientofrio
|player|p2|
|l|☆DXSandstormsXD
|player|p1|
