|j|☆tonto poya
|j|☆LunaPhoebe
|t:|1743912675
|gametype|singles
|player|p1|tonto poya|169|1062
|player|p2|LunaPhoebe|102|1085
|teamsize|p1|6
|teamsize|p2|6
|gen|9
|tier|[Gen 9] OU
|rated|
|rule|HP Percentage Mod: HP is shown in percentages
|rule|Endless Battle Clause: Forcing endless battles is banned
|rule|Species Clause: Limit one of each Pokémon
|rule|OHKO Clause: OHKO moves are banned
|rule|Evasion Items Clause: Evasion items are banned
|rule|Evasion Moves Clause: Evasion moves are banned
|rule|Sleep Moves Clause: Sleep-inducing moves are banned
|clearpoke
|poke|p1|Dragonite, M|
|poke|p1|Great Tusk|
|poke|p1|Incineroar, M|
|poke|p1|Azumarill, F|
|poke|p1|Galvantula, M|
|poke|p1|Toxapex, F|
|poke|p2|Hydrapple, F|
|poke|p2|Tinkaton, F|
|poke|p2|Moltres|
|poke|p2|Rotom-Wash|
|poke|p2|Great Tusk|
|poke|p2|Darkrai|
|teampreview
|
|t:|1743912699
|start
|switch|p1a: Azumarill|Azumarill, F|100/100
|switch|p2a: sewerslvt|Tinkaton, F|100/100
|-ability|p2a: sewerslvt|Mold Breaker
|turn|1
|
|t:|1743912709
|move|p2a: sewerslvt|Stealth Rock|p1a: Azumarill
|-sidestart|p1: tonto poya|move: Stealth Rock
|move|p1a: Azumarill|Belly Drum|p1a: Azumarill
|-damage|p1a: Azumarill|51/100
|-setboost|p1a: Azumarill|atk|6|[from] move: Belly Drum
|
|upkeep
|turn|2
|
|t:|1743912721
|-terastallize|p2a: sewerslvt|Water
|move|p1a: Azumarill|Aqua Jet|p2a: sewerslvt
|-resisted|p2a: sewerslvt
|-damage|p2a: sewerslvt|40/100
|move|p2a: sewerslvt|Encore|p1a: Azumarill
|-start|p1a: Azumarill|Encore
|
|-heal|p2a: sewerslvt|46/100|[from] item: Leftovers
|upkeep
|turn|3
|
|t:|1743912733
|move|p1a: Azumarill|Aqua Jet|p2a: sewerslvt
|-resisted|p2a: sewerslvt
|-damage|p2a: sewerslvt|0 fnt
|faint|p2a: sewerslvt
|
|upkeep
|
|t:|1743912735
|switch|p2a: deathconciousness|Hydrapple, F|100/100
|turn|4
|
|t:|1743912740
|move|p1a: Azumarill|Aqua Jet|p2a: deathconciousness
|-resisted|p2a: deathconciousness
|-damage|p2a: deathconciousness|81/100
|move|p2a: deathconciousness|Nasty Plot|p2a: deathconciousness
|-boost|p2a: deathconciousness|spa|2
|
|upkeep
|turn|5
|
|t:|1743912747
|move|p1a: Azumarill|Aqua Jet|p2a: deathconciousness
|-resisted|p2a: deathconciousness
|-damage|p2a: deathconciousness|61/100
|move|p2a: deathconciousness|Earth Power|p1a: Azumarill
|-damage|p1a: Azumarill|0 fnt
|faint|p1a: Azumarill
|
|upkeep
|
|t:|1743912755
|switch|p1a: Dragonite|Dragonite, M|100/100
|-damage|p1a: Dragonite|76/100|[from] Stealth Rock
|turn|6
|
|t:|1743912760
|move|p1a: Dragonite|Ice Spinner|p2a: deathconciousness
|-supereffective|p2a: deathconciousness
|-damage|p2a: deathconciousness|0 fnt
|faint|p2a: deathconciousness
|-damage|p1a: Dragonite|66/100|[from] item: Life Orb
|
|upkeep
|
|t:|1743912763
|switch|p2a: the paper chase|Rotom-Wash|100/100
|turn|7
|
|t:|1743912773
|switch|p1a: Toxapex|Toxapex, F|100/100
|-damage|p1a: Toxapex|88/100|[from] Stealth Rock
|move|p2a: the paper chase|Will-O-Wisp|p1a: Toxapex
|-status|p1a: Toxapex|brn
|
|-heal|p1a: Toxapex|94/100 brn|[from] item: Black Sludge
|-damage|p1a: Toxapex|88/100 brn|[from] brn
|upkeep
|turn|8
|
|t:|1743912786
|switch|p1a: Great Tusk|Great Tusk|100/100
|-damage|p1a: Great Tusk|97/100|[from] Stealth Rock
|-enditem|p1a: Great Tusk|Booster Energy
|-activate|p1a: Great Tusk|ability: Protosynthesis|[fromitem]
|-start|p1a: Great Tusk|protosynthesisdef
|move|p2a: the paper chase|Volt Switch|p1a: Great Tusk
|-immune|p1a: Great Tusk
|
|upkeep
|turn|9
|
|t:|1743912801
|move|p1a: Great Tusk|Rapid Spin|p2a: the paper chase
|-crit|p2a: the paper chase
|-damage|p2a: the paper chase|81/100
|-boost|p1a: Great Tusk|spe|1
|-damage|p1a: Great Tusk|81/100|[from] item: Rocky Helmet|[of] p2a: the paper chase
|-sideend|p1: tonto poya|Stealth Rock|[from] move: Rapid Spin|[of] p1a: Great Tusk
|move|p2a: the paper chase|Hydro Pump|p1a: Great Tusk
|-supereffective|p1a: Great Tusk
|-damage|p1a: Great Tusk|0 fnt
|faint|p1a: Great Tusk
|-end|p1a: Great Tusk|Protosynthesis|[silent]
|
|upkeep
|
|t:|1743912813
|switch|p1a: Galvantula|Galvantula, M|100/100
|turn|10
|
|t:|1743912822
|move|p1a: Galvantula|Sticky Web|p2a: the paper chase
|-sidestart|p2: LunaPhoebe|move: Sticky Web
|move|p2a: the paper chase|Volt Switch|p1a: Galvantula
|-resisted|p1a: Galvantula
|-damage|p1a: Galvantula|81/100
|
|t:|1743912827
|switch|p2a: machine girl|Great Tusk|100/100|[from] Volt Switch
|
|upkeep
|turn|11
|
|t:|1743912833
|switch|p1a: Dragonite|Dragonite, M|66/100
|move|p2a: machine girl|Headlong Rush|p1a: Dragonite
|-immune|p1a: Dragonite
|
|upkeep
|turn|12
|
|t:|1743912846
|move|p2a: machine girl|Rapid Spin|p1a: Dragonite
|-damage|p1a: Dragonite|47/100
|-boost|p2a: machine girl|spe|1
|-sideend|p2: LunaPhoebe|Sticky Web|[from] move: Rapid Spin|[of] p2a: machine girl
|move|p1a: Dragonite|Dragon Dance|p1a: Dragonite
|-boost|p1a: Dragonite|atk|1
|-boost|p1a: Dragonite|spe|1
|
|upkeep
|turn|13
|
|t:|1743912853
|move|p2a: machine girl|Ice Spinner|p1a: Dragonite
|-supereffective|p1a: Dragonite
|-damage|p1a: Dragonite|0 fnt
|faint|p1a: Dragonite
|
|upkeep
|-message|tonto poya forfeited.
|
|win|LunaPhoebe
|raw|tonto poya's rating: 1062 &rarr; <strong>1044</strong><br />(-18 for losing)
|raw|LunaPhoebe's rating: 1085 &rarr; <strong>1110</strong><br />(+25 for winning)
|l|☆tonto poya
|player|p1|
|l|☆LunaPhoebe
|player|p2|
