|j|☆obezer
|j|☆AgencyLanimort
|t:|1743847215
|gametype|singles
|player|p1|obezer|2|1318
|player|p2|AgencyLanimort|2|1370
|teamsize|p1|6
|teamsize|p2|6
|gen|9
|tier|[Gen 9] OU
|rated|
|rule|HP Percentage Mod: HP is shown in percentages
|rule|Endless Battle Clause: Forcing endless battles is banned
|rule|Species Clause: Limit one of each Pokémon
|rule|OHKO Clause: OHKO moves are banned
|rule|Evasion Items Clause: Evasion items are banned
|rule|Evasion Moves Clause: Evasion moves are banned
|rule|Sleep Moves Clause: Sleep-inducing moves are banned
|clearpoke
|poke|p1|Glimmora, M|
|poke|p1|Corviknight, F|
|poke|p1|Dragapult, F|
|poke|p1|Azumarill, F|
|poke|p1|Skeledirge, M|
|poke|p1|Garchomp, F|
|poke|p2|Salamence, F|
|poke|p2|Slowking-Galar, F|
|poke|p2|Landorus-Therian, M|
|poke|p2|Iron Valiant|
|poke|p2|Cinderace, F|
|poke|p2|Kingambit, F|
|teampreview
|
|t:|1743847219
|start
|switch|p1a: Glimmora|Glimmora, M|100/100
|switch|p2a: Iron Valiant|Iron Valiant|100/100
|-enditem|p2a: Iron Valiant|Booster Energy
|-activate|p2a: Iron Valiant|ability: Quark Drive|[fromitem]
|-start|p2a: Iron Valiant|quarkdrivespe
|turn|1
|
|t:|1743847231
|move|p2a: Iron Valiant|Knock Off|p1a: Glimmora
|-damage|p1a: Glimmora|66/100
|-activate|p1a: Glimmora|ability: Toxic Debris
|-sidestart|p2: AgencyLanimort|move: Toxic Spikes
|-enditem|p1a: Glimmora|Focus Sash|[from] move: Knock Off|[of] p2a: Iron Valiant
|move|p1a: Glimmora|Stealth Rock|p2a: Iron Valiant
|-sidestart|p2: AgencyLanimort|move: Stealth Rock
|
|upkeep
|turn|2
|
|t:|1743847244
|move|p2a: Iron Valiant|Close Combat|p1a: Glimmora
|-damage|p1a: Glimmora|0 fnt
|-unboost|p2a: Iron Valiant|def|1
|-unboost|p2a: Iron Valiant|spd|1
|-activate|p1a: Glimmora|ability: Toxic Debris
|-sidestart|p2: AgencyLanimort|move: Toxic Spikes
|faint|p1a: Glimmora
|
|upkeep
|
|t:|1743847258
|switch|p1a: Azumarill|Azumarill, F|100/100
|turn|3
|
|t:|1743847264
|move|p2a: Iron Valiant|Knock Off|p1a: Azumarill
|-resisted|p1a: Azumarill
|-damage|p1a: Azumarill|86/100
|-enditem|p1a: Azumarill|Choice Band|[from] move: Knock Off|[of] p2a: Iron Valiant
|move|p1a: Azumarill|Liquidation|p2a: Iron Valiant
|-damage|p2a: Iron Valiant|5/100
|-unboost|p2a: Iron Valiant|def|1
|
|upkeep
|turn|4
|
|t:|1743847274
|move|p1a: Azumarill|Aqua Jet|p2a: Iron Valiant
|-damage|p2a: Iron Valiant|0 fnt
|faint|p2a: Iron Valiant
|-end|p2a: Iron Valiant|Quark Drive|[silent]
|
|upkeep
|
|t:|1743847277
|switch|p2a: Slowking|Slowking-Galar, F|100/100
|-sideend|p2: AgencyLanimort|move: Toxic Spikes|[of] p2a: Slowking
|turn|5
|
|t:|1743847283
|switch|p1a: Garchomp|Garchomp, F|100/100
|move|p2a: Slowking|Future Sight|p1a: Garchomp
|-start|p2a: Slowking|move: Future Sight
|
|upkeep
|turn|6
|
|t:|1743847287
|move|p1a: Garchomp|Spikes|p2a: Slowking
|-sidestart|p2: AgencyLanimort|Spikes
|move|p2a: Slowking|Future Sight||[still]
|-fail|p2a: Slowking
|
|upkeep
|turn|7
|
|t:|1743847290
|move|p1a: Garchomp|Spikes|p2a: Slowking
|-sidestart|p2: AgencyLanimort|Spikes
|-prepare|p2a: Slowking|Chilly Reception|[premajor]
|move|p2a: Slowking|Chilly Reception|p2a: Slowking
|-weather|Snowscape
|
|t:|1743847295
|switch|p2a: Salamence|Salamence, F|100/100|[from] Chilly Reception
|
|-weather|Snowscape|[upkeep]
|-end|p1a: Garchomp|move: Future Sight
|-damage|p1a: Garchomp|56/100
|-heal|p1a: Garchomp|62/100|[from] item: Leftovers
|upkeep
|turn|8
|
|t:|1743847303
|move|p2a: Salamence|Dragon Dance|p2a: Salamence
|-boost|p2a: Salamence|atk|1
|-boost|p2a: Salamence|spe|1
|move|p1a: Garchomp|Dragon Tail|p2a: Salamence
|-supereffective|p2a: Salamence
|-damage|p2a: Salamence|31/100
|drag|p2a: Slowking|Slowking-Galar, F|100/100
|
|-weather|Snowscape|[upkeep]
|-heal|p1a: Garchomp|69/100|[from] item: Leftovers
|upkeep
|turn|9
|
|t:|1743847312
|move|p1a: Garchomp|Spikes|p2a: Slowking
|-sidestart|p2: AgencyLanimort|Spikes
|move|p2a: Slowking|Future Sight|p1a: Garchomp
|-start|p2a: Slowking|move: Future Sight
|
|-weather|Snowscape|[upkeep]
|-heal|p1a: Garchomp|75/100|[from] item: Leftovers
|upkeep
|turn|10
|
|t:|1743847318
|move|p1a: Garchomp|Earthquake|p2a: Slowking
|-supereffective|p2a: Slowking
|-damage|p2a: Slowking|18/100
|move|p2a: Slowking|Toxic|p1a: Garchomp
|-status|p1a: Garchomp|tox
|
|-weather|Snowscape|[upkeep]
|-heal|p1a: Garchomp|81/100 tox|[from] item: Leftovers
|-damage|p1a: Garchomp|75/100 tox|[from] psn
|upkeep
|turn|11
|
|t:|1743847328
|switch|p2a: Landorus|Landorus-Therian, M|100/100
|-damage|p2a: Landorus|88/100|[from] Stealth Rock
|-ability|p2a: Landorus|Intimidate|boost
|-unboost|p1a: Garchomp|atk|1
|move|p1a: Garchomp|Dragon Tail|p2a: Landorus
|-damage|p2a: Landorus|73/100
|-damage|p1a: Garchomp|58/100 tox|[from] item: Rocky Helmet|[of] p2a: Landorus
|drag|p2a: Salamence|Salamence, F|31/100
|
|-weather|none
|-end|p1a: Garchomp|move: Future Sight
|-damage|p1a: Garchomp|16/100 tox
|-heal|p1a: Garchomp|22/100 tox|[from] item: Leftovers
|-damage|p1a: Garchomp|10/100 tox|[from] psn
|upkeep
|turn|12
|
|t:|1743847341
|move|p2a: Salamence|Earthquake|p1a: Garchomp
|-damage|p1a: Garchomp|0 fnt
|faint|p1a: Garchomp
|-ability|p2a: Salamence|Moxie|boost
|-boost|p2a: Salamence|atk|1
|
|upkeep
|
|t:|1743847351
|switch|p1a: Dragapult|Dragapult, F|100/100
|turn|13
|
|t:|1743847356
|move|p1a: Dragapult|Shadow Ball|p2a: Salamence
|-damage|p2a: Salamence|0 fnt
|faint|p2a: Salamence
|
|upkeep
|
|t:|1743847364
|switch|p2a: Slowking|Slowking-Galar, F|51/100
|turn|14
|
|t:|1743847367
|move|p1a: Dragapult|Shadow Ball|p2a: Slowking
|-supereffective|p2a: Slowking
|-damage|p2a: Slowking|0 fnt
|faint|p2a: Slowking
|
|upkeep
|
|t:|1743847370
|switch|p2a: Landorus|Landorus-Therian, M|73/100
|-damage|p2a: Landorus|61/100|[from] Stealth Rock
|-ability|p2a: Landorus|Intimidate|boost
|-unboost|p1a: Dragapult|atk|1
|turn|15
|
|t:|1743847374
|move|p1a: Dragapult|Shadow Ball|p2a: Landorus
|-damage|p2a: Landorus|3/100
|move|p2a: Landorus|Stealth Rock|p1a: Dragapult
|-sidestart|p1: obezer|move: Stealth Rock
|
|upkeep
|turn|16
|
|t:|1743847379
|move|p1a: Dragapult|Shadow Ball|p2a: Landorus
|-damage|p2a: Landorus|0 fnt
|faint|p2a: Landorus
|
|upkeep
|
|t:|1743847383
|switch|p2a: Cinderace|Cinderace, F|100/100
|turn|17
|
|t:|1743847386
|move|p1a: Dragapult|Shadow Ball|p2a: Cinderace
|-damage|p2a: Cinderace|27/100
|move|p2a: Cinderace|Court Change|p2a: Cinderace
|-start|p2a: Cinderace|typechange|Normal|[from] ability: Libero
|-swapsideconditions
|-activate|p2a: Cinderace|move: Court Change
|
|upkeep
|turn|18
|
|t:|1743847392
|move|p1a: Dragapult|Shadow Ball|p2a: Cinderace
|-immune|p2a: Cinderace
|move|p2a: Cinderace|U-turn|p1a: Dragapult
|-resisted|p1a: Dragapult
|-crit|p1a: Dragapult
|-damage|p1a: Dragapult|77/100
|
|t:|1743847394
|switch|p2a: Kingambit|Kingambit, F|100/100|[from] U-turn
|-damage|p2a: Kingambit|94/100|[from] Stealth Rock
|-activate|p2a: Kingambit|ability: Supreme Overlord
|-start|p2a: Kingambit|fallen4|[silent]
|
|-heal|p2a: Kingambit|100/100|[from] item: Leftovers
|upkeep
|turn|19
|
|t:|1743847397
|switch|p1a: Corviknight|Corviknight, F|100/100
|-damage|p1a: Corviknight|88/100|[from] Stealth Rock
|-ability|p1a: Corviknight|Pressure
|move|p2a: Kingambit|Swords Dance|p2a: Kingambit
|-boost|p2a: Kingambit|atk|2
|
|upkeep
|turn|20
|
|t:|1743847406
|move|p1a: Corviknight|U-turn|p2a: Kingambit
|-damage|p2a: Kingambit|89/100
|
|t:|1743847413
|switch|p1a: Skeledirge|Skeledirge, M|100/100|[from] U-turn
|move|p2a: Kingambit|Kowtow Cleave|p1a: Skeledirge
|-supereffective|p1a: Skeledirge
|-damage|p1a: Skeledirge|16/100
|
|-heal|p2a: Kingambit|96/100|[from] item: Leftovers
|upkeep
|turn|21
|
|t:|1743847420
|-terastallize|p2a: Kingambit|Fairy
|move|p1a: Skeledirge|Will-O-Wisp|p2a: Kingambit
|-status|p2a: Kingambit|brn
|move|p2a: Kingambit|Iron Head|p1a: Skeledirge
|-resisted|p1a: Skeledirge
|-damage|p1a: Skeledirge|5/100
|
|-heal|p2a: Kingambit|100/100 brn|[from] item: Leftovers
|-damage|p2a: Kingambit|94/100 brn|[from] brn
|upkeep
|turn|22
|
|t:|1743847428
|move|p1a: Skeledirge|Slack Off|p1a: Skeledirge
|-heal|p1a: Skeledirge|55/100
|move|p2a: Kingambit|Kowtow Cleave|p1a: Skeledirge
|-supereffective|p1a: Skeledirge
|-damage|p1a: Skeledirge|11/100
|
|-heal|p2a: Kingambit|100/100 brn|[from] item: Leftovers
|-damage|p2a: Kingambit|94/100 brn|[from] brn
|upkeep
|turn|23
|
|t:|1743847437
|move|p1a: Skeledirge|Slack Off|p1a: Skeledirge
|-heal|p1a: Skeledirge|61/100
|move|p2a: Kingambit|Swords Dance|p2a: Kingambit
|-boost|p2a: Kingambit|atk|2
|
|-heal|p2a: Kingambit|100/100 brn|[from] item: Leftovers
|-damage|p2a: Kingambit|94/100 brn|[from] brn
|upkeep
|turn|24
|
|t:|1743847442
|move|p1a: Skeledirge|Torch Song|p2a: Kingambit
|-damage|p2a: Kingambit|65/100 brn
|-boost|p1a: Skeledirge|spa|1
|move|p2a: Kingambit|Kowtow Cleave|p1a: Skeledirge
|-supereffective|p1a: Skeledirge
|-damage|p1a: Skeledirge|18/100
|
|-heal|p2a: Kingambit|71/100 brn|[from] item: Leftovers
|-damage|p2a: Kingambit|65/100 brn|[from] brn
|upkeep
|turn|25
|
|t:|1743847450
|move|p1a: Skeledirge|Slack Off|p1a: Skeledirge
|-heal|p1a: Skeledirge|68/100
|move|p2a: Kingambit|Kowtow Cleave|p1a: Skeledirge
|-supereffective|p1a: Skeledirge
|-damage|p1a: Skeledirge|29/100
|
|-heal|p2a: Kingambit|71/100 brn|[from] item: Leftovers
|-damage|p2a: Kingambit|65/100 brn|[from] brn
|upkeep
|turn|26
|
|t:|1743847460
|-end|p2a: Kingambit|fallen4|[silent]
|switch|p2a: Cinderace|Cinderace, F|27/100
|move|p1a: Skeledirge|Slack Off|p1a: Skeledirge
|-heal|p1a: Skeledirge|79/100
|
|upkeep
|turn|27
|
|t:|1743847466
|move|p2a: Cinderace|Pyro Ball|p1a: Skeledirge
|-resisted|p1a: Skeledirge
|-crit|p1a: Skeledirge
|-damage|p1a: Skeledirge|51/100
|move|p1a: Skeledirge|Torch Song|p2a: Cinderace
|-resisted|p2a: Cinderace
|-damage|p2a: Cinderace|0 fnt
|-boost|p1a: Skeledirge|spa|1
|faint|p2a: Cinderace
|
|upkeep
|
|t:|1743847469
|switch|p2a: Kingambit|Kingambit, F, tera:Fairy|65/100 brn
|-damage|p2a: Kingambit|53/100 brn|[from] Stealth Rock
|-activate|p2a: Kingambit|ability: Supreme Overlord
|-start|p2a: Kingambit|fallen5|[silent]
|turn|28
|
|t:|1743847471
|move|p1a: Skeledirge|Torch Song|p2a: Kingambit
|-damage|p2a: Kingambit|0 fnt
|-boost|p1a: Skeledirge|spa|1
|faint|p2a: Kingambit
|-end|p2a: Kingambit|fallen5|[silent]
|
|win|obezer
|raw|obezer's rating: 1318 &rarr; <strong>1341</strong><br />(+23 for winning)
|raw|AgencyLanimort's rating: 1370 &rarr; <strong>1347</strong><br />(-23 for losing)
|l|☆AgencyLanimort
|player|p2|
|l|☆obezer
|player|p1|
