|j|☆Aidsfish45
|j|☆xlacx
|t:|1743787985
|gametype|singles
|player|p1|Aidsfish45|265|1325
|player|p2|xlacx|rosa|1399
|teamsize|p1|6
|teamsize|p2|6
|gen|9
|tier|[Gen 9] OU
|rated|
|rule|HP Percentage Mod: HP is shown in percentages
|rule|Endless Battle Clause: Forcing endless battles is banned
|rule|Species Clause: Limit one of each Pokémon
|rule|OHKO Clause: OHKO moves are banned
|rule|Evasion Items Clause: Evasion items are banned
|rule|Evasion Moves Clause: Evasion moves are banned
|rule|Sleep Moves Clause: Sleep-inducing moves are banned
|clearpoke
|poke|p1|Cinccino, M|
|poke|p1|Dragonite, F|
|poke|p1|Porygon2|
|poke|p1|Arcanine, F|
|poke|p1|Gengar, F|
|poke|p1|Rotom-Wash|
|poke|p2|Ribombee, M|
|poke|p2|Rillaboom, M|
|poke|p2|Gholdengo|
|poke|p2|Ceruledge, M|
|poke|p2|Hawlucha, M|
|poke|p2|Salamence, M|
|teampreview
|
|t:|1743787991
|start
|switch|p1a: Cinccino|Cinccino, M|100/100
|switch|p2a: Ribombee|Ribombee, M, shiny|100/100
|turn|1
|inactive|Battle timer is ON: inactive players will automatically lose when time's up. (requested by Aidsfish45)
|
|t:|1743788004
|move|p2a: Ribombee|Sticky Web|p1a: Cinccino
|-sidestart|p1: Aidsfish45|move: Sticky Web
|move|p1a: Cinccino|Tidy Up|p1a: Cinccino
|-sideend|p1: Aidsfish45|Sticky Web
|-activate|p1a: Cinccino|move: Tidy Up
|-boost|p1a: Cinccino|atk|1
|-boost|p1a: Cinccino|spe|1
|
|upkeep
|turn|2
|
|t:|1743788012
|move|p1a: Cinccino|Tidy Up|p1a: Cinccino
|-boost|p1a: Cinccino|atk|1
|-boost|p1a: Cinccino|spe|1
|move|p2a: Ribombee|Stun Spore|p1a: Cinccino|[miss]
|-miss|p2a: Ribombee|p1a: Cinccino
|
|upkeep
|turn|3
|
|t:|1743788023
|move|p1a: Cinccino|Rock Blast|p2a: Ribombee
|-supereffective|p2a: Ribombee
|-damage|p2a: Ribombee|17/100
|-supereffective|p2a: Ribombee
|-crit|p2a: Ribombee
|-damage|p2a: Ribombee|0 fnt
|faint|p2a: Ribombee
|-hitcount|p2: Ribombee|2
|
|upkeep
|inactive|xlacx has 120 seconds left.
|
|t:|1743788057
|switch|p2a: Salamence|Salamence, M|100/100
|-ability|p2a: Salamence|Intimidate|boost
|-unboost|p1a: Cinccino|atk|1
|turn|4
|inactive|xlacx has 120 seconds left.
|inactive|xlacx has 90 seconds left.
|
|t:|1743788098
|move|p1a: Cinccino|Rock Blast|p2a: Salamence
|-supereffective|p2a: Salamence
|-damage|p2a: Salamence|69/100
|-supereffective|p2a: Salamence
|-damage|p2a: Salamence|37/100
|-supereffective|p2a: Salamence
|-damage|p2a: Salamence|4/100
|-supereffective|p2a: Salamence
|-damage|p2a: Salamence|0 fnt
|faint|p2a: Salamence
|-hitcount|p2: Salamence|4
|
|upkeep
|inactive|xlacx has 90 seconds left.
|
|t:|1743788108
|switch|p2a: Rillaboom|Rillaboom, M|100/100
|-fieldstart|move: Grassy Terrain|[from] ability: Grassy Surge|[of] p2a: Rillaboom
|turn|5
|
|t:|1743788117
|move|p2a: Rillaboom|Grassy Glide|p1a: Cinccino
|-damage|p1a: Cinccino|30/100
|move|p1a: Cinccino|Tail Slap|p2a: Rillaboom|[miss]
|-miss|p1a: Cinccino|p2a: Rillaboom
|
|-heal|p1a: Cinccino|37/100|[from] Grassy Terrain
|upkeep
|turn|6
|
|t:|1743788125
|move|p2a: Rillaboom|Grassy Glide|p1a: Cinccino
|-damage|p1a: Cinccino|0 fnt
|faint|p1a: Cinccino
|
|upkeep
|
|t:|1743788127
|switch|p1a: Porygon2|Porygon2|100/100
|-ability|p1a: Porygon2|Download|boost
|-boost|p1a: Porygon2|spa|1
|turn|7
|
|t:|1743788133
|move|p2a: Rillaboom|Knock Off|p1a: Porygon2
|-damage|p1a: Porygon2|78/100
|-enditem|p1a: Porygon2|Eviolite|[from] move: Knock Off|[of] p2a: Rillaboom
|move|p1a: Porygon2|Ice Beam|p2a: Rillaboom
|-supereffective|p2a: Rillaboom
|-damage|p2a: Rillaboom|35/100
|
|-heal|p2a: Rillaboom|41/100|[from] Grassy Terrain
|-heal|p1a: Porygon2|84/100|[from] Grassy Terrain
|upkeep
|turn|8
|
|t:|1743788142
|move|p2a: Rillaboom|U-turn|p1a: Porygon2
|-damage|p1a: Porygon2|59/100
|
|t:|1743788157
|switch|p2a: Ceruledge|Ceruledge, M, shiny|100/100|[from] U-turn
|move|p1a: Porygon2|Shadow Ball|p2a: Ceruledge
|-supereffective|p2a: Ceruledge
|-damage|p2a: Ceruledge|4/100
|
|-heal|p2a: Ceruledge|10/100|[from] Grassy Terrain
|-heal|p1a: Porygon2|65/100|[from] Grassy Terrain
|upkeep
|turn|9
|
|t:|1743788172
|move|p2a: Ceruledge|Bitter Blade|p1a: Porygon2
|-damage|p1a: Porygon2|22/100
|-heal|p2a: Ceruledge|38/100|[from] drain|[of] p1a: Porygon2
|move|p1a: Porygon2|Recover|p1a: Porygon2
|-heal|p1a: Porygon2|72/100
|
|-heal|p2a: Ceruledge|44/100|[from] Grassy Terrain
|-heal|p1a: Porygon2|78/100|[from] Grassy Terrain
|-fieldend|move: Grassy Terrain
|upkeep
|turn|10
|
|t:|1743788181
|move|p2a: Ceruledge|Swords Dance|p2a: Ceruledge
|-boost|p2a: Ceruledge|atk|2
|move|p1a: Porygon2|Shadow Ball|p2a: Ceruledge
|-supereffective|p2a: Ceruledge
|-damage|p2a: Ceruledge|0 fnt
|faint|p2a: Ceruledge
|
|upkeep
|
|t:|1743788199
|switch|p2a: Gholdengo|Gholdengo|100/100
|-item|p2a: Gholdengo|Air Balloon
|turn|11
|
|t:|1743788203
|move|p2a: Gholdengo|Nasty Plot|p2a: Gholdengo
|-boost|p2a: Gholdengo|spa|2
|move|p1a: Porygon2|Shadow Ball|p2a: Gholdengo
|-supereffective|p2a: Gholdengo
|-damage|p2a: Gholdengo|20/100
|-enditem|p2a: Gholdengo|Air Balloon
|
|upkeep
|turn|12
|
|t:|1743788216
|move|p2a: Gholdengo|Make It Rain|p1a: Porygon2
|-damage|p1a: Porygon2|0 fnt
|-unboost|p2a: Gholdengo|spa|1
|faint|p1a: Porygon2
|
|upkeep
|
|t:|1743788218
|switch|p1a: Gengar|Gengar, F|100/100
|turn|13
|inactive|xlacx has 120 seconds left.
|
|t:|1743788236
|move|p1a: Gengar|Shadow Ball|p2a: Gholdengo
|-supereffective|p2a: Gholdengo
|-damage|p2a: Gholdengo|0 fnt
|faint|p2a: Gholdengo
|
|upkeep
|
|t:|1743788241
|switch|p2a: Rillaboom|Rillaboom, M|41/100
|-fieldstart|move: Grassy Terrain|[from] ability: Grassy Surge|[of] p2a: Rillaboom
|turn|14
|inactive|xlacx has 120 seconds left.
|
|t:|1743788246
|move|p2a: Rillaboom|Grassy Glide|p1a: Gengar
|-resisted|p1a: Gengar
|-damage|p1a: Gengar|62/100
|move|p1a: Gengar|Shadow Ball|p2a: Rillaboom
|-damage|p2a: Rillaboom|12/100
|
|-heal|p1a: Gengar|68/100|[from] Grassy Terrain
|-heal|p2a: Rillaboom|18/100|[from] Grassy Terrain
|upkeep
|turn|15
|inactive|xlacx has 120 seconds left.
|
|t:|1743788258
|move|p2a: Rillaboom|Grassy Glide|p1a: Gengar
|-resisted|p1a: Gengar
|-damage|p1a: Gengar|32/100
|move|p1a: Gengar|Shadow Ball|p2a: Rillaboom
|-damage|p2a: Rillaboom|0 fnt
|faint|p2a: Rillaboom
|
|-heal|p1a: Gengar|38/100|[from] Grassy Terrain
|upkeep
|inactive|xlacx has 120 seconds left.
|
|t:|1743788266
|switch|p2a: Hawlucha|Hawlucha, M|100/100
|-enditem|p2a: Hawlucha|Grassy Seed
|-boost|p2a: Hawlucha|def|1|[from] item: Grassy Seed
|turn|16
|
|t:|1743788274
|move|p2a: Hawlucha|Swords Dance|p2a: Hawlucha
|-boost|p2a: Hawlucha|atk|2
|move|p1a: Gengar|Shadow Ball|p2a: Hawlucha
|-damage|p2a: Hawlucha|31/100
|
|-heal|p1a: Gengar|45/100|[from] Grassy Terrain
|upkeep
|turn|17
|
|t:|1743788281
|move|p2a: Hawlucha|Throat Chop|p1a: Gengar
|-supereffective|p1a: Gengar
|-damage|p1a: Gengar|0 fnt
|faint|p1a: Gengar
|
|upkeep
|
|t:|1743788289
|switch|p1a: Dragonite|Dragonite, F|100/100
|turn|18
|
|t:|1743788304
|-terastallize|p2a: Hawlucha|Steel
|move|p1a: Dragonite|Extreme Speed|p2a: Hawlucha
|-resisted|p2a: Hawlucha
|-crit|p2a: Hawlucha
|-damage|p2a: Hawlucha|2/100
|move|p2a: Hawlucha|Drain Punch|p1a: Dragonite
|-resisted|p1a: Dragonite
|-damage|p1a: Dragonite|83/100
|-heal|p2a: Hawlucha|10/100|[from] drain|[of] p1a: Dragonite
|
|-heal|p2a: Hawlucha|17/100|[from] Grassy Terrain
|-fieldend|move: Grassy Terrain
|upkeep
|turn|19
|
|t:|1743788321
|move|p2a: Hawlucha|Drain Punch|p1a: Dragonite
|-resisted|p1a: Dragonite
|-damage|p1a: Dragonite|51/100
|-heal|p2a: Hawlucha|32/100|[from] drain|[of] p1a: Dragonite
|move|p1a: Dragonite|Fire Punch|p2a: Hawlucha
|-supereffective|p2a: Hawlucha
|-damage|p2a: Hawlucha|0 fnt
|faint|p2a: Hawlucha
|
|win|Aidsfish45
|raw|Aidsfish45's rating: 1325 &rarr; <strong>1349</strong><br />(+24 for winning)
|raw|xlacx's rating: 1399 &rarr; <strong>1375</strong><br />(-24 for losing)
|c|☆Aidsfish45|gg
|l|☆xlacx
|player|p2|
|l|☆Aidsfish45
|player|p1|
