|j|☆TOXICccccccccccccc
|j|☆Javi1410
|t:|1743893946
|gametype|singles
|player|p1|TOXICccccccccccccc|hiker-gen4|1133
|player|p2|Javi1410|102|1136
|teamsize|p1|6
|teamsize|p2|6
|gen|9
|tier|[Gen 9] OU
|rated|
|rule|HP Percentage Mod: HP is shown in percentages
|rule|Endless Battle Clause: Forcing endless battles is banned
|rule|Species Clause: Limit one of each Pokémon
|rule|OHKO Clause: OHKO moves are banned
|rule|Evasion Items Clause: Evasion items are banned
|rule|Evasion Moves Clause: Evasion moves are banned
|rule|Sleep Moves Clause: Sleep-inducing moves are banned
|clearpoke
|poke|p1|Glimmora, M|
|poke|p1|Salazzle, F|
|poke|p1|Pecharunt|
|poke|p1|Alomomola, F|
|poke|p1|Samurott-Hisui, M|
|poke|p1|Garchomp, M|
|poke|p2|Moltres-Galar|
|poke|p2|Zoroark-Hisui, M|
|poke|p2|Vileplume, F|
|poke|p2|Garganacl, F|
|poke|p2|Iron Treads|
|poke|p2|Okidogi, M|
|teampreview
|inactive|Battle timer is ON: inactive players will automatically lose when time's up. (requested by TOXICccccccccccccc)
|
|t:|1743893957
|start
|switch|p1a: Samurott|Samurott-Hisui, M|100/100
|switch|p2a: Iron Treads|Iron Treads|100/100
|turn|1
|
|t:|1743893966
|move|p1a: Samurott|Ceaseless Edge|p2a: Iron Treads
|-damage|p2a: Iron Treads|68/100
|-sidestart|p2: Javi1410|Spikes
|move|p2a: Iron Treads|Volt Switch|p1a: Samurott
|-supereffective|p1a: Samurott
|-damage|p1a: Samurott|71/100
|
|t:|1743893985
|-end|p2a: Iron Treads|Quark Drive|[silent]
|switch|p2a: Okidogi|Okidogi, M|100/100|[from] Volt Switch
|-damage|p2a: Okidogi|88/100|[from] Spikes
|
|-heal|p2a: Okidogi|94/100|[from] item: Leftovers
|upkeep
|turn|2
|
|t:|1743893995
|switch|p1a: Glimmora|Glimmora, M|100/100
|move|p2a: Okidogi|Knock Off|p1a: Glimmora
|-damage|p1a: Glimmora|69/100
|-enditem|p1a: Glimmora|Leftovers|[from] move: Knock Off|[of] p2a: Okidogi
|
|-heal|p2a: Okidogi|99/100|[from] item: Leftovers
|upkeep
|turn|3
|
|t:|1743894007
|move|p1a: Glimmora|Toxic|p2a: Okidogi
|-status|p2a: Okidogi|tox
|move|p2a: Okidogi|Drain Punch|p1a: Glimmora
|-damage|p1a: Glimmora|29/100
|-heal|p2a: Okidogi|100/100 tox|[from] drain|[of] p1a: Glimmora
|
|-damage|p2a: Okidogi|94/100 tox|[from] psn
|upkeep
|turn|4
|
|t:|1743894016
|switch|p1a: Pecharunt|Pecharunt|100/100
|-item|p1a: Pecharunt|Air Balloon
|move|p2a: Okidogi|Drain Punch|p1a: Pecharunt
|-immune|p1a: Pecharunt
|
|-heal|p2a: Okidogi|100/100 tox|[from] item: Leftovers
|-damage|p2a: Okidogi|88/100 tox|[from] psn
|upkeep
|turn|5
|
|t:|1743894027
|move|p1a: Pecharunt|Parting Shot|p2a: Okidogi
|-unboost|p2a: Okidogi|atk|1
|-unboost|p2a: Okidogi|spa|1
|
|t:|1743894030
|switch|p1a: Alomomola|Alomomola, F|100/100|[from] Parting Shot
|move|p2a: Okidogi|Knock Off|p1a: Alomomola
|-damage|p1a: Alomomola|87/100
|-enditem|p1a: Alomomola|Heavy-Duty Boots|[from] move: Knock Off|[of] p2a: Okidogi
|
|-heal|p2a: Okidogi|94/100 tox|[from] item: Leftovers
|-damage|p2a: Okidogi|76/100 tox|[from] psn
|upkeep
|turn|6
|
|t:|1743894043
|move|p2a: Okidogi|Knock Off|p1a: Alomomola
|-damage|p1a: Alomomola|79/100
|move|p1a: Alomomola|Wish|p1a: Alomomola
|
|-heal|p2a: Okidogi|82/100 tox|[from] item: Leftovers
|-damage|p2a: Okidogi|58/100 tox|[from] psn
|upkeep
|turn|7
|
|t:|1743894052
|switch|p2a: Garganacl|Garganacl, F|100/100
|move|p1a: Alomomola|Flip Turn|p2a: Garganacl
|-supereffective|p2a: Garganacl
|-damage|p2a: Garganacl|85/100
|
|t:|1743894063
|switch|p1a: Samurott|Samurott-Hisui, M|71/100|[from] Flip Turn
|
|-heal|p1a: Samurott|100/100|[from] move: Wish|[wisher] Alomomola
|upkeep
|turn|8
|
|t:|1743894071
|move|p1a: Samurott|Aqua Cutter|p2a: Garganacl
|-supereffective|p2a: Garganacl
|-crit|p2a: Garganacl
|-damage|p2a: Garganacl|12/100
|move|p2a: Garganacl|Salt Cure|p1a: Samurott
|-damage|p1a: Samurott|83/100
|-start|p1a: Samurott|Salt Cure
|
|-damage|p1a: Samurott|59/100|[from] Salt Cure
|upkeep
|turn|9
|
|t:|1743894087
|switch|p2a: Vileplume|Vileplume, F|100/100
|-damage|p2a: Vileplume|88/100|[from] Spikes
|move|p1a: Samurott|Aqua Cutter|p2a: Vileplume
|-resisted|p2a: Vileplume
|-damage|p2a: Vileplume|59/100
|
|-damage|p1a: Samurott|34/100|[from] Salt Cure
|upkeep
|turn|10
|
|t:|1743894098
|switch|p1a: Salazzle|Salazzle, F|100/100
|move|p2a: Vileplume|Leech Seed|p1a: Salazzle
|-start|p1a: Salazzle|move: Leech Seed
|
|-damage|p1a: Salazzle|88/100|[from] Leech Seed|[of] p2a: Vileplume
|-heal|p2a: Vileplume|71/100|[silent]
|upkeep
|turn|11
|
|t:|1743894115
|switch|p1a: Alomomola|Alomomola, F|100/100
|switch|p2a: Okidogi|Okidogi, M|58/100 tox
|-damage|p2a: Okidogi|46/100 tox|[from] Spikes
|
|-heal|p2a: Okidogi|52/100 tox|[from] item: Leftovers
|-damage|p2a: Okidogi|46/100 tox|[from] psn
|upkeep
|turn|12
|
|t:|1743894125
|move|p2a: Okidogi|Poison Jab|p1a: Alomomola
|-damage|p1a: Alomomola|74/100
|-status|p1a: Alomomola|tox|[from] ability: Toxic Chain|[of] p2a: Okidogi
|move|p1a: Alomomola|Wish|p1a: Alomomola
|
|-heal|p2a: Okidogi|52/100 tox|[from] item: Leftovers
|-damage|p2a: Okidogi|40/100 tox|[from] psn
|-damage|p1a: Alomomola|68/100 tox|[from] psn
|upkeep
|turn|13
|
|t:|1743894136
|move|p2a: Okidogi|Poison Jab|p1a: Alomomola
|-damage|p1a: Alomomola|42/100 tox
|move|p1a: Alomomola|Flip Turn|p2a: Okidogi
|-damage|p2a: Okidogi|26/100 tox
|
|t:|1743894155
|switch|p1a: Glimmora|Glimmora, M|29/100|[from] Flip Turn
|
|-heal|p1a: Glimmora|100/100|[from] move: Wish|[wisher] Alomomola
|-heal|p2a: Okidogi|32/100 tox|[from] item: Leftovers
|-damage|p2a: Okidogi|14/100 tox|[from] psn
|upkeep
|turn|14
|
|t:|1743894164
|move|p1a: Glimmora|Toxic Spikes|p2a: Okidogi
|-sidestart|p2: Javi1410|move: Toxic Spikes
|move|p2a: Okidogi|Drain Punch|p1a: Glimmora
|-damage|p1a: Glimmora|59/100
|-heal|p2a: Okidogi|34/100 tox|[from] drain|[of] p1a: Glimmora
|
|-heal|p2a: Okidogi|40/100 tox|[from] item: Leftovers
|-damage|p2a: Okidogi|16/100 tox|[from] psn
|upkeep
|turn|15
|
|t:|1743894175
|move|p1a: Glimmora|Toxic Spikes|p2a: Okidogi
|-sidestart|p2: Javi1410|move: Toxic Spikes
|move|p2a: Okidogi|Drain Punch|p1a: Glimmora
|-damage|p1a: Glimmora|20/100
|-heal|p2a: Okidogi|35/100 tox|[from] drain|[of] p1a: Glimmora
|
|-heal|p2a: Okidogi|41/100 tox|[from] item: Leftovers
|-damage|p2a: Okidogi|11/100 tox|[from] psn
|upkeep
|turn|16
|
|t:|1743894191
|switch|p1a: Pecharunt|Pecharunt|100/100
|-item|p1a: Pecharunt|Air Balloon
|move|p2a: Okidogi|Poison Jab|p1a: Pecharunt
|-resisted|p1a: Pecharunt
|-damage|p1a: Pecharunt|94/100
|-enditem|p1a: Pecharunt|Air Balloon
|
|-heal|p2a: Okidogi|17/100 tox|[from] item: Leftovers
|-damage|p2a: Okidogi|0 fnt|[from] psn
|faint|p2a: Okidogi
|upkeep
|
|t:|1743894203
|switch|p2a: Iron Treads|Iron Treads|68/100
|-damage|p2a: Iron Treads|55/100|[from] Spikes
|turn|17
|
|t:|1743894208
|switch|p1a: Alomomola|Alomomola, F|76/100 tox
|move|p2a: Iron Treads|Rapid Spin|p1a: Alomomola
|-damage|p1a: Alomomola|65/100 tox
|-boost|p2a: Iron Treads|spe|1
|-sideend|p2: Javi1410|Spikes|[from] move: Rapid Spin|[of] p2a: Iron Treads
|-sideend|p2: Javi1410|Toxic Spikes|[from] move: Rapid Spin|[of] p2a: Iron Treads
|
|-damage|p1a: Alomomola|59/100 tox|[from] psn
|upkeep
|turn|18
|
|t:|1743894217
|move|p2a: Iron Treads|Volt Switch|p1a: Alomomola
|-supereffective|p1a: Alomomola
|-damage|p1a: Alomomola|34/100 tox
|
|t:|1743894222
|-end|p2a: Iron Treads|Quark Drive|[silent]
|switch|p2a: Vileplume|Vileplume, F|71/100|[from] Volt Switch
|move|p1a: Alomomola|Flip Turn|p2a: Vileplume
|-resisted|p2a: Vileplume
|-damage|p2a: Vileplume|63/100
|-damage|p1a: Alomomola|17/100 tox|[from] item: Rocky Helmet|[of] p2a: Vileplume
|
|t:|1743894235
|switch|p1a: Garchomp|Garchomp, M|100/100|[from] Flip Turn
|
|upkeep
|turn|19
|
|t:|1743894241
|move|p1a: Garchomp|Substitute|p1a: Garchomp
|-start|p1a: Garchomp|Substitute
|-damage|p1a: Garchomp|76/100
|move|p2a: Vileplume|Strength Sap||[still]
|-fail|p2a: Vileplume
|
|upkeep
|turn|20
|
|t:|1743894248
|move|p1a: Garchomp|Swords Dance|p1a: Garchomp
|-boost|p1a: Garchomp|atk|2
|move|p2a: Vileplume|Moonblast|p1a: Garchomp
|-supereffective|p1a: Garchomp
|-end|p1a: Garchomp|Substitute
|
|upkeep
|turn|21
|
|t:|1743894258
|move|p1a: Garchomp|Earthquake|p2a: Vileplume
|-damage|p2a: Vileplume|0 fnt
|faint|p2a: Vileplume
|
|upkeep
|
|t:|1743894264
|switch|p2a: Iron Treads|Iron Treads|100/100
|turn|22
|
|t:|1743894273
|-terastallize|p2a: Iron Treads|Fairy
|-terastallize|p1a: Garchomp|Fire
|move|p2a: Iron Treads|Tera Blast|p1a: Garchomp|[anim] Tera Blast Fairy
|-resisted|p1a: Garchomp
|-damage|p1a: Garchomp|51/100
|move|p1a: Garchomp|Scale Shot|p2a: Iron Treads
|-immune|p2a: Iron Treads
|
|upkeep
|turn|23
|
|t:|1743894288
|switch|p2a: Garganacl|Garganacl, F|12/100
|switch|p1a: Alomomola|Alomomola, F|50/100 tox
|
|-damage|p1a: Alomomola|44/100 tox|[from] psn
|upkeep
|turn|24
|
|t:|1743894298
|move|p1a: Alomomola|Flip Turn|p2a: Garganacl
|-supereffective|p2a: Garganacl
|-damage|p2a: Garganacl|0 fnt
|faint|p2a: Garganacl
|
|t:|1743894303
|switch|p1a: Samurott|Samurott-Hisui, M|34/100|[from] Flip Turn
|
|upkeep
|
|t:|1743894308
|switch|p2a: Iron Treads|Iron Treads, tera:Fairy|100/100
|turn|25
|
|t:|1743894316
|move|p2a: Iron Treads|Tera Blast|p1a: Samurott|[anim] Tera Blast Fairy
|-supereffective|p1a: Samurott
|-damage|p1a: Samurott|0 fnt
|faint|p1a: Samurott
|
|upkeep
|
|t:|1743894331
|switch|p1a: Salazzle|Salazzle, F|88/100
|turn|26
|
|t:|1743894341
|switch|p2a: Iron Treads|Iron Treads|55/100
|move|p1a: Salazzle|Substitute|p1a: Salazzle
|-start|p1a: Salazzle|Substitute
|-damage|p1a: Salazzle|63/100
|
|-heal|p1a: Salazzle|69/100|[from] item: Leftovers
|upkeep
|turn|27
|
|t:|1743894350
|move|p1a: Salazzle|Toxic|p2a: Iron Treads
|-status|p2a: Iron Treads|tox
|move|p2a: Iron Treads|Iron Head|p1a: Salazzle
|-resisted|p1a: Salazzle
|-end|p1a: Salazzle|Substitute
|
|-heal|p1a: Salazzle|75/100|[from] item: Leftovers
|-damage|p2a: Iron Treads|50/100 tox|[from] psn
|upkeep
|turn|28
|
|t:|1743894362
|move|p1a: Salazzle|Encore|p2a: Iron Treads
|-start|p2a: Iron Treads|Encore
|move|p2a: Iron Treads|Iron Head|p1a: Salazzle
|-resisted|p1a: Salazzle
|-damage|p1a: Salazzle|42/100
|
|-heal|p1a: Salazzle|48/100|[from] item: Leftovers
|-damage|p2a: Iron Treads|38/100 tox|[from] psn
|upkeep
|turn|29
|
|t:|1743894377
|switch|p1a: Alomomola|Alomomola, F|78/100 tox
|move|p2a: Iron Treads|Iron Head|p1a: Alomomola
|-resisted|p1a: Alomomola
|-damage|p1a: Alomomola|66/100 tox
|
|-damage|p2a: Iron Treads|20/100 tox|[from] psn
|-damage|p1a: Alomomola|60/100 tox|[from] psn
|upkeep
|turn|30
|
|t:|1743894386
|move|p2a: Iron Treads|Iron Head|p1a: Alomomola
|-resisted|p1a: Alomomola
|-damage|p1a: Alomomola|49/100 tox
|move|p1a: Alomomola|Flip Turn|p2a: Iron Treads
|-supereffective|p2a: Iron Treads
|-damage|p2a: Iron Treads|0 fnt
|faint|p2a: Iron Treads
|-end|p2a: Iron Treads|Quark Drive|[silent]
|
|t:|1743894410
|switch|p1a: Pecharunt|Pecharunt|94/100|[from] Flip Turn
|
|upkeep
|
|t:|1743894416
|switch|p2a: Moltres|Moltres-Galar, tera:Fairy|100/100
|turn|31
|
|t:|1743894432
|switch|p1a: Glimmora|Glimmora, M|20/100
|move|p2a: Moltres|Bitter Malice|p1a: Glimmora
|-damage|p1a: Glimmora|0 fnt
|faint|p1a: Glimmora
|
|upkeep
|
|t:|1743894445
|switch|p1a: Alomomola|Alomomola, F|82/100 tox
|turn|32
|
|t:|1743894451
|switch|p2a: Moltres|Moltres-Galar|100/100
|move|p1a: Alomomola|Flip Turn|p2a: Moltres
|-damage|p2a: Moltres|80/100
|
|t:|1743894463
|switch|p1a: Salazzle|Salazzle, F|48/100|[from] Flip Turn
|
|-heal|p1a: Salazzle|54/100|[from] item: Leftovers
|upkeep
|turn|33
|
|t:|1743894470
|move|p1a: Salazzle|Toxic|p2a: Moltres
|-status|p2a: Moltres|tox
|move|p2a: Moltres|Agility|p2a: Moltres
|-boost|p2a: Moltres|spe|2
|
|-heal|p1a: Salazzle|60/100|[from] item: Leftovers
|-damage|p2a: Moltres|74/100 tox|[from] psn
|upkeep
|turn|34
|
|t:|1743894480
|move|p2a: Moltres|Fiery Wrath|p1a: Salazzle
|-damage|p1a: Salazzle|3/100
|move|p1a: Salazzle|Encore|p2a: Moltres
|-start|p2a: Moltres|Encore
|
|-heal|p1a: Salazzle|10/100|[from] item: Leftovers
|-damage|p2a: Moltres|61/100 tox|[from] psn
|upkeep
|turn|35
|
|t:|1743894490
|move|p1a: Salazzle|Protect|p1a: Salazzle
|-singleturn|p1a: Salazzle|Protect
|move|p2a: Moltres|Fiery Wrath|p1a: Salazzle
|-activate|p1a: Salazzle|move: Protect
|
|-heal|p1a: Salazzle|16/100|[from] item: Leftovers
|-damage|p2a: Moltres|43/100 tox|[from] psn
|upkeep
|-enditem|p2a: Moltres|Sitrus Berry|[eat]
|-heal|p2a: Moltres|67/100 tox|[from] item: Sitrus Berry
|turn|36
|
|t:|1743894504
|switch|p1a: Alomomola|Alomomola, F|100/100 tox
|move|p2a: Moltres|Fiery Wrath|p1a: Alomomola
|-damage|p1a: Alomomola|53/100 tox
|
|-damage|p2a: Moltres|43/100 tox|[from] psn
|-damage|p1a: Alomomola|46/100 tox|[from] psn
|upkeep
|turn|37
|inactive|TOXICccccccccccccc has 120 seconds left.
|
|t:|1743894538
|switch|p1a: Salazzle|Salazzle, F|16/100
|move|p2a: Moltres|Fiery Wrath|p1a: Salazzle
|-damage|p1a: Salazzle|0 fnt
|faint|p1a: Salazzle
|
|-damage|p2a: Moltres|11/100 tox|[from] psn
|-end|p2a: Moltres|Encore
|upkeep
|inactive|TOXICccccccccccccc has 120 seconds left.
|
|t:|1743894547
|switch|p1a: Alomomola|Alomomola, F|80/100 tox
|turn|38
|
|t:|1743894553
|move|p1a: Alomomola|Protect|p1a: Alomomola
|-singleturn|p1a: Alomomola|Protect
|move|p2a: Moltres|Fiery Wrath|p1a: Alomomola
|-activate|p1a: Alomomola|move: Protect
|
|-damage|p2a: Moltres|0 fnt|[from] psn
|faint|p2a: Moltres
|-damage|p1a: Alomomola|74/100 tox|[from] psn
|upkeep
|
|t:|1743894564
|switch|p2a: Zoroark|Zoroark-Hisui, M, tera:Fairy|100/100
|turn|39
|
|t:|1743894581
|move|p2a: Zoroark|Bitter Malice|p1a: Alomomola
|-damage|p1a: Alomomola|22/100 tox
|-unboost|p1a: Alomomola|atk|1
|move|p1a: Alomomola|Flip Turn|p2a: Zoroark
|-damage|p2a: Zoroark|77/100
|inactive|TOXICccccccccccccc has 120 seconds left.
|
|t:|1743894596
|switch|p1a: Pecharunt|Pecharunt|94/100|[from] Flip Turn
|
|upkeep
|turn|40
|
|t:|1743894600
|move|p2a: Zoroark|Bitter Malice|p1a: Pecharunt
|-supereffective|p1a: Pecharunt
|-damage|p1a: Pecharunt|15/100
|-unboost|p1a: Pecharunt|atk|1
|move|p1a: Pecharunt|Malignant Chain|p2a: Zoroark
|-supereffective|p2a: Zoroark
|-damage|p2a: Zoroark|0 fnt
|faint|p2a: Zoroark
|
|win|TOXICccccccccccccc
|raw|TOXICccccccccccccc's rating: 1133 &rarr; <strong>1158</strong><br />(+25 for winning)
|raw|Javi1410's rating: 1136 &rarr; <strong>1111</strong><br />(-25 for losing)
