|j|☆velocink
|j|☆lc872244
|t:|1743832328
|gametype|singles
|player|p1|velocink|ethan|1119
|player|p2|lc872244|marley|1125
|teamsize|p1|6
|teamsize|p2|6
|gen|9
|tier|[Gen 9] OU
|rated|
|rule|HP Percentage Mod: HP is shown in percentages
|rule|Endless Battle Clause: Forcing endless battles is banned
|rule|Species Clause: Limit one of each Pokémon
|rule|OHKO Clause: OHKO moves are banned
|rule|Evasion Items Clause: Evasion items are banned
|rule|Evasion Moves Clause: Evasion moves are banned
|rule|Sleep Moves Clause: Sleep-inducing moves are banned
|clearpoke
|poke|p1|Swampert, M|
|poke|p1|Gengar, M|
|poke|p1|Tyranitar, F|
|poke|p1|Hydrapple, F|
|poke|p1|Jirachi|
|poke|p1|Torterra, F|
|poke|p2|Samurott-Hisui, M|
|poke|p2|Gardevoir, M|
|poke|p2|Clodsire, F|
|poke|p2|Zoroark-Hisui, F|
|poke|p2|Hydrapple, F|
|poke|p2|Maushold-Four|
|teampreview
|
|t:|1743832338
|start
|switch|p1a: Louise|Hydrapple, F, shiny|100/100
|switch|p2a: Clodsire|Clodsire, F|100/100
|turn|1
|
|t:|1743832345
|move|p1a: Louise|Substitute|p1a: Louise
|-start|p1a: Louise|Substitute
|-damage|p1a: Louise|76/100
|move|p2a: Clodsire|Toxic||[still]
|-fail|p2a: Clodsire
|
|-heal|p1a: Louise|82/100|[from] item: Leftovers
|upkeep
|turn|2
|
|t:|1743832349
|move|p1a: Louise|Nasty Plot|p1a: Louise
|-boost|p1a: Louise|spa|2
|move|p2a: Clodsire|Stealth Rock|p1a: Louise
|-sidestart|p1: velocink|move: Stealth Rock
|
|-heal|p1a: Louise|88/100|[from] item: Leftovers
|upkeep
|turn|3
|
|t:|1743832355
|switch|p2a: Gardevoir|Gardevoir, M|100/100
|-ability|p2a: Gardevoir|Regenerator|[from] ability: Trace|[of] p1a: Louise
|move|p1a: Louise|Nasty Plot|p1a: Louise
|-boost|p1a: Louise|spa|2
|
|-heal|p1a: Louise|94/100|[from] item: Leftovers
|upkeep
|turn|4
|
|t:|1743832360
|move|p2a: Gardevoir|Alluring Voice|p1a: Louise
|-supereffective|p1a: Louise
|-damage|p1a: Louise|11/100
|move|p1a: Louise|Giga Drain|p2a: Gardevoir
|-damage|p2a: Gardevoir|0 fnt
|-heal|p1a: Louise|45/100|[from] drain|[of] p2a: Gardevoir
|faint|p2a: Gardevoir
|
|-heal|p1a: Louise|51/100|[from] item: Leftovers
|upkeep
|
|t:|1743832382
|switch|p2a: Clodsire|Clodsire, F|100/100
|turn|5
|
|t:|1743832392
|move|p1a: Louise|Giga Drain|p2a: Clodsire
|-damage|p2a: Clodsire|33/100
|-heal|p1a: Louise|89/100|[from] drain|[of] p2a: Clodsire
|move|p2a: Clodsire|Earthquake|p1a: Louise
|-resisted|p1a: Louise
|-activate|p1a: Louise|move: Substitute|[damage]
|
|-heal|p1a: Louise|95/100|[from] item: Leftovers
|-heal|p2a: Clodsire|39/100|[from] item: Black Sludge
|upkeep
|turn|6
|
|t:|1743832400
|move|p1a: Louise|Giga Drain|p2a: Clodsire
|-damage|p2a: Clodsire|0 fnt
|-heal|p1a: Louise|100/100|[from] drain|[of] p2a: Clodsire
|faint|p2a: Clodsire
|
|upkeep
|
|t:|1743832405
|switch|p2a: Samurott|Samurott-Hisui, M, shiny|100/100
|turn|7
|
|t:|1743832410
|-terastallize|p2a: Samurott|Poison
|move|p2a: Samurott|Ceaseless Edge|p1a: Louise
|-end|p1a: Louise|Substitute
|-sidestart|p1: velocink|Spikes
|move|p1a: Louise|Giga Drain|p2a: Samurott
|-resisted|p2a: Samurott
|-damage|p2a: Samurott|44/100
|
|upkeep
|turn|8
|
|t:|1743832418
|move|p2a: Samurott|Ceaseless Edge|p1a: Louise
|-damage|p1a: Louise|63/100
|-sidestart|p1: velocink|Spikes
|move|p1a: Louise|Fickle Beam|p2a: Samurott
|-damage|p2a: Samurott|0 fnt
|faint|p2a: Samurott
|
|-heal|p1a: Louise|69/100|[from] item: Leftovers
|upkeep
|
|t:|1743832428
|switch|p2a: Maushold|Maushold-Four|100/100
|turn|9
|
|t:|1743832434
|move|p2a: Maushold|U-turn|p1a: Louise
|-supereffective|p1a: Louise
|-crit|p1a: Louise
|-damage|p1a: Louise|22/100
|-damage|p2a: Maushold|91/100|[from] item: Life Orb
|
|t:|1743832443
|switch|p2a: Hydrapple|Hydrapple, F|100/100|[from] U-turn
|move|p1a: Louise|Fickle Beam|p2a: Hydrapple
|-supereffective|p2a: Hydrapple
|-damage|p2a: Hydrapple|0 fnt
|faint|p2a: Hydrapple
|
|-heal|p1a: Louise|28/100|[from] item: Leftovers
|upkeep
|
|t:|1743832450
|switch|p2a: Maushold|Maushold-Four|100/100
|turn|10
|
|t:|1743832453
|switch|p1a: Tony|Gengar, M, shiny|100/100
|move|p2a: Maushold|Population Bomb|p1a: Tony
|-immune|p1a: Tony
|
|upkeep
|turn|11
|
|t:|1743832465
|switch|p2a: Maushold|Maushold-Four|91/100
|-terastallize|p1a: Tony|Flying
|move|p1a: Tony|Sludge Wave|p2a: Maushold
|-resisted|p2a: Maushold
|-damage|p2a: Maushold|43/100
|-status|p2a: Maushold|psn
|replace|p2a: Zoroark|Zoroark-Hisui, F
|-end|p2a: Zoroark|Illusion
|
|-damage|p2a: Zoroark|30/100 psn|[from] psn
|upkeep
|turn|12
|
|t:|1743832475
|switch|p1a: Linda|Tyranitar, F, shiny|100/100
|-damage|p1a: Linda|88/100|[from] Stealth Rock
|-damage|p1a: Linda|72/100|[from] Spikes
|-weather|Sandstorm|[from] ability: Sand Stream|[of] p1a: Linda
|move|p2a: Zoroark|Flamethrower|p1a: Linda
|-resisted|p1a: Linda
|-damage|p1a: Linda|64/100
|-damage|p2a: Zoroark|20/100 psn|[from] item: Life Orb
|
|-weather|Sandstorm|[upkeep]
|-damage|p2a: Zoroark|14/100 psn|[from] Sandstorm
|-damage|p2a: Zoroark|2/100 psn|[from] psn
|upkeep
|turn|13
|
|t:|1743832481
|move|p2a: Zoroark|U-turn|p1a: Linda
|-supereffective|p1a: Linda
|-damage|p1a: Linda|37/100
|-damage|p2a: Zoroark|0 fnt|[from] item: Life Orb
|faint|p2a: Zoroark
|move|p1a: Linda|Knock Off|p2: Zoroark|[notarget]
|-fail|p1a: Linda
|
|-weather|Sandstorm|[upkeep]
|upkeep
|
|t:|1743832484
|switch|p2a: Maushold|Maushold-Four|100/100
|turn|14
|
|t:|1743832489
|move|p2a: Maushold|Low Kick|p1a: Linda
|-supereffective|p1a: Linda
|-damage|p1a: Linda|0 fnt
|faint|p1a: Linda
|
|-weather|Sandstorm|[upkeep]
|-damage|p2a: Maushold|94/100|[from] Sandstorm
|upkeep
|
|t:|1743832494
|switch|p1a: Tony|Gengar, M, shiny, tera:Flying|100/100
|turn|15
|
|t:|1743832498
|move|p2a: Maushold|Population Bomb|p1a: Tony
|-damage|p1a: Tony|77/100
|-start|p2a: Maushold|Disable|Population Bomb|[from] ability: Cursed Body|[of] p1a: Tony
|-damage|p1a: Tony|54/100
|-damage|p1a: Tony|33/100
|-damage|p1a: Tony|10/100
|-damage|p1a: Tony|0 fnt
|faint|p1a: Tony
|-hitcount|p1: Tony|5
|
|-weather|Sandstorm|[upkeep]
|-damage|p2a: Maushold|88/100|[from] Sandstorm
|upkeep
|
|t:|1743832503
|switch|p1a: Rocko|Torterra, F, shiny|100/100
|-damage|p1a: Rocko|94/100|[from] Stealth Rock
|-damage|p1a: Rocko|78/100|[from] Spikes
|turn|16
|
|t:|1743832513
|move|p2a: Maushold|Low Kick|p1a: Rocko
|-damage|p1a: Rocko|60/100
|move|p1a: Rocko|Body Press|p2a: Maushold
|-supereffective|p2a: Maushold
|-damage|p2a: Maushold|2/100
|
|-weather|none
|-heal|p1a: Rocko|66/100|[from] item: Leftovers
|upkeep
|turn|17
|
|t:|1743832523
|move|p2a: Maushold|Bullet Seed|p1a: Rocko
|-damage|p1a: Rocko|61/100
|-damage|p1a: Rocko|55/100
|-damage|p1a: Rocko|50/100
|-hitcount|p1a: Rocko|3
|move|p1a: Rocko|Body Press|p2a: Maushold
|-supereffective|p2a: Maushold
|-damage|p2a: Maushold|0 fnt
|faint|p2a: Maushold
|
|win|velocink
|raw|velocink's rating: 1119 &rarr; <strong>1144</strong><br />(+25 for winning)
|raw|lc872244's rating: 1125 &rarr; <strong>1100</strong><br />(-25 for losing)
|l|☆lc872244
|player|p2|
|l|☆velocink
|player|p1|
