|j|☆Trainer #39
|j|☆phlar-navi
|t:|1743856260
|gametype|singles
|player|p1|Trainer #39|pokemonbreeder|1707
|player|p2|phlar-navi|buck|1706
|teamsize|p1|6
|teamsize|p2|6
|gen|9
|tier|[Gen 9] OU
|rated|
|rule|HP Percentage Mod: HP is shown in percentages
|rule|Endless Battle Clause: Forcing endless battles is banned
|rule|Species Clause: Limit one of each Pokémon
|rule|OHKO Clause: OHKO moves are banned
|rule|Evasion Items Clause: Evasion items are banned
|rule|Evasion Moves Clause: Evasion moves are banned
|rule|Sleep Moves Clause: Sleep-inducing moves are banned
|clearpoke
|poke|p1|Blissey, F|
|poke|p1|Corviknight, F|
|poke|p1|Dondozo, M|
|poke|p1|Gliscor, M|
|poke|p1|Clefable, M|
|poke|p1|Slowking-Galar, M|
|poke|p2|Samurott-Hisui, F|
|poke|p2|Corviknight, M|
|poke|p2|Great Tusk|
|poke|p2|Darkrai|
|poke|p2|Ursaluna, M|
|poke|p2|Hatterene, F|
|teampreview
|
|t:|1743856281
|start
|switch|p1a: 🇮🇱=ter*orists|Gliscor, M|100/100
|switch|p2a: Ursaluna|Ursaluna, M|100/100
|turn|1
|
|t:|1743856292
|move|p2a: Ursaluna|Protect|p2a: Ursaluna
|-singleturn|p2a: Ursaluna|Protect
|move|p1a: 🇮🇱=ter*orists|Substitute|p1a: 🇮🇱=ter*orists
|-start|p1a: 🇮🇱=ter*orists|Substitute
|-damage|p1a: 🇮🇱=ter*orists|76/100
|
|-status|p1a: 🇮🇱=ter*orists|tox|[from] item: Toxic Orb
|-status|p2a: Ursaluna|brn|[from] item: Flame Orb
|upkeep
|turn|2
|
|t:|1743856300
|move|p1a: 🇮🇱=ter*orists|Earthquake|p2a: Ursaluna
|-damage|p2a: Ursaluna|79/100 brn
|move|p2a: Ursaluna|Facade|p1a: 🇮🇱=ter*orists
|-end|p1a: 🇮🇱=ter*orists|Substitute
|
|-heal|p1a: 🇮🇱=ter*orists|88/100 tox|[from] ability: Poison Heal
|-damage|p2a: Ursaluna|73/100 brn|[from] brn
|upkeep
|turn|3
|j| Zeyrho
|
|t:|1743856309
|move|p1a: 🇮🇱=ter*orists|Substitute|p1a: 🇮🇱=ter*orists
|-start|p1a: 🇮🇱=ter*orists|Substitute
|-damage|p1a: 🇮🇱=ter*orists|63/100 tox
|move|p2a: Ursaluna|Facade|p1a: 🇮🇱=ter*orists
|-end|p1a: 🇮🇱=ter*orists|Substitute
|
|-heal|p1a: 🇮🇱=ter*orists|76/100 tox|[from] ability: Poison Heal
|-damage|p2a: Ursaluna|67/100 brn|[from] brn
|upkeep
|turn|4
|
|t:|1743856319
|move|p1a: 🇮🇱=ter*orists|Protect|p1a: 🇮🇱=ter*orists
|-singleturn|p1a: 🇮🇱=ter*orists|Protect
|move|p2a: Ursaluna|Facade|p1a: 🇮🇱=ter*orists
|-activate|p1a: 🇮🇱=ter*orists|move: Protect
|
|-heal|p1a: 🇮🇱=ter*orists|88/100 tox|[from] ability: Poison Heal
|-damage|p2a: Ursaluna|60/100 brn|[from] brn
|upkeep
|turn|5
|
|t:|1743856328
|move|p1a: 🇮🇱=ter*orists|Substitute|p1a: 🇮🇱=ter*orists
|-start|p1a: 🇮🇱=ter*orists|Substitute
|-damage|p1a: 🇮🇱=ter*orists|63/100 tox
|move|p2a: Ursaluna|Facade|p1a: 🇮🇱=ter*orists
|-end|p1a: 🇮🇱=ter*orists|Substitute
|
|-heal|p1a: 🇮🇱=ter*orists|76/100 tox|[from] ability: Poison Heal
|-damage|p2a: Ursaluna|54/100 brn|[from] brn
|upkeep
|turn|6
|
|t:|1743856337
|switch|p2a: Darkrai|Darkrai|100/100
|move|p1a: 🇮🇱=ter*orists|Protect||[still]
|-fail|p1a: 🇮🇱=ter*orists
|
|-heal|p1a: 🇮🇱=ter*orists|88/100 tox|[from] ability: Poison Heal
|upkeep
|turn|7
|
|t:|1743856354
|move|p1a: 🇮🇱=ter*orists|Protect|p1a: 🇮🇱=ter*orists
|-singleturn|p1a: 🇮🇱=ter*orists|Protect
|move|p2a: Darkrai|Dark Pulse|p1a: 🇮🇱=ter*orists
|-activate|p1a: 🇮🇱=ter*orists|move: Protect
|
|-heal|p1a: 🇮🇱=ter*orists|100/100 tox|[from] ability: Poison Heal
|upkeep
|turn|8
|inactive|Battle timer is ON: inactive players will automatically lose when time's up. (requested by Trainer #39)
|
|t:|1743856362
|switch|p1a: brat|Blissey, F|100/100
|move|p2a: Darkrai|Dark Pulse|p1a: brat
|-damage|p1a: brat|79/100
|
|upkeep
|turn|9
|
|t:|1743856368
|switch|p2a: Hatterene|Hatterene, F|100/100
|move|p1a: brat|Calm Mind|p1a: brat
|-boost|p1a: brat|spa|1
|-boost|p1a: brat|spd|1
|
|upkeep
|turn|10
|
|t:|1743856374
|move|p1a: brat|Shadow Ball|p2a: Hatterene
|-supereffective|p2a: Hatterene
|-damage|p2a: Hatterene|71/100
|-unboost|p2a: Hatterene|spd|1
|move|p2a: Hatterene|Psyshock|p1a: brat
|-damage|p1a: brat|37/100
|
|upkeep
|turn|11
|
|t:|1743856384
|switch|p2a: Great Tusk|Great Tusk|100/100
|move|p1a: brat|Soft-Boiled|p1a: brat
|-heal|p1a: brat|87/100
|
|upkeep
|turn|12
|
|t:|1743856390
|switch|p1a: BIRDS OF A FEATHER|Corviknight, F|100/100
|-ability|p1a: BIRDS OF A FEATHER|Pressure
|move|p2a: Great Tusk|Headlong Rush|p1a: BIRDS OF A FEATHER
|-immune|p1a: BIRDS OF A FEATHER
|
|upkeep
|turn|13
|j| turquoiselink
|j| sgt. unicorn
|
|t:|1743856398
|switch|p1a: 🇮🇱=ter*orists|Gliscor, M|100/100 tox
|move|p2a: Great Tusk|Temper Flare|p1a: 🇮🇱=ter*orists
|-damage|p1a: 🇮🇱=ter*orists|63/100 tox
|
|-heal|p1a: 🇮🇱=ter*orists|76/100 tox|[from] ability: Poison Heal
|upkeep
|turn|14
|l| turquoiselink
|c| sgt. unicorn|that boy gotta temper on him
|
|t:|1743856421
|-end|p2a: Great Tusk|Protosynthesis|[silent]
|switch|p2a: Corviknight|Corviknight, M|100/100
|move|p1a: 🇮🇱=ter*orists|Protect||[still]
|-fail|p1a: 🇮🇱=ter*orists
|
|-heal|p1a: 🇮🇱=ter*orists|88/100 tox|[from] ability: Poison Heal
|upkeep
|turn|15
|
|t:|1743856431
|switch|p1a: BIRDS OF A FEATHER|Corviknight, F|100/100
|-ability|p1a: BIRDS OF A FEATHER|Pressure
|move|p2a: Corviknight|Iron Defense|p2a: Corviknight
|-boost|p2a: Corviknight|def|2
|
|upkeep
|turn|16
|l| sgt. unicorn
|
|t:|1743856440
|switch|p1a: Kanye|Slowking-Galar, M|100/100
|move|p2a: Corviknight|Body Press|p1a: Kanye
|-resisted|p1a: Kanye
|-damage|p1a: Kanye|85/100
|
|upkeep
|turn|17
|
|t:|1743856447
|move|p1a: Kanye|Trick|p2a: Corviknight
|-activate|p1a: Kanye|move: Trick|[of] p2a: Corviknight
|-item|p2a: Corviknight|Choice Scarf|[from] move: Trick
|-item|p1a: Kanye|Rocky Helmet|[from] move: Trick
|move|p2a: Corviknight|Iron Defense|p2a: Corviknight
|-boost|p2a: Corviknight|def|2
|
|upkeep
|turn|18
|
|t:|1743856455
|switch|p2a: Ursaluna|Ursaluna, M|54/100 brn
|move|p1a: Kanye|Future Sight|p2a: Ursaluna
|-start|p1a: Kanye|move: Future Sight
|
|-damage|p2a: Ursaluna|48/100 brn|[from] brn
|upkeep
|turn|19
|
|t:|1743856463
|switch|p1a: BIRDS OF A FEATHER|Corviknight, F|100/100
|-ability|p1a: BIRDS OF A FEATHER|Pressure
|move|p2a: Ursaluna|Facade|p1a: BIRDS OF A FEATHER
|-resisted|p1a: BIRDS OF A FEATHER
|-damage|p1a: BIRDS OF A FEATHER|60/100
|-damage|p2a: Ursaluna|32/100 brn|[from] item: Rocky Helmet|[of] p1a: BIRDS OF A FEATHER
|
|-damage|p2a: Ursaluna|26/100 brn|[from] brn
|upkeep
|turn|20
|
|t:|1743856476
|move|p1a: BIRDS OF A FEATHER|U-turn|p2a: Ursaluna
|-damage|p2a: Ursaluna|14/100 brn
|
|t:|1743856478
|switch|p1a: 808 and curses|Dondozo, M|100/100|[from] U-turn
|move|p2a: Ursaluna|Earthquake|p1a: 808 and curses
|-damage|p1a: 808 and curses|63/100
|
|-end|p2a: Ursaluna|move: Future Sight
|-damage|p2a: Ursaluna|0 fnt
|faint|p2a: Ursaluna
|-heal|p1a: 808 and curses|69/100|[from] item: Leftovers
|upkeep
|
|t:|1743856488
|switch|p2a: Darkrai|Darkrai|100/100
|turn|21
|
|t:|1743856494
|switch|p1a: brat|Blissey, F|87/100
|move|p2a: Darkrai|Focus Blast|p1a: brat
|-supereffective|p1a: brat
|-damage|p1a: brat|46/100
|
|upkeep
|turn|22
|
|t:|1743856505
|switch|p2a: Samurott|Samurott-Hisui, F|100/100
|move|p1a: brat|Soft-Boiled|p1a: brat
|-heal|p1a: brat|96/100
|
|upkeep
|turn|23
|
|t:|1743856514
|switch|p1a: 🇮🇱=ter*orists|Gliscor, M|88/100 tox
|move|p2a: Samurott|Ceaseless Edge|p1a: 🇮🇱=ter*orists
|-damage|p1a: 🇮🇱=ter*orists|53/100 tox
|-sidestart|p1: Trainer #39|Spikes
|-damage|p2a: Samurott|91/100|[from] item: Life Orb
|
|-heal|p1a: 🇮🇱=ter*orists|65/100 tox|[from] ability: Poison Heal
|upkeep
|turn|24
|
|t:|1743856523
|move|p1a: 🇮🇱=ter*orists|Protect|p1a: 🇮🇱=ter*orists
|-singleturn|p1a: 🇮🇱=ter*orists|Protect
|move|p2a: Samurott|Razor Shell|p1a: 🇮🇱=ter*orists
|-activate|p1a: 🇮🇱=ter*orists|move: Protect
|
|-heal|p1a: 🇮🇱=ter*orists|78/100 tox|[from] ability: Poison Heal
|upkeep
|turn|25
|
|t:|1743856531
|switch|p1a: 808 and curses|Dondozo, M|69/100
|-damage|p1a: 808 and curses|56/100|[from] Spikes
|move|p2a: Samurott|Razor Shell|p1a: 808 and curses
|-resisted|p1a: 808 and curses
|-damage|p1a: 808 and curses|42/100
|-unboost|p1a: 808 and curses|def|1
|-damage|p2a: Samurott|81/100|[from] item: Life Orb
|
|-heal|p1a: 808 and curses|49/100|[from] item: Leftovers
|upkeep
|turn|26
|
|t:|1743856541
|move|p2a: Samurott|Ceaseless Edge|p1a: 808 and curses
|-damage|p1a: 808 and curses|10/100
|-sidestart|p1: Trainer #39|Spikes
|-damage|p2a: Samurott|71/100|[from] item: Life Orb
|move|p1a: 808 and curses|Rest|p1a: 808 and curses
|-status|p1a: 808 and curses|slp|[from] move: Rest
|-heal|p1a: 808 and curses|100/100 slp|[silent]
|
|upkeep
|turn|27
|
|t:|1743856550
|switch|p2a: Darkrai|Darkrai|100/100
|cant|p1a: 808 and curses|slp
|move|p1a: 808 and curses|Sleep Talk|p1a: 808 and curses
|move|p1a: 808 and curses|Rest||[from] move: Sleep Talk|[still]
|-fail|p1a: 808 and curses
|
|-damage|p1a: 808 and curses|88/100 slp|[from] ability: Bad Dreams|[of] p2a: Darkrai
|upkeep
|turn|28
|
|t:|1743856559
|switch|p2a: Samurott|Samurott-Hisui, F|71/100
|switch|p1a: brat|Blissey, F|96/100
|
|upkeep
|turn|29
|
|t:|1743856575
|switch|p1a: 🇮🇱=ter*orists|Gliscor, M|78/100 tox
|move|p2a: Samurott|Ceaseless Edge|p1a: 🇮🇱=ter*orists
|-damage|p1a: 🇮🇱=ter*orists|42/100 tox
|-sidestart|p1: Trainer #39|Spikes
|-damage|p2a: Samurott|61/100|[from] item: Life Orb
|
|-heal|p1a: 🇮🇱=ter*orists|54/100 tox|[from] ability: Poison Heal
|upkeep
|turn|30
|
|t:|1743856583
|move|p1a: 🇮🇱=ter*orists|Protect|p1a: 🇮🇱=ter*orists
|-singleturn|p1a: 🇮🇱=ter*orists|Protect
|move|p2a: Samurott|Ceaseless Edge|p1a: 🇮🇱=ter*orists
|-activate|p1a: 🇮🇱=ter*orists|move: Protect
|
|-heal|p1a: 🇮🇱=ter*orists|67/100 tox|[from] ability: Poison Heal
|upkeep
|turn|31
|
|t:|1743856593
|switch|p1a: 808 and curses|Dondozo, M|88/100 slp
|-damage|p1a: 808 and curses|63/100 slp|[from] Spikes
|move|p2a: Samurott|Ceaseless Edge|p1a: 808 and curses
|-damage|p1a: 808 and curses|39/100 slp
|-damage|p2a: Samurott|51/100|[from] item: Life Orb
|
|-heal|p1a: 808 and curses|45/100 slp|[from] item: Leftovers
|upkeep
|turn|32
|
|t:|1743856602
|move|p2a: Samurott|Ceaseless Edge|p1a: 808 and curses
|-damage|p1a: 808 and curses|18/100 slp
|-damage|p2a: Samurott|41/100|[from] item: Life Orb
|cant|p1a: 808 and curses|slp
|move|p1a: 808 and curses|Sleep Talk|p1a: 808 and curses
|move|p1a: 808 and curses|Curse|p1a: 808 and curses|[from] move: Sleep Talk
|-unboost|p1a: 808 and curses|spe|1
|-boost|p1a: 808 and curses|atk|1
|-boost|p1a: 808 and curses|def|1
|
|-heal|p1a: 808 and curses|24/100 slp|[from] item: Leftovers
|upkeep
|turn|33
|
|t:|1743856613
|move|p2a: Samurott|Sacred Sword|p1a: 808 and curses
|-damage|p1a: 808 and curses|1/100 slp
|-damage|p2a: Samurott|31/100|[from] item: Life Orb
|-curestatus|p1a: 808 and curses|slp|[msg]
|move|p1a: 808 and curses|Rest|p1a: 808 and curses
|-status|p1a: 808 and curses|slp|[from] move: Rest
|-heal|p1a: 808 and curses|100/100 slp|[silent]
|
|upkeep
|turn|34
|
|t:|1743856622
|switch|p2a: Darkrai|Darkrai|100/100
|cant|p1a: 808 and curses|slp
|move|p1a: 808 and curses|Sleep Talk|p1a: 808 and curses
|move|p1a: 808 and curses|Curse|p1a: 808 and curses|[from] move: Sleep Talk
|-unboost|p1a: 808 and curses|spe|1
|-boost|p1a: 808 and curses|atk|1
|-boost|p1a: 808 and curses|def|1
|
|-damage|p1a: 808 and curses|88/100 slp|[from] ability: Bad Dreams|[of] p2a: Darkrai
|upkeep
|turn|35
|
|t:|1743856632
|switch|p1a: Charli xcx|Clefable, M|100/100
|move|p2a: Darkrai|Focus Blast|p1a: Charli xcx
|-resisted|p1a: Charli xcx
|-damage|p1a: Charli xcx|78/100
|
|upkeep
|turn|36
|
|t:|1743856640
|switch|p2a: Hatterene|Hatterene, F|71/100
|move|p1a: Charli xcx|Protect||[still]
|-fail|p1a: Charli xcx
|
|upkeep
|turn|37
|
|t:|1743856648
|switch|p1a: Kanye|Slowking-Galar, M|100/100
|-damage|p1a: Kanye|76/100|[from] Spikes
|move|p2a: Hatterene|Psyshock|p1a: Kanye
|-damage|p1a: Kanye|32/100
|
|upkeep
|turn|38
|
|t:|1743856655
|move|p1a: Kanye|Sludge Bomb|p2a: Hatterene
|-supereffective|p2a: Hatterene
|-damage|p2a: Hatterene|26/100
|move|p2a: Hatterene|Psyshock|p1a: Kanye
|-damage|p1a: Kanye|0 fnt
|faint|p1a: Kanye
|
|upkeep
|
|t:|1743856658
|switch|p1a: 🇮🇱=ter*orists|Gliscor, M|67/100 tox
|turn|39
|
|t:|1743856669
|move|p1a: 🇮🇱=ter*orists|Earthquake|p2a: Hatterene
|-damage|p2a: Hatterene|3/100
|move|p2a: Hatterene|Psyshock|p1a: 🇮🇱=ter*orists
|-damage|p1a: 🇮🇱=ter*orists|44/100 tox
|
|-heal|p1a: 🇮🇱=ter*orists|56/100 tox|[from] ability: Poison Heal
|upkeep
|turn|40
|
|t:|1743856677
|move|p1a: 🇮🇱=ter*orists|Earthquake|p2a: Hatterene
|-damage|p2a: Hatterene|0 fnt
|faint|p2a: Hatterene
|
|-heal|p1a: 🇮🇱=ter*orists|69/100 tox|[from] ability: Poison Heal
|upkeep
|
|t:|1743856685
|switch|p2a: Great Tusk|Great Tusk|100/100
|turn|41
|
|t:|1743856697
|move|p1a: 🇮🇱=ter*orists|Protect|p1a: 🇮🇱=ter*orists
|-singleturn|p1a: 🇮🇱=ter*orists|Protect
|move|p2a: Great Tusk|Rapid Spin|p1a: 🇮🇱=ter*orists
|-activate|p1a: 🇮🇱=ter*orists|move: Protect
|
|-heal|p1a: 🇮🇱=ter*orists|81/100 tox|[from] ability: Poison Heal
|upkeep
|turn|42
|
|t:|1743856705
|-end|p2a: Great Tusk|Protosynthesis|[silent]
|switch|p2a: Corviknight|Corviknight, M|100/100
|move|p1a: 🇮🇱=ter*orists|Toxic|p2a: Corviknight
|-immune|p2a: Corviknight
|
|-heal|p1a: 🇮🇱=ter*orists|93/100 tox|[from] ability: Poison Heal
|upkeep
|turn|43
|
|t:|1743856712
|move|p1a: 🇮🇱=ter*orists|Protect|p1a: 🇮🇱=ter*orists
|-singleturn|p1a: 🇮🇱=ter*orists|Protect
|move|p2a: Corviknight|Iron Defense|p2a: Corviknight
|-boost|p2a: Corviknight|def|2
|
|-heal|p1a: 🇮🇱=ter*orists|100/100 tox|[from] ability: Poison Heal
|upkeep
|turn|44
|
|t:|1743856720
|switch|p2a: Samurott|Samurott-Hisui, F|31/100
|move|p1a: 🇮🇱=ter*orists|Toxic|p2a: Samurott
|-status|p2a: Samurott|tox
|
|-damage|p2a: Samurott|24/100 tox|[from] psn
|upkeep
|turn|45
|
|t:|1743856726
|move|p2a: Samurott|Sucker Punch||[still]
|-fail|p2a: Samurott
|move|p1a: 🇮🇱=ter*orists|Substitute|p1a: 🇮🇱=ter*orists
|-start|p1a: 🇮🇱=ter*orists|Substitute
|-damage|p1a: 🇮🇱=ter*orists|76/100 tox
|
|-damage|p2a: Samurott|12/100 tox|[from] psn
|-heal|p1a: 🇮🇱=ter*orists|88/100 tox|[from] ability: Poison Heal
|upkeep
|turn|46
|
|t:|1743856735
|switch|p2a: Corviknight|Corviknight, M|100/100
|move|p1a: 🇮🇱=ter*orists|Protect||[still]
|-fail|p1a: 🇮🇱=ter*orists
|
|-heal|p1a: 🇮🇱=ter*orists|100/100 tox|[from] ability: Poison Heal
|upkeep
|turn|47
|
|t:|1743856741
|move|p2a: Corviknight|U-turn|p1a: 🇮🇱=ter*orists
|-resisted|p1a: 🇮🇱=ter*orists
|-crit|p1a: 🇮🇱=ter*orists
|-activate|p1a: 🇮🇱=ter*orists|move: Substitute|[damage]
|
|t:|1743856744
|switch|p2a: Samurott|Samurott-Hisui, F|12/100 tox|[from] U-turn
|move|p1a: 🇮🇱=ter*orists|Toxic|p2a: Samurott|[miss]
|-miss|p1a: 🇮🇱=ter*orists|p2a: Samurott
|
|-damage|p2a: Samurott|6/100 tox|[from] psn
|upkeep
|turn|48
|
|t:|1743856752
|move|p1a: 🇮🇱=ter*orists|Protect|p1a: 🇮🇱=ter*orists
|-singleturn|p1a: 🇮🇱=ter*orists|Protect
|move|p2a: Samurott|Ceaseless Edge|p1a: 🇮🇱=ter*orists
|-activate|p1a: 🇮🇱=ter*orists|move: Protect
|
|-damage|p2a: Samurott|0 fnt|[from] psn
|faint|p2a: Samurott
|upkeep
|
|t:|1743856761
|switch|p2a: Darkrai|Darkrai|100/100
|turn|49
|
|t:|1743856777
|-terastallize|p2a: Darkrai|Poison
|move|p2a: Darkrai|Dark Pulse|p1a: 🇮🇱=ter*orists
|-end|p1a: 🇮🇱=ter*orists|Substitute
|move|p1a: 🇮🇱=ter*orists|Toxic|p2a: Darkrai
|-immune|p2a: Darkrai
|
|upkeep
|turn|50
|
|t:|1743856784
|switch|p1a: brat|Blissey, F|96/100
|move|p2a: Darkrai|Dark Pulse|p1a: brat
|-damage|p1a: brat|74/100
|
|upkeep
|turn|51
|
|t:|1743856792
|switch|p2a: Great Tusk|Great Tusk|100/100
|move|p1a: brat|Soft-Boiled|p1a: brat
|-heal|p1a: brat|100/100
|
|upkeep
|turn|52
|
|t:|1743856805
|-end|p2a: Great Tusk|Protosynthesis|[silent]
|switch|p2a: Darkrai|Darkrai, tera:Poison|100/100
|switch|p1a: BIRDS OF A FEATHER|Corviknight, F|60/100
|-ability|p1a: BIRDS OF A FEATHER|Pressure
|
|upkeep
|turn|53
|
|t:|1743856811
|switch|p1a: brat|Blissey, F|100/100
|move|p2a: Darkrai|Dark Pulse|p1a: brat
|-damage|p1a: brat|76/100
|
|upkeep
|turn|54
|
|t:|1743856816
|move|p2a: Darkrai|Dark Pulse|p1a: brat
|-damage|p1a: brat|52/100
|move|p1a: brat|Stealth Rock|p2a: Darkrai
|-sidestart|p2: phlar-navi|move: Stealth Rock
|
|upkeep
|turn|55
|
|t:|1743856821
|move|p2a: Darkrai|Dark Pulse|p1a: brat
|-damage|p1a: brat|31/100
|move|p1a: brat|Soft-Boiled|p1a: brat
|-heal|p1a: brat|81/100
|
|upkeep
|turn|56
|
|t:|1743856827
|move|p2a: Darkrai|Dark Pulse|p1a: brat
|-damage|p1a: brat|61/100
|move|p1a: brat|Calm Mind|p1a: brat
|-boost|p1a: brat|spa|1
|-boost|p1a: brat|spd|1
|
|upkeep
|turn|57
|
|t:|1743856833
|switch|p2a: Great Tusk|Great Tusk|100/100
|-damage|p2a: Great Tusk|98/100|[from] Stealth Rock
|move|p1a: brat|Soft-Boiled|p1a: brat
|-heal|p1a: brat|100/100
|
|upkeep
|turn|58
|
|t:|1743856840
|switch|p1a: BIRDS OF A FEATHER|Corviknight, F|60/100
|-ability|p1a: BIRDS OF A FEATHER|Pressure
|move|p2a: Great Tusk|Headlong Rush|p1a: BIRDS OF A FEATHER
|-immune|p1a: BIRDS OF A FEATHER
|
|upkeep
|turn|59
|
|t:|1743856846
|move|p2a: Great Tusk|Temper Flare|p1a: BIRDS OF A FEATHER
|-supereffective|p1a: BIRDS OF A FEATHER
|-damage|p1a: BIRDS OF A FEATHER|0 fnt
|-damage|p2a: Great Tusk|81/100|[from] item: Rocky Helmet|[of] p1a: BIRDS OF A FEATHER
|faint|p1a: BIRDS OF A FEATHER
|
|upkeep
|
|t:|1743856850
|switch|p1a: 🇮🇱=ter*orists|Gliscor, M|100/100 tox
|turn|60
|
|t:|1743856855
|-end|p2a: Great Tusk|Protosynthesis|[silent]
|switch|p2a: Darkrai|Darkrai, tera:Poison|100/100
|-damage|p2a: Darkrai|88/100|[from] Stealth Rock
|move|p1a: 🇮🇱=ter*orists|Substitute|p1a: 🇮🇱=ter*orists
|-start|p1a: 🇮🇱=ter*orists|Substitute
|-damage|p1a: 🇮🇱=ter*orists|76/100 tox
|
|-heal|p1a: 🇮🇱=ter*orists|88/100 tox|[from] ability: Poison Heal
|upkeep
|turn|61
|
|t:|1743856863
|move|p2a: Darkrai|Dark Pulse|p1a: 🇮🇱=ter*orists
|-end|p1a: 🇮🇱=ter*orists|Substitute
|move|p1a: 🇮🇱=ter*orists|Earthquake|p2a: Darkrai
|-supereffective|p2a: Darkrai
|-damage|p2a: Darkrai|15/100
|
|-heal|p1a: 🇮🇱=ter*orists|100/100 tox|[from] ability: Poison Heal
|upkeep
|turn|62
|
|t:|1743856871
|switch|p1a: brat|Blissey, F|100/100
|move|p2a: Darkrai|Dark Pulse|p1a: brat
|-damage|p1a: brat|77/100
|
|upkeep
|turn|63
|j| AveryRadiant
|
|t:|1743856877
|switch|p2a: Great Tusk|Great Tusk|81/100
|-damage|p2a: Great Tusk|78/100|[from] Stealth Rock
|move|p1a: brat|Shadow Ball|p2a: Great Tusk
|-damage|p2a: Great Tusk|67/100
|-unboost|p2a: Great Tusk|spd|1
|
|upkeep
|turn|64
|l| AveryRadiant
|
|t:|1743856884
|switch|p1a: 🇮🇱=ter*orists|Gliscor, M|100/100 tox
|move|p2a: Great Tusk|Rapid Spin|p1a: 🇮🇱=ter*orists
|-damage|p1a: 🇮🇱=ter*orists|89/100 tox
|-boost|p2a: Great Tusk|spe|1
|-sideend|p2: phlar-navi|Stealth Rock|[from] move: Rapid Spin|[of] p2a: Great Tusk
|
|-heal|p1a: 🇮🇱=ter*orists|100/100 tox|[from] ability: Poison Heal
|upkeep
|turn|65
|j| jyrfcv
|
|t:|1743856903
|move|p2a: Great Tusk|Temper Flare|p1a: 🇮🇱=ter*orists
|-damage|p1a: 🇮🇱=ter*orists|83/100 tox
|move|p1a: 🇮🇱=ter*orists|Substitute|p1a: 🇮🇱=ter*orists
|-start|p1a: 🇮🇱=ter*orists|Substitute
|-damage|p1a: 🇮🇱=ter*orists|58/100 tox
|
|-heal|p1a: 🇮🇱=ter*orists|71/100 tox|[from] ability: Poison Heal
|upkeep
|turn|66
|
|t:|1743856912
|move|p2a: Great Tusk|Close Combat|p1a: 🇮🇱=ter*orists
|-resisted|p1a: 🇮🇱=ter*orists
|-crit|p1a: 🇮🇱=ter*orists
|-end|p1a: 🇮🇱=ter*orists|Substitute
|-unboost|p2a: Great Tusk|def|1
|-unboost|p2a: Great Tusk|spd|1
|move|p1a: 🇮🇱=ter*orists|Earthquake|p2a: Great Tusk
|-crit|p2a: Great Tusk
|-damage|p2a: Great Tusk|20/100
|
|-heal|p1a: 🇮🇱=ter*orists|83/100 tox|[from] ability: Poison Heal
|upkeep
|turn|67
|
|t:|1743856923
|move|p2a: Great Tusk|Temper Flare|p1a: 🇮🇱=ter*orists
|-damage|p1a: 🇮🇱=ter*orists|65/100 tox
|move|p1a: 🇮🇱=ter*orists|Earthquake|p2a: Great Tusk
|-damage|p2a: Great Tusk|0 fnt
|faint|p2a: Great Tusk
|-end|p2a: Great Tusk|Protosynthesis|[silent]
|
|-heal|p1a: 🇮🇱=ter*orists|78/100 tox|[from] ability: Poison Heal
|upkeep
|
|t:|1743856931
|switch|p2a: Darkrai|Darkrai, tera:Poison|15/100
|turn|68
|
|t:|1743856936
|move|p2a: Darkrai|Dark Pulse|p1a: 🇮🇱=ter*orists
|-damage|p1a: 🇮🇱=ter*orists|2/100 tox
|move|p1a: 🇮🇱=ter*orists|Earthquake|p2a: Darkrai
|-supereffective|p2a: Darkrai
|-damage|p2a: Darkrai|0 fnt
|faint|p2a: Darkrai
|
|-heal|p1a: 🇮🇱=ter*orists|15/100 tox|[from] ability: Poison Heal
|upkeep
|
|t:|1743856944
|switch|p2a: Corviknight|Corviknight, M|100/100
|turn|69
|
|t:|1743856946
|move|p1a: 🇮🇱=ter*orists|Protect|p1a: 🇮🇱=ter*orists
|-singleturn|p1a: 🇮🇱=ter*orists|Protect
|move|p2a: Corviknight|Body Press|p1a: 🇮🇱=ter*orists
|-activate|p1a: 🇮🇱=ter*orists|move: Protect
|
|-heal|p1a: 🇮🇱=ter*orists|27/100 tox|[from] ability: Poison Heal
|upkeep
|turn|70
|
|t:|1743856953
|switch|p1a: Charli xcx|Clefable, M|78/100
|move|p2a: Corviknight|Body Press|p1a: Charli xcx
|-resisted|p1a: Charli xcx
|-damage|p1a: Charli xcx|63/100
|
|upkeep
|turn|71
|j| sgt. unicorn
|-message|phlar-navi forfeited.
|
|win|Trainer #39
|raw|Trainer #39's rating: 1707 &rarr; <strong>1727</strong><br />(+20 for winning)
|raw|phlar-navi's rating: 1706 &rarr; <strong>1686</strong><br />(-20 for losing)
|l|☆phlar-navi
|player|p2|
|l|☆Trainer #39
|player|p1|
|l| sgt. unicorn
|l| Zeyrho
