|j|☆jibreel69
|j|☆RoutesReborn
|t:|1743812304
|gametype|singles
|player|p1|jibreel69|clair|1231
|player|p2|RoutesReborn|volkner|1223
|teamsize|p1|6
|teamsize|p2|6
|gen|9
|tier|[Gen 9] OU
|rated|
|rule|HP Percentage Mod: HP is shown in percentages
|rule|Endless Battle Clause: Forcing endless battles is banned
|rule|Species Clause: Limit one of each Pokémon
|rule|OHKO Clause: OHKO moves are banned
|rule|Evasion Items Clause: Evasion items are banned
|rule|Evasion Moves Clause: Evasion moves are banned
|rule|Sleep Moves Clause: Sleep-inducing moves are banned
|clearpoke
|poke|p1|Reuniclus, M|
|poke|p1|Dragonite, M|
|poke|p1|Decidueye-Hisui, F|
|poke|p1|Moltres|
|poke|p1|Clodsire, F|
|poke|p1|Ogerpon-Wellspring, F|
|poke|p2|Kingambit, M|
|poke|p2|Garchomp, M|
|poke|p2|Pecharunt|
|poke|p2|Darkrai|
|poke|p2|Kyurem|
|poke|p2|Zapdos-Galar|
|teampreview
|inactive|Battle timer is ON: inactive players will automatically lose when time's up. (requested by RoutesReborn)
|
|t:|1743812328
|start
|switch|p1a: Moltres|Moltres, shiny|100/100
|switch|p2a: Garchomp|Garchomp, M|100/100
|turn|1
|
|t:|1743812341
|move|p2a: Garchomp|Stealth Rock|p1a: Moltres
|-sidestart|p1: jibreel69|move: Stealth Rock
|move|p1a: Moltres|Will-O-Wisp|p2a: Garchomp
|-status|p2a: Garchomp|brn
|
|-damage|p2a: Garchomp|94/100 brn|[from] brn
|upkeep
|turn|2
|
|t:|1743812354
|move|p2a: Garchomp|Draco Meteor|p1a: Moltres
|-damage|p1a: Moltres|52/100
|-unboost|p2a: Garchomp|spa|2
|-damage|p2a: Garchomp|85/100 brn|[from] item: Life Orb
|move|p1a: Moltres|Hurricane|p2a: Garchomp
|-damage|p2a: Garchomp|29/100 brn
|
|-damage|p2a: Garchomp|23/100 brn|[from] brn
|upkeep
|turn|3
|
|t:|1743812365
|switch|p2a: Pecharunt|Pecharunt|100/100
|-item|p2a: Pecharunt|Air Balloon
|move|p1a: Moltres|Roost|p1a: Moltres
|-heal|p1a: Moltres|100/100
|-singleturn|p1a: Moltres|move: Roost
|
|upkeep
|turn|4
|
|t:|1743812381
|move|p1a: Moltres|Flamethrower|p2a: Pecharunt
|-damage|p2a: Pecharunt|62/100
|-enditem|p2a: Pecharunt|Air Balloon
|move|p2a: Pecharunt|Parting Shot|p1a: Moltres
|-unboost|p1a: Moltres|atk|1
|-unboost|p1a: Moltres|spa|1
|
|t:|1743812395
|switch|p2a: Darkrai|Darkrai|100/100|[from] Parting Shot
|
|upkeep
|turn|5
|inactive|jibreel69 has 120 seconds left.
|
|t:|1743812432
|move|p2a: Darkrai|Ice Beam|p1a: Moltres
|-damage|p1a: Moltres|79/100
|move|p1a: Moltres|Flamethrower|p2a: Darkrai
|-damage|p2a: Darkrai|65/100
|
|upkeep
|turn|6
|
|t:|1743812446
|switch|p2a: Pecharunt|Pecharunt|62/100
|move|p1a: Moltres|Flamethrower|p2a: Pecharunt
|-damage|p2a: Pecharunt|38/100
|
|upkeep
|turn|7
|
|t:|1743812455
|move|p1a: Moltres|Flamethrower|p2a: Pecharunt
|-damage|p2a: Pecharunt|15/100
|move|p2a: Pecharunt|Recover|p2a: Pecharunt
|-heal|p2a: Pecharunt|65/100
|
|upkeep
|turn|8
|
|t:|1743812463
|switch|p1a: Clodsire|Clodsire, F|100/100
|-damage|p1a: Clodsire|94/100|[from] Stealth Rock
|move|p2a: Pecharunt|Malignant Chain|p1a: Clodsire
|-resisted|p1a: Clodsire
|-damage|p1a: Clodsire|89/100
|
|-heal|p1a: Clodsire|95/100|[from] item: Leftovers
|upkeep
|turn|9
|
|t:|1743812475
|move|p2a: Pecharunt|Parting Shot|p1a: Clodsire
|-unboost|p1a: Clodsire|atk|1
|-unboost|p1a: Clodsire|spa|1
|
|t:|1743812483
|switch|p2a: Garchomp|Garchomp, M|23/100 brn|[from] Parting Shot
|move|p1a: Clodsire|Earthquake|p2a: Garchomp
|-damage|p2a: Garchomp|6/100 brn
|
|-heal|p1a: Clodsire|100/100|[from] item: Leftovers
|-damage|p2a: Garchomp|0 fnt|[from] brn
|faint|p2a: Garchomp
|upkeep
|
|t:|1743812496
|switch|p2a: Kyurem|Kyurem|100/100
|-ability|p2a: Kyurem|Pressure
|turn|10
|
|t:|1743812518
|switch|p1a: Moltres|Moltres, shiny|79/100
|move|p2a: Kyurem|Icicle Spear|p1a: Moltres
|-damage|p1a: Moltres|64/100
|-damage|p1a: Moltres|51/100
|-damage|p1a: Moltres|38/100
|-damage|p1a: Moltres|25/100
|-damage|p1a: Moltres|10/100
|-hitcount|p1a: Moltres|5
|
|upkeep
|turn|11
|
|t:|1743812537
|switch|p2a: Pecharunt|Pecharunt|65/100
|move|p1a: Moltres|Will-O-Wisp|p2a: Pecharunt
|-status|p2a: Pecharunt|brn
|
|-damage|p2a: Pecharunt|59/100 brn|[from] brn
|upkeep
|turn|12
|
|t:|1743812544
|move|p1a: Moltres|Roost|p1a: Moltres
|-heal|p1a: Moltres|61/100
|-singleturn|p1a: Moltres|move: Roost
|move|p2a: Pecharunt|Hex|p1a: Moltres
|-damage|p1a: Moltres|46/100
|
|-damage|p2a: Pecharunt|53/100 brn|[from] brn
|upkeep
|turn|13
|
|t:|1743812553
|move|p1a: Moltres|Roost|p1a: Moltres
|-heal|p1a: Moltres|96/100
|-singleturn|p1a: Moltres|move: Roost
|move|p2a: Pecharunt|Parting Shot|p1a: Moltres
|-unboost|p1a: Moltres|atk|1
|-unboost|p1a: Moltres|spa|1
|
|t:|1743812573
|switch|p2a: Zapdos|Zapdos-Galar|100/100|[from] Parting Shot
|
|upkeep
|turn|14
|
|t:|1743812580
|move|p2a: Zapdos|U-turn|p1a: Moltres
|-resisted|p1a: Moltres
|-damage|p1a: Moltres|91/100
|
|t:|1743812583
|switch|p2a: Pecharunt|Pecharunt|53/100 brn|[from] U-turn
|move|p1a: Moltres|Will-O-Wisp|p2a: Pecharunt
|-fail|p2a: Pecharunt|brn
|
|-damage|p2a: Pecharunt|47/100 brn|[from] brn
|upkeep
|turn|15
|
|t:|1743812590
|move|p1a: Moltres|Hurricane|p2a: Pecharunt
|-damage|p2a: Pecharunt|19/100 brn
|move|p2a: Pecharunt|Recover|p2a: Pecharunt
|-heal|p2a: Pecharunt|69/100 brn
|
|-damage|p2a: Pecharunt|63/100 brn|[from] brn
|upkeep
|turn|16
|
|t:|1743812598
|move|p1a: Moltres|Flamethrower|p2a: Pecharunt
|-damage|p2a: Pecharunt|38/100 brn
|move|p2a: Pecharunt|Recover|p2a: Pecharunt
|-heal|p2a: Pecharunt|88/100 brn
|
|-damage|p2a: Pecharunt|82/100 brn|[from] brn
|upkeep
|turn|17
|
|t:|1743812612
|switch|p1a: Clodsire|Clodsire, F|100/100
|-damage|p1a: Clodsire|94/100|[from] Stealth Rock
|move|p2a: Pecharunt|Malignant Chain|p1a: Clodsire
|-resisted|p1a: Clodsire
|-damage|p1a: Clodsire|89/100
|
|-heal|p1a: Clodsire|96/100|[from] item: Leftovers
|-damage|p2a: Pecharunt|75/100 brn|[from] brn
|upkeep
|turn|18
|
|t:|1743812622
|move|p2a: Pecharunt|Parting Shot|p1a: Clodsire
|-unboost|p1a: Clodsire|atk|1
|-unboost|p1a: Clodsire|spa|1
|
|t:|1743812626
|switch|p2a: Zapdos|Zapdos-Galar|100/100|[from] Parting Shot
|move|p1a: Clodsire|Stealth Rock|p2a: Zapdos
|-sidestart|p2: RoutesReborn|move: Stealth Rock
|
|-heal|p1a: Clodsire|100/100|[from] item: Leftovers
|upkeep
|turn|19
|
|t:|1743812641
|switch|p1a: Reuniclus|Reuniclus, M|100/100
|-damage|p1a: Reuniclus|88/100|[from] Stealth Rock
|move|p2a: Zapdos|Brave Bird|p1a: Reuniclus
|-damage|p1a: Reuniclus|43/100
|-damage|p2a: Zapdos|81/100|[from] Recoil
|
|upkeep
|turn|20
|
|t:|1743812669
|switch|p2a: Darkrai|Darkrai|65/100
|move|p1a: Reuniclus|Future Sight|p2a: Darkrai
|-start|p1a: Reuniclus|move: Future Sight
|
|upkeep
|turn|21
|
|t:|1743812685
|switch|p1a: Moltres|Moltres, shiny|91/100
|move|p2a: Darkrai|Dark Pulse|p1a: Moltres
|-damage|p1a: Moltres|62/100
|
|upkeep
|turn|22
|
|t:|1743812696
|move|p2a: Darkrai|Dark Pulse|p1a: Moltres
|-damage|p1a: Moltres|31/100
|cant|p1a: Moltres|flinch
|
|-end|p2a: Darkrai|move: Future Sight
|-immune|p2a: Darkrai
|upkeep
|turn|23
|
|t:|1743812707
|move|p2a: Darkrai|Dark Pulse|p1a: Moltres
|-crit|p1a: Moltres
|-damage|p1a: Moltres|0 fnt
|faint|p1a: Moltres
|
|upkeep
|
|t:|1743812717
|switch|p1a: Ogerpon|Ogerpon-Wellspring, F|100/100
|-damage|p1a: Ogerpon|88/100|[from] Stealth Rock
|turn|24
|
|t:|1743812736
|move|p2a: Darkrai|Dark Pulse|p1a: Ogerpon
|-damage|p1a: Ogerpon|41/100
|move|p1a: Ogerpon|Low Kick|p2a: Darkrai
|-supereffective|p2a: Darkrai
|-damage|p2a: Darkrai|0 fnt
|faint|p2a: Darkrai
|
|upkeep
|
|t:|1743812748
|switch|p2a: Zapdos|Zapdos-Galar|81/100
|-damage|p2a: Zapdos|68/100|[from] Stealth Rock
|turn|25
|
|t:|1743812755
|move|p2a: Zapdos|U-turn|p1a: Ogerpon
|-supereffective|p1a: Ogerpon
|-damage|p1a: Ogerpon|0 fnt
|faint|p1a: Ogerpon
|
|t:|1743812770
|switch|p2a: Kyurem|Kyurem|100/100|[from] U-turn
|-damage|p2a: Kyurem|76/100|[from] Stealth Rock
|-ability|p2a: Kyurem|Pressure
|
|upkeep
|inactive|jibreel69 has 120 seconds left.
|
|t:|1743812811
|switch|p1a: Reuniclus|Reuniclus, M|76/100
|-damage|p1a: Reuniclus|64/100|[from] Stealth Rock
|turn|26
|inactive|RoutesReborn has 120 seconds left.
|
|t:|1743812843
|move|p2a: Kyurem|Dragon Dance|p2a: Kyurem
|-boost|p2a: Kyurem|atk|1
|-boost|p2a: Kyurem|spe|1
|move|p1a: Reuniclus|Focus Blast|p2a: Kyurem|[miss]
|-miss|p1a: Reuniclus|p2a: Kyurem
|
|upkeep
|turn|27
|inactive|jibreel69 has 120 seconds left.
|inactive|RoutesReborn has 120 seconds left.
|
|t:|1743812856
|move|p2a: Kyurem|Icicle Spear|p1a: Reuniclus
|-damage|p1a: Reuniclus|47/100
|-damage|p1a: Reuniclus|29/100
|-damage|p1a: Reuniclus|11/100
|-damage|p1a: Reuniclus|0 fnt
|faint|p1a: Reuniclus
|-hitcount|p1: Reuniclus|4
|
|upkeep
|inactive|jibreel69 has 120 seconds left.
|-message|jibreel69 forfeited.
|
|win|RoutesReborn
|raw|jibreel69's rating: 1231 &rarr; <strong>1205</strong><br />(-26 for losing)
|raw|RoutesReborn's rating: 1223 &rarr; <strong>1249</strong><br />(+26 for winning)
|l|☆jibreel69
|player|p1|
