|j|☆Mawile438
|j|☆pincurchinisgod
|t:|1743934470
|gametype|singles
|player|p1|Mawile438|2|1489
|player|p2|pincurchinisgod|chuck|1553
|teamsize|p1|6
|teamsize|p2|6
|gen|9
|tier|[Gen 9] OU
|rated|
|rule|HP Percentage Mod: HP is shown in percentages
|rule|Endless Battle Clause: Forcing endless battles is banned
|rule|Species Clause: Limit one of each Pokémon
|rule|OHKO Clause: OHKO moves are banned
|rule|Evasion Items Clause: Evasion items are banned
|rule|Evasion Moves Clause: Evasion moves are banned
|rule|Sleep Moves Clause: Sleep-inducing moves are banned
|clearpoke
|poke|p1|Tyranitar, F|
|poke|p1|Excadrill, F|
|poke|p1|Mandibuzz, F|
|poke|p1|Glimmora, F|
|poke|p1|Arcanine-Hisui, F|
|poke|p1|Primarina, F|
|poke|p2|Palossand, F|
|poke|p2|Garganacl, M|
|poke|p2|Tyranitar, F|
|poke|p2|Garchomp, F|
|poke|p2|Weezing-Galar, F|
|poke|p2|Electrode-Hisui|
|teampreview
|inactive|Battle timer is ON: inactive players will automatically lose when time's up. (requested by Mawile438)
|
|t:|1743934486
|start
|switch|p1a: Arcanine|Arcanine-Hisui, F, shiny|100/100
|switch|p2a: Garchomp|Garchomp, F|100/100
|turn|1
|
|t:|1743934492
|switch|p1a: Mandibuzz|Mandibuzz, F, shiny|100/100
|move|p2a: Garchomp|Stealth Rock|p1a: Mandibuzz
|-sidestart|p1: Mawile438|move: Stealth Rock
|
|upkeep
|turn|2
|
|t:|1743934501
|move|p1a: Mandibuzz|Defog|p2a: Garchomp
|-unboost|p2a: Garchomp|evasion|1
|-sideend|p1: Mawile438|Stealth Rock|[from] move: Defog|[of] p1a: Mandibuzz
|move|p2a: Garchomp|Dragon Tail|p1a: Mandibuzz
|-crit|p1a: Mandibuzz
|-damage|p1a: Mandibuzz|78/100
|drag|p1a: Arcanine|Arcanine-Hisui, F, shiny|100/100
|
|upkeep
|turn|3
|
|t:|1743934509
|switch|p1a: Mandibuzz|Mandibuzz, F, shiny|78/100
|move|p2a: Garchomp|Stealth Rock|p1a: Mandibuzz
|-sidestart|p1: Mawile438|move: Stealth Rock
|
|upkeep
|turn|4
|
|t:|1743934513
|move|p1a: Mandibuzz|Defog|p2a: Garchomp
|-unboost|p2a: Garchomp|evasion|1
|-sideend|p1: Mawile438|Stealth Rock|[from] move: Defog|[of] p1a: Mandibuzz
|move|p2a: Garchomp|Dragon Tail|p1a: Mandibuzz
|-damage|p1a: Mandibuzz|62/100
|drag|p1a: Arcanine|Arcanine-Hisui, F, shiny|100/100
|
|upkeep
|turn|5
|
|t:|1743934519
|switch|p1a: Mandibuzz|Mandibuzz, F, shiny|62/100
|move|p2a: Garchomp|Stealth Rock|p1a: Mandibuzz
|-sidestart|p1: Mawile438|move: Stealth Rock
|
|upkeep
|turn|6
|
|t:|1743934523
|move|p1a: Mandibuzz|Defog|p2a: Garchomp
|-unboost|p2a: Garchomp|evasion|1
|-sideend|p1: Mawile438|Stealth Rock|[from] move: Defog|[of] p1a: Mandibuzz
|move|p2a: Garchomp|Dragon Tail|p1a: Mandibuzz
|-damage|p1a: Mandibuzz|48/100
|drag|p1a: Primarina|Primarina, F|100/100
|
|upkeep
|turn|7
|
|t:|1743934534
|switch|p2a: Weezing|Weezing-Galar, F|100/100
|move|p1a: Primarina|Moonblast|p2a: Weezing
|-resisted|p2a: Weezing
|-damage|p2a: Weezing|75/100
|
|upkeep
|turn|8
|
|t:|1743934540
|move|p1a: Primarina|Sparkling Aria|p2a: Weezing
|-damage|p2a: Weezing|26/100
|move|p2a: Weezing|Will-O-Wisp|p1a: Primarina|[miss]
|-miss|p2a: Weezing|p1a: Primarina
|
|upkeep
|turn|9
|
|t:|1743934550
|switch|p2a: Electrode|Electrode-Hisui|100/100
|move|p1a: Primarina|Sparkling Aria|p2a: Electrode
|-resisted|p2a: Electrode
|-damage|p2a: Electrode|58/100
|
|upkeep
|turn|10
|
|t:|1743934561
|switch|p1a: Mandibuzz|Mandibuzz, F, shiny|48/100
|move|p2a: Electrode|Giga Drain|p1a: Mandibuzz
|-resisted|p1a: Mandibuzz
|-damage|p1a: Mandibuzz|37/100
|-heal|p2a: Electrode|67/100|[from] drain|[of] p1a: Mandibuzz
|
|upkeep
|turn|11
|
|t:|1743934568
|move|p2a: Electrode|Volt Switch|p1a: Mandibuzz
|-supereffective|p1a: Mandibuzz
|-damage|p1a: Mandibuzz|0 fnt
|faint|p1a: Mandibuzz
|
|t:|1743934571
|switch|p2a: Garchomp|Garchomp, F|100/100|[from] Volt Switch
|
|upkeep
|
|t:|1743934575
|switch|p1a: Primarina|Primarina, F|100/100
|turn|12
|
|t:|1743934579
|switch|p2a: Weezing|Weezing-Galar, F|26/100
|move|p1a: Primarina|Ice Beam|p2a: Weezing
|-damage|p2a: Weezing|0 fnt
|faint|p2a: Weezing
|
|upkeep
|
|t:|1743934582
|switch|p2a: Electrode|Electrode-Hisui|67/100
|turn|13
|
|t:|1743934590
|-terastallize|p1a: Primarina|Grass
|move|p2a: Electrode|Volt Switch|p1a: Primarina
|-resisted|p1a: Primarina
|-damage|p1a: Primarina|93/100
|
|t:|1743934600
|switch|p2a: Garganacl|Garganacl, M|100/100|[from] Volt Switch
|move|p1a: Primarina|Ice Beam|p2a: Garganacl
|-damage|p2a: Garganacl|74/100
|
|-heal|p2a: Garganacl|80/100|[from] item: Leftovers
|upkeep
|turn|14
|
|t:|1743934615
|move|p2a: Garganacl|Protect|p2a: Garganacl
|-singleturn|p2a: Garganacl|Protect
|move|p1a: Primarina|Ice Beam|p2a: Garganacl
|-activate|p2a: Garganacl|move: Protect
|
|-heal|p2a: Garganacl|86/100|[from] item: Leftovers
|upkeep
|turn|15
|
|t:|1743934620
|switch|p2a: Tyranitar|Tyranitar, F|100/100
|-weather|Sandstorm|[from] ability: Sand Stream|[of] p2a: Tyranitar
|move|p1a: Primarina|Sparkling Aria|p2a: Tyranitar
|-supereffective|p2a: Tyranitar
|-damage|p2a: Tyranitar|37/100
|
|-weather|Sandstorm|[upkeep]
|-damage|p1a: Primarina|87/100|[from] Sandstorm
|upkeep
|turn|16
|
|t:|1743934627
|switch|p2a: Electrode|Electrode-Hisui|67/100
|switch|p1a: Tyranitar|Tyranitar, F, shiny|100/100
|
|-weather|Sandstorm|[upkeep]
|-damage|p2a: Electrode|61/100|[from] Sandstorm
|upkeep
|turn|17
|
|t:|1743934634
|move|p2a: Electrode|Volt Switch|p1a: Tyranitar
|-damage|p1a: Tyranitar|90/100
|
|t:|1743934636
|switch|p2a: Garchomp|Garchomp, F|100/100|[from] Volt Switch
|move|p1a: Tyranitar|Ice Beam|p2a: Garchomp
|-supereffective|p2a: Garchomp
|-damage|p2a: Garchomp|13/100
|
|-weather|Sandstorm|[upkeep]
|upkeep
|turn|18
|
|t:|1743934643
|move|p2a: Garchomp|Stealth Rock|p1a: Tyranitar
|-sidestart|p1: Mawile438|move: Stealth Rock
|move|p1a: Tyranitar|Ice Beam|p2a: Garchomp
|-supereffective|p2a: Garchomp
|-damage|p2a: Garchomp|0 fnt
|faint|p2a: Garchomp
|
|-weather|Sandstorm|[upkeep]
|upkeep
|
|t:|1743934649
|switch|p2a: Garganacl|Garganacl, M|86/100
|turn|19
|
|t:|1743934655
|move|p1a: Tyranitar|Knock Off|p2a: Garganacl
|-damage|p2a: Garganacl|53/100
|-enditem|p2a: Garganacl|Leftovers|[from] move: Knock Off|[of] p1a: Tyranitar
|move|p2a: Garganacl|Salt Cure|p1a: Tyranitar
|-damage|p1a: Tyranitar|77/100
|-start|p1a: Tyranitar|Salt Cure
|
|-weather|Sandstorm|[upkeep]
|-damage|p1a: Tyranitar|64/100|[from] Salt Cure
|upkeep
|turn|20
|
|t:|1743934661
|move|p1a: Tyranitar|Low Kick|p2a: Garganacl
|-supereffective|p2a: Garganacl
|-damage|p2a: Garganacl|0 fnt
|faint|p2a: Garganacl
|
|-weather|Sandstorm|[upkeep]
|-damage|p1a: Tyranitar|52/100|[from] Salt Cure
|upkeep
|
|t:|1743934666
|switch|p2a: Palossand|Palossand, F, shiny|100/100
|turn|21
|
|t:|1743934669
|move|p1a: Tyranitar|Knock Off|p2a: Palossand
|-supereffective|p2a: Palossand
|-damage|p2a: Palossand|9/100
|-enditem|p2a: Palossand|Leftovers|[from] move: Knock Off|[of] p1a: Tyranitar
|move|p2a: Palossand|Earth Power|p1a: Tyranitar
|-supereffective|p1a: Tyranitar
|-damage|p1a: Tyranitar|14/100
|
|-weather|Sandstorm|[upkeep]
|-damage|p1a: Tyranitar|2/100|[from] Salt Cure
|upkeep
|turn|22
|
|t:|1743934678
|move|p1a: Tyranitar|Ice Beam|p2a: Palossand
|-supereffective|p2a: Palossand
|-damage|p2a: Palossand|0 fnt
|faint|p2a: Palossand
|
|-weather|none
|-damage|p1a: Tyranitar|0 fnt|[from] Salt Cure
|faint|p1a: Tyranitar
|upkeep
|
|t:|1743934684
|switch|p1a: Primarina|Primarina, F, tera:Grass|87/100
|switch|p2a: Tyranitar|Tyranitar, F|37/100
|-weather|Sandstorm|[from] ability: Sand Stream|[of] p2a: Tyranitar
|-damage|p1a: Primarina|75/100|[from] Stealth Rock
|turn|23
|
|t:|1743934687
|-terastallize|p2a: Tyranitar|Flying
|move|p2a: Tyranitar|Tera Blast|p1a: Primarina|[anim] Tera Blast Flying
|-supereffective|p1a: Primarina
|-damage|p1a: Primarina|0 fnt
|faint|p1a: Primarina
|
|-weather|Sandstorm|[upkeep]
|-damage|p2a: Tyranitar|30/100|[from] Sandstorm
|upkeep
|
|t:|1743934693
|switch|p1a: Arcanine|Arcanine-Hisui, F, shiny|100/100
|-damage|p1a: Arcanine|76/100|[from] Stealth Rock
|turn|24
|
|t:|1743934696
|move|p1a: Arcanine|Flare Blitz|p2a: Tyranitar
|-damage|p2a: Tyranitar|0 fnt
|faint|p2a: Tyranitar
|
|-weather|Sandstorm|[upkeep]
|upkeep
|
|t:|1743934698
|switch|p2a: Electrode|Electrode-Hisui|61/100
|turn|25
|
|t:|1743934703
|move|p1a: Arcanine|Flare Blitz|p2a: Electrode
|-supereffective|p2a: Electrode
|-damage|p2a: Electrode|0 fnt
|-status|p1a: Arcanine|par|[from] ability: Static|[of] p2a: Electrode
|faint|p2a: Electrode
|
|win|Mawile438
|raw|Mawile438's rating: 1489 &rarr; <strong>1513</strong><br />(+24 for winning)
|raw|pincurchinisgod's rating: 1553 &rarr; <strong>1529</strong><br />(-24 for losing)
|l|☆pincurchinisgod
|player|p2|
|l|☆Mawile438
|player|p1|
