|j|☆redmiddle
|j|☆Havestol
|t:|1743875364
|gametype|singles
|player|p1|redmiddle|cynthia|1342
|player|p2|Havestol|mars|1296
|teamsize|p1|6
|teamsize|p2|6
|gen|9
|tier|[Gen 9] OU
|rated|
|rule|HP Percentage Mod: HP is shown in percentages
|rule|Endless Battle Clause: Forcing endless battles is banned
|rule|Species Clause: Limit one of each Pokémon
|rule|OHKO Clause: OHKO moves are banned
|rule|Evasion Items Clause: Evasion items are banned
|rule|Evasion Moves Clause: Evasion moves are banned
|rule|Sleep Moves Clause: Sleep-inducing moves are banned
|clearpoke
|poke|p1|Glimmora, M|
|poke|p1|Ceruledge, F|
|poke|p1|Dragonite, M|
|poke|p1|Raging Bolt|
|poke|p1|Kingambit, M|
|poke|p1|Zamazenta-*|
|poke|p2|Scizor, F|
|poke|p2|Gholdengo|
|poke|p2|Heatran, F|
|poke|p2|Rillaboom, M|
|poke|p2|Weezing-Galar, M|
|poke|p2|Gastrodon, F|
|teampreview
|inactive|Battle timer is ON: inactive players will automatically lose when time's up. (requested by redmiddle)
|
|t:|1743875373
|start
|switch|p1a: Glimmora|Glimmora, M|100/100
|switch|p2a: Heatran|Heatran, F|100/100
|-item|p2a: Heatran|Air Balloon
|turn|1
|
|t:|1743875384
|move|p1a: Glimmora|Stealth Rock|p2a: Heatran
|-sidestart|p2: Havestol|move: Stealth Rock
|move|p2a: Heatran|Stealth Rock|p1a: Glimmora
|-sidestart|p1: redmiddle|move: Stealth Rock
|
|upkeep
|turn|2
|
|t:|1743875387
|move|p1a: Glimmora|Mortal Spin|p2a: Heatran
|-immune|p2a: Heatran
|move|p2a: Heatran|Earth Power|p1a: Glimmora
|-supereffective|p1a: Glimmora
|-enditem|p1a: Glimmora|Focus Sash
|-damage|p1a: Glimmora|1/100
|
|upkeep
|turn|3
|
|t:|1743875397
|switch|p1a: Dragonite|Dragonite, M|100/100
|move|p2a: Heatran|Magma Storm|p1a: Dragonite|[miss]
|-miss|p2a: Heatran|p1a: Dragonite
|
|upkeep
|turn|4
|c|☆Havestol|:(
|
|t:|1743875403
|move|p1a: Dragonite|Extreme Speed|p2a: Heatran
|-resisted|p2a: Heatran
|-damage|p2a: Heatran|88/100
|-enditem|p2a: Heatran|Air Balloon
|move|p2a: Heatran|Taunt|p1a: Dragonite
|-start|p1a: Dragonite|move: Taunt
|
|upkeep
|turn|5
|
|t:|1743875413
|switch|p2a: Gholdengo|Gholdengo|100/100
|-damage|p2a: Gholdengo|94/100|[from] Stealth Rock
|move|p1a: Dragonite|Earthquake|p2a: Gholdengo
|-supereffective|p2a: Gholdengo
|-damage|p2a: Gholdengo|36/100
|
|upkeep
|turn|6
|
|t:|1743875419
|switch|p2a: Gastrodon|Gastrodon, F|100/100
|move|p1a: Dragonite|Earthquake|p2a: Gastrodon
|-damage|p2a: Gastrodon|55/100
|
|upkeep
|turn|7
|
|t:|1743875423
|switch|p1a: Glimmora|Glimmora, M|1/100
|-damage|p1a: Glimmora|0 fnt|[from] Stealth Rock
|faint|p1a: Glimmora
|move|p2a: Gastrodon|Recover|p2a: Gastrodon
|-heal|p2a: Gastrodon|100/100
|
|upkeep
|
|t:|1743875428
|switch|p1a: Kingambit|Kingambit, M|100/100
|-damage|p1a: Kingambit|94/100|[from] Stealth Rock
|-activate|p1a: Kingambit|ability: Supreme Overlord
|-start|p1a: Kingambit|fallen1|[silent]
|turn|8
|
|t:|1743875437
|switch|p2a: Rillaboom|Rillaboom, M|100/100
|-damage|p2a: Rillaboom|88/100|[from] Stealth Rock
|-fieldstart|move: Grassy Terrain|[from] ability: Grassy Surge|[of] p2a: Rillaboom
|move|p1a: Kingambit|Swords Dance|p1a: Kingambit
|-boost|p1a: Kingambit|atk|2
|
|-heal|p2a: Rillaboom|94/100|[from] Grassy Terrain
|-heal|p1a: Kingambit|100/100|[from] Grassy Terrain
|upkeep
|turn|9
|
|t:|1743875441
|-terastallize|p1a: Kingambit|Flying
|move|p2a: Rillaboom|Low Kick|p1a: Kingambit
|-resisted|p1a: Kingambit
|-crit|p1a: Kingambit
|-damage|p1a: Kingambit|66/100
|move|p1a: Kingambit|Swords Dance|p1a: Kingambit
|-boost|p1a: Kingambit|atk|2
|
|-heal|p2a: Rillaboom|100/100|[from] Grassy Terrain
|upkeep
|turn|10
|
|t:|1743875448
|switch|p2a: Gholdengo|Gholdengo|36/100
|-damage|p2a: Gholdengo|30/100|[from] Stealth Rock
|move|p1a: Kingambit|Sucker Punch||[still]
|-fail|p1a: Kingambit
|
|-heal|p2a: Gholdengo|36/100|[from] Grassy Terrain
|upkeep
|turn|11
|
|t:|1743875459
|-terastallize|p2a: Gholdengo|Fairy
|move|p1a: Kingambit|Sucker Punch||[still]
|-fail|p1a: Kingambit
|move|p2a: Gholdengo|Recover|p2a: Gholdengo
|-heal|p2a: Gholdengo|86/100
|
|-heal|p2a: Gholdengo|92/100|[from] Grassy Terrain
|upkeep
|turn|12
|
|t:|1743875466
|move|p2a: Gholdengo|Dazzling Gleam|p1a: Kingambit
|-damage|p1a: Kingambit|27/100
|move|p1a: Kingambit|Iron Head|p2a: Gholdengo
|-supereffective|p2a: Gholdengo
|-damage|p2a: Gholdengo|0 fnt
|-damage|p1a: Kingambit|11/100|[from] item: Rocky Helmet|[of] p2a: Gholdengo
|faint|p2a: Gholdengo
|
|-fieldend|move: Grassy Terrain
|upkeep
|
|t:|1743875469
|switch|p2a: Scizor|Scizor, F|100/100
|-damage|p2a: Scizor|88/100|[from] Stealth Rock
|turn|13
|
|t:|1743875474
|move|p2a: Scizor|Bullet Punch|p1a: Kingambit
|-damage|p1a: Kingambit|0 fnt
|faint|p1a: Kingambit
|-end|p1a: Kingambit|fallen1|[silent]
|-damage|p2a: Scizor|78/100|[from] item: Life Orb
|
|upkeep
|
|t:|1743875479
|switch|p1a: Zamazenta|Zamazenta|100/100
|-damage|p1a: Zamazenta|94/100|[from] Stealth Rock
|-ability|p1a: Zamazenta|Dauntless Shield|boost
|-boost|p1a: Zamazenta|def|1
|turn|14
|
|t:|1743875483
|switch|p2a: Weezing|Weezing-Galar, M|100/100
|-ability|p2a: Weezing|Neutralizing Gas
|-damage|p2a: Weezing|88/100|[from] Stealth Rock
|move|p1a: Zamazenta|Iron Defense|p1a: Zamazenta
|-boost|p1a: Zamazenta|def|2
|
|-heal|p1a: Zamazenta|100/100|[from] item: Leftovers
|upkeep
|turn|15
|
|t:|1743875492
|move|p1a: Zamazenta|Substitute|p1a: Zamazenta
|-start|p1a: Zamazenta|Substitute
|-damage|p1a: Zamazenta|76/100
|move|p2a: Weezing|Strange Steam|p1a: Zamazenta
|-supereffective|p1a: Zamazenta
|-end|p1a: Zamazenta|Substitute
|
|-heal|p1a: Zamazenta|82/100|[from] item: Leftovers
|upkeep
|turn|16
|
|t:|1743875499
|move|p1a: Zamazenta|Body Press|p2a: Weezing
|-resisted|p2a: Weezing
|-damage|p2a: Weezing|72/100
|move|p2a: Weezing|Strange Steam|p1a: Zamazenta
|-supereffective|p1a: Zamazenta
|-crit|p1a: Zamazenta
|-damage|p1a: Zamazenta|2/100
|
|-heal|p1a: Zamazenta|8/100|[from] item: Leftovers
|upkeep
|turn|17
|
|t:|1743875505
|move|p1a: Zamazenta|Body Press|p2a: Weezing
|-resisted|p2a: Weezing
|-damage|p2a: Weezing|57/100
|move|p2a: Weezing|Strange Steam|p1a: Zamazenta
|-supereffective|p1a: Zamazenta
|-damage|p1a: Zamazenta|0 fnt
|faint|p1a: Zamazenta
|
|upkeep
|
|t:|1743875510
|switch|p1a: Dragonite|Dragonite, M|100/100
|turn|18
|
|t:|1743875512
|move|p1a: Dragonite|Dragon Dance|p1a: Dragonite
|-boost|p1a: Dragonite|atk|1
|-boost|p1a: Dragonite|spe|1
|move|p2a: Weezing|Will-O-Wisp|p1a: Dragonite
|-status|p1a: Dragonite|brn
|
|-damage|p1a: Dragonite|94/100 brn|[from] brn
|upkeep
|turn|19
|
|t:|1743875517
|move|p1a: Dragonite|Earthquake|p2a: Weezing
|-supereffective|p2a: Weezing
|-enditem|p2a: Weezing|Shuca Berry|[eat]
|-enditem|p2a: Weezing|Shuca Berry|[weaken]
|-damage|p2a: Weezing|39/100
|move|p2a: Weezing|Pain Split|p1a: Dragonite
|-sethp|p1a: Dragonite|67/100 brn|[from] move: Pain Split|[silent]
|-sethp|p2a: Weezing|65/100|[from] move: Pain Split
|
|-damage|p1a: Dragonite|61/100 brn|[from] brn
|upkeep
|turn|20
|
|t:|1743875521
|move|p1a: Dragonite|Earthquake|p2a: Weezing
|-supereffective|p2a: Weezing
|-damage|p2a: Weezing|22/100
|move|p2a: Weezing|Strange Steam|p1a: Dragonite
|-supereffective|p1a: Dragonite
|-damage|p1a: Dragonite|1/100 brn
|
|-damage|p1a: Dragonite|0 fnt|[from] brn
|faint|p1a: Dragonite
|upkeep
|
|t:|1743875525
|switch|p1a: Raging Bolt|Raging Bolt|100/100
|-damage|p1a: Raging Bolt|88/100|[from] Stealth Rock
|turn|21
|-message|redmiddle forfeited.
|
|win|Havestol
|raw|redmiddle's rating: 1342 &rarr; <strong>1319</strong><br />(-23 for losing)
|raw|Havestol's rating: 1296 &rarr; <strong>1324</strong><br />(+28 for winning)
|l|☆redmiddle
|player|p1|
