|j|☆tsg lover
|j|☆kylekdog
|t:|1743907619
|gametype|singles
|player|p1|tsg lover|266|1028
|player|p2|kylekdog|cheryl|1022
|teamsize|p1|6
|teamsize|p2|3
|gen|9
|tier|[Gen 9] OU
|rated|
|rule|HP Percentage Mod: HP is shown in percentages
|rule|Endless Battle Clause: Forcing endless battles is banned
|rule|Species Clause: Limit one of each Pokémon
|rule|OHKO Clause: OHKO moves are banned
|rule|Evasion Items Clause: Evasion items are banned
|rule|Evasion Moves Clause: Evasion moves are banned
|rule|Sleep Moves Clause: Sleep-inducing moves are banned
|clearpoke
|poke|p1|Latias, F|
|poke|p1|Zamazenta-*|
|poke|p1|Arcanine-Hisui, F|
|poke|p1|Umbreon, M|
|poke|p1|Corviknight, M|
|poke|p1|Darkrai|
|poke|p2|Regidrago|
|poke|p2|Iron Treads|
|poke|p2|Gastrodon, F|
|teampreview
|
|t:|1743907636
|start
|switch|p1a: Corviknight|Corviknight, M|100/100
|switch|p2a: Regidrago|Regidrago|100/100
|turn|1
|
|t:|1743907648
|-terastallize|p2a: Regidrago|Dragon
|move|p2a: Regidrago|Scale Shot|p1a: Corviknight
|-resisted|p1a: Corviknight
|-damage|p1a: Corviknight|86/100
|-resisted|p1a: Corviknight
|-damage|p1a: Corviknight|71/100
|-resisted|p1a: Corviknight
|-damage|p1a: Corviknight|56/100
|-resisted|p1a: Corviknight
|-damage|p1a: Corviknight|41/100
|-resisted|p1a: Corviknight
|-damage|p1a: Corviknight|25/100
|-hitcount|p1a: Corviknight|5
|-unboost|p2a: Regidrago|def|1
|-boost|p2a: Regidrago|spe|1
|move|p1a: Corviknight|Iron Defense|p1a: Corviknight
|-boost|p1a: Corviknight|def|2
|
|upkeep
|turn|2
|
|t:|1743907667
|-terastallize|p1a: Corviknight|Flying
|move|p2a: Regidrago|Scale Shot|p1a: Corviknight
|-damage|p1a: Corviknight|10/100
|-damage|p1a: Corviknight|0 fnt
|faint|p1a: Corviknight
|-hitcount|p1: Corviknight|2
|-unboost|p2a: Regidrago|def|1
|-boost|p2a: Regidrago|spe|1
|
|upkeep
|
|t:|1743907678
|switch|p1a: Umbreon|Umbreon, M|100/100
|turn|3
|
|t:|1743907684
|move|p2a: Regidrago|Scale Shot|p1a: Umbreon|[miss]
|-miss|p2a: Regidrago|p1a: Umbreon
|move|p1a: Umbreon|Dark Pulse|p2a: Regidrago
|-damage|p2a: Regidrago|80/100
|
|upkeep
|turn|4
|
|t:|1743907692
|move|p2a: Regidrago|Scale Shot|p1a: Umbreon
|-damage|p1a: Umbreon|71/100
|-damage|p1a: Umbreon|42/100
|-damage|p1a: Umbreon|15/100
|-damage|p1a: Umbreon|0 fnt
|faint|p1a: Umbreon
|-hitcount|p1: Umbreon|4
|-unboost|p2a: Regidrago|def|1
|-boost|p2a: Regidrago|spe|1
|
|upkeep
|
|t:|1743907705
|switch|p1a: Zamazenta|Zamazenta|100/100
|-ability|p1a: Zamazenta|Dauntless Shield|boost
|-boost|p1a: Zamazenta|def|1
|turn|5
|
|t:|1743907712
|move|p2a: Regidrago|Scale Shot|p1a: Zamazenta
|-damage|p1a: Zamazenta|82/100
|-damage|p1a: Zamazenta|64/100
|-damage|p1a: Zamazenta|44/100
|-damage|p1a: Zamazenta|24/100
|-hitcount|p1a: Zamazenta|4
|-unboost|p2a: Regidrago|def|1
|-boost|p2a: Regidrago|spe|1
|move|p1a: Zamazenta|Focus Blast|p2a: Regidrago
|-damage|p2a: Regidrago|39/100
|
|upkeep
|turn|6
|
|t:|1743907726
|move|p2a: Regidrago|Scale Shot|p1a: Zamazenta
|-damage|p1a: Zamazenta|4/100
|-damage|p1a: Zamazenta|0 fnt
|faint|p1a: Zamazenta
|-hitcount|p1: Zamazenta|2
|-unboost|p2a: Regidrago|def|1
|-boost|p2a: Regidrago|spe|1
|
|upkeep
|
|t:|1743907735
|switch|p1a: Latias|Latias, F|100/100
|turn|7
|
|t:|1743907740
|move|p2a: Regidrago|Scale Shot|p1a: Latias
|-supereffective|p1a: Latias
|-damage|p1a: Latias|26/100
|-supereffective|p1a: Latias
|-damage|p1a: Latias|0 fnt
|faint|p1a: Latias
|-hitcount|p1: Latias|2
|-unboost|p2a: Regidrago|def|1
|-boost|p2a: Regidrago|spe|1
|
|upkeep
|
|t:|1743907750
|switch|p1a: Arcanine|Arcanine-Hisui, F|100/100
|turn|8
|
|t:|1743907756
|move|p2a: Regidrago|Scale Shot|p1a: Arcanine
|-damage|p1a: Arcanine|64/100
|-damage|p1a: Arcanine|26/100
|-damage|p1a: Arcanine|0 fnt
|faint|p1a: Arcanine
|-hitcount|p1: Arcanine|3
|
|upkeep
|
|t:|1743907764
|switch|p1a: Darkrai|Darkrai|100/100
|turn|9
|
|t:|1743907769
|move|p2a: Regidrago|Scale Shot|p1a: Darkrai
|-damage|p1a: Darkrai|65/100
|-damage|p1a: Darkrai|27/100
|-damage|p1a: Darkrai|0 fnt
|faint|p1a: Darkrai
|-hitcount|p1: Darkrai|3
|
|win|kylekdog
|raw|tsg lover's rating: 1028 &rarr; <strong>1014</strong><br />(-14 for losing)
|raw|kylekdog's rating: 1022 &rarr; <strong>1059</strong><br />(+37 for winning)
|l|☆tsg lover
|player|p1|
