|j|☆jekar
|j|☆dxiong
|t:|1743927064
|gametype|singles
|player|p1|jekar|102|1263
|player|p2|dxiong|cynthia-gen4|1287
|teamsize|p1|6
|teamsize|p2|6
|gen|9
|tier|[Gen 9] OU
|rated|
|rule|HP Percentage Mod: HP is shown in percentages
|rule|Endless Battle Clause: Forcing endless battles is banned
|rule|Species Clause: Limit one of each Pokémon
|rule|OHKO Clause: OHKO moves are banned
|rule|Evasion Items Clause: Evasion items are banned
|rule|Evasion Moves Clause: Evasion moves are banned
|rule|Sleep Moves Clause: Sleep-inducing moves are banned
|clearpoke
|poke|p1|Sandy Shocks|
|poke|p1|Walking Wake|
|poke|p1|Samurott-Hisui, M|
|poke|p1|Iron Valiant|
|poke|p1|Gholdengo|
|poke|p1|Dragonite, F|
|poke|p2|Ogerpon-Wellspring, F|
|poke|p2|Landorus-Therian, M|
|poke|p2|Ceruledge, M|
|poke|p2|Raging Bolt|
|poke|p2|Torkoal, F|
|poke|p2|Maushold|
|teampreview
|inactive|Battle timer is ON: inactive players will automatically lose when time's up. (requested by jekar)
|
|t:|1743927068
|start
|switch|p1a: Samurott|Samurott-Hisui, M|100/100
|switch|p2a: Maushold|Maushold|100/100
|turn|1
|
|t:|1743927074
|switch|p1a: Gholdengo|Gholdengo|100/100
|-item|p1a: Gholdengo|Air Balloon
|move|p2a: Maushold|Population Bomb|p1a: Gholdengo
|-immune|p1a: Gholdengo
|
|upkeep
|turn|2
|
|t:|1743927077
|move|p2a: Maushold|Play Rough|p1a: Gholdengo
|-resisted|p1a: Gholdengo
|-damage|p1a: Gholdengo|88/100
|-enditem|p1a: Gholdengo|Air Balloon
|move|p1a: Gholdengo|Focus Blast|p2a: Maushold
|-supereffective|p2a: Maushold
|-damage|p2a: Maushold|0 fnt
|faint|p2a: Maushold
|
|upkeep
|
|t:|1743927091
|switch|p2a: Ceruledge|Ceruledge, M|100/100
|turn|3
|
|t:|1743927094
|move|p2a: Ceruledge|Bitter Blade|p1a: Gholdengo
|-supereffective|p1a: Gholdengo
|-damage|p1a: Gholdengo|0 fnt
|faint|p1a: Gholdengo
|-damage|p2a: Ceruledge|91/100|[from] item: Life Orb
|
|upkeep
|
|t:|1743927097
|switch|p1a: Samurott|Samurott-Hisui, M|100/100
|turn|4
|
|t:|1743927105
|switch|p2a: Torkoal|Torkoal, F|100/100
|-weather|SunnyDay|[from] ability: Drought|[of] p2a: Torkoal
|move|p1a: Samurott|Ceaseless Edge|p2a: Torkoal
|-damage|p2a: Torkoal|75/100
|-sidestart|p2: dxiong|Spikes
|
|-weather|SunnyDay|[upkeep]
|upkeep
|turn|5
|
|t:|1743927108
|move|p1a: Samurott|Knock Off|p2a: Torkoal
|-damage|p2a: Torkoal|49/100
|-enditem|p2a: Torkoal|Heat Rock|[from] move: Knock Off|[of] p1a: Samurott
|move|p2a: Torkoal|Stealth Rock|p1a: Samurott
|-sidestart|p1: jekar|move: Stealth Rock
|
|-weather|SunnyDay|[upkeep]
|upkeep
|turn|6
|
|t:|1743927115
|move|p1a: Samurott|Ceaseless Edge|p2a: Torkoal
|-damage|p2a: Torkoal|24/100
|-sidestart|p2: dxiong|Spikes
|move|p2a: Torkoal|Will-O-Wisp|p1a: Samurott
|-status|p1a: Samurott|brn
|
|-weather|SunnyDay|[upkeep]
|-damage|p1a: Samurott|94/100 brn|[from] brn
|upkeep
|turn|7
|
|t:|1743927118
|move|p1a: Samurott|Surf|p2a: Torkoal
|-supereffective|p2a: Torkoal
|-damage|p2a: Torkoal|0 fnt
|faint|p2a: Torkoal
|
|-weather|SunnyDay|[upkeep]
|-damage|p1a: Samurott|88/100 brn|[from] brn
|upkeep
|
|t:|1743927133
|switch|p2a: Raging Bolt|Raging Bolt|100/100
|-damage|p2a: Raging Bolt|84/100|[from] Spikes
|-activate|p2a: Raging Bolt|ability: Protosynthesis
|-start|p2a: Raging Bolt|protosynthesisspa
|turn|8
|
|t:|1743927138
|switch|p1a: Sandy Shocks|Sandy Shocks|100/100
|-damage|p1a: Sandy Shocks|94/100|[from] Stealth Rock
|-activate|p1a: Sandy Shocks|ability: Protosynthesis
|-start|p1a: Sandy Shocks|protosynthesisspe
|-terastallize|p2a: Raging Bolt|Fairy
|move|p2a: Raging Bolt|Tera Blast|p1a: Sandy Shocks|[anim] Tera Blast Fairy
|-damage|p1a: Sandy Shocks|22/100
|
|-weather|SunnyDay|[upkeep]
|upkeep
|turn|9
|
|t:|1743927155
|-end|p2a: Raging Bolt|Protosynthesis|[silent]
|switch|p2a: Landorus|Landorus-Therian, M|100/100
|-ability|p2a: Landorus|Intimidate|boost
|-unboost|p1a: Sandy Shocks|atk|1
|move|p1a: Sandy Shocks|Stealth Rock|p2a: Landorus
|-sidestart|p2: dxiong|move: Stealth Rock
|
|-weather|SunnyDay|[upkeep]
|upkeep
|turn|10
|
|t:|1743927163
|-end|p1a: Sandy Shocks|Protosynthesis|[silent]
|switch|p1a: Samurott|Samurott-Hisui, M|88/100 brn
|-damage|p1a: Samurott|76/100 brn|[from] Stealth Rock
|move|p2a: Landorus|Stone Edge|p1a: Samurott
|-damage|p1a: Samurott|7/100 brn
|
|-weather|SunnyDay|[upkeep]
|-damage|p1a: Samurott|1/100 brn|[from] brn
|upkeep
|turn|11
|
|t:|1743927168
|move|p2a: Landorus|Stone Edge|p1a: Samurott
|-damage|p1a: Samurott|0 fnt
|faint|p1a: Samurott
|
|-weather|none
|upkeep
|
|t:|1743927184
|switch|p1a: Walking Wake|Walking Wake|100/100
|-damage|p1a: Walking Wake|88/100|[from] Stealth Rock
|-enditem|p1a: Walking Wake|Booster Energy
|-activate|p1a: Walking Wake|ability: Protosynthesis|[fromitem]
|-start|p1a: Walking Wake|protosynthesisspa
|turn|12
|
|t:|1743927197
|switch|p2a: Ogerpon|Ogerpon-Wellspring, F|100/100
|-damage|p2a: Ogerpon|84/100|[from] Spikes
|-damage|p2a: Ogerpon|72/100|[from] Stealth Rock
|move|p1a: Walking Wake|Agility|p1a: Walking Wake
|-boost|p1a: Walking Wake|spe|2
|
|upkeep
|turn|13
|
|t:|1743927201
|move|p1a: Walking Wake|Dragon Pulse|p2a: Ogerpon
|-damage|p2a: Ogerpon|0 fnt
|faint|p2a: Ogerpon
|
|upkeep
|
|t:|1743927207
|switch|p2a: Raging Bolt|Raging Bolt, tera:Fairy|84/100
|-damage|p2a: Raging Bolt|67/100|[from] Spikes
|-damage|p2a: Raging Bolt|55/100|[from] Stealth Rock
|turn|14
|
|t:|1743927214
|move|p1a: Walking Wake|Surf|p2a: Raging Bolt
|-damage|p2a: Raging Bolt|0 fnt
|faint|p2a: Raging Bolt
|-end|p2a: Raging Bolt|Protosynthesis|[silent]
|
|upkeep
|
|t:|1743927228
|switch|p2a: Ceruledge|Ceruledge, M|91/100
|-damage|p2a: Ceruledge|74/100|[from] Spikes
|-damage|p2a: Ceruledge|49/100|[from] Stealth Rock
|turn|15
|
|t:|1743927230
|move|p1a: Walking Wake|Surf|p2a: Ceruledge
|-supereffective|p2a: Ceruledge
|-damage|p2a: Ceruledge|0 fnt
|faint|p2a: Ceruledge
|
|upkeep
|
|t:|1743927233
|switch|p2a: Landorus|Landorus-Therian, M|100/100
|-damage|p2a: Landorus|88/100|[from] Stealth Rock
|-ability|p2a: Landorus|Intimidate|boost
|-unboost|p1a: Walking Wake|atk|1
|turn|16
|
|t:|1743927235
|-terastallize|p1a: Walking Wake|Water
|move|p1a: Walking Wake|Surf|p2a: Landorus
|-supereffective|p2a: Landorus
|-damage|p2a: Landorus|0 fnt
|faint|p2a: Landorus
|
|win|jekar
|raw|jekar's rating: 1263 &rarr; <strong>1290</strong><br />(+27 for winning)
|raw|dxiong's rating: 1287 &rarr; <strong>1260</strong><br />(-27 for losing)
|l|☆dxiong
|player|p2|
|l|☆jekar
|player|p1|
