|j|☆Quintesshou
|j|☆thekingcamel
|t:|1743915893
|gametype|singles
|player|p1|Quintesshou|clerkf|1177
|player|p2|thekingcamel|265|1103
|teamsize|p1|6
|teamsize|p2|6
|gen|9
|tier|[Gen 9] OU
|rated|
|rule|HP Percentage Mod: HP is shown in percentages
|rule|Endless Battle Clause: Forcing endless battles is banned
|rule|Species Clause: Limit one of each Pokémon
|rule|OHKO Clause: OHKO moves are banned
|rule|Evasion Items Clause: Evasion items are banned
|rule|Evasion Moves Clause: Evasion moves are banned
|rule|Sleep Moves Clause: Sleep-inducing moves are banned
|clearpoke
|poke|p1|Ninetales-Alola, F|
|poke|p1|Frosmoth, F|
|poke|p1|Cetitan, F|
|poke|p1|Glaceon, F|
|poke|p1|Dewgong, F|
|poke|p1|Abomasnow, F|
|poke|p2|Kyurem|
|poke|p2|Ting-Lu|
|poke|p2|Corviknight, M|
|poke|p2|Weezing-Galar, M|
|poke|p2|Zamazenta-*|
|poke|p2|Toxapex, M|
|teampreview
|inactive|Battle timer is ON: inactive players will automatically lose when time's up. (requested by Quintesshou)
|
|t:|1743915902
|start
|switch|p1a: SnowMommy|Abomasnow, F, shiny|100/100
|switch|p2a: Ting-Lu|Ting-Lu|100/100
|-weather|Snowscape|[from] ability: Snow Warning|[of] p1a: SnowMommy
|-ability|p2a: Ting-Lu|Vessel of Ruin
|turn|1
|
|t:|1743915915
|move|p1a: SnowMommy|Wood Hammer|p2a: Ting-Lu
|-supereffective|p2a: Ting-Lu
|-damage|p2a: Ting-Lu|39/100
|-damage|p1a: SnowMommy|73/100|[from] Recoil
|move|p2a: Ting-Lu|Stealth Rock|p1a: SnowMommy
|-sidestart|p1: Quintesshou|move: Stealth Rock
|
|-weather|Snowscape|[upkeep]
|-heal|p2a: Ting-Lu|46/100|[from] item: Leftovers
|upkeep
|turn|2
|inactive|thekingcamel has 120 seconds left.
|
|t:|1743915949
|-terastallize|p2a: Ting-Lu|Fairy
|move|p1a: SnowMommy|Wood Hammer|p2a: Ting-Lu
|-damage|p2a: Ting-Lu|13/100
|-damage|p1a: SnowMommy|59/100|[from] Recoil
|move|p2a: Ting-Lu|Ruination|p1a: SnowMommy
|-damage|p1a: SnowMommy|30/100
|
|-weather|Snowscape|[upkeep]
|-heal|p2a: Ting-Lu|20/100|[from] item: Leftovers
|upkeep
|turn|3
|inactive|thekingcamel has 120 seconds left.
|
|t:|1743915962
|move|p1a: SnowMommy|Wood Hammer|p2a: Ting-Lu
|-damage|p2a: Ting-Lu|0 fnt
|faint|p2a: Ting-Lu
|-damage|p1a: SnowMommy|22/100|[from] Recoil
|
|-weather|Snowscape|[upkeep]
|upkeep
|inactive|thekingcamel has 120 seconds left.
|
|t:|1743915977
|switch|p2a: Zamazenta|Zamazenta, shiny|100/100
|-ability|p2a: Zamazenta|Dauntless Shield|boost
|-boost|p2a: Zamazenta|def|1
|turn|4
|
|t:|1743915987
|move|p2a: Zamazenta|Heavy Slam|p1a: SnowMommy
|-supereffective|p1a: SnowMommy
|-damage|p1a: SnowMommy|0 fnt
|faint|p1a: SnowMommy
|
|-weather|Snowscape|[upkeep]
|upkeep
|
|t:|1743915992
|switch|p1a: Frostora|Frosmoth, F, shiny|100/100
|turn|5
|inactive|thekingcamel has 120 seconds left.
|
|t:|1743916006
|move|p2a: Zamazenta|Heavy Slam|p1a: Frostora
|-supereffective|p1a: Frostora
|-damage|p1a: Frostora|0 fnt
|faint|p1a: Frostora
|
|-weather|Snowscape|[upkeep]
|upkeep
|
|t:|1743916013
|switch|p1a: Bubblefreeze|Dewgong, F, shiny|100/100
|-damage|p1a: Bubblefreeze|76/100|[from] Stealth Rock
|turn|6
|
|t:|1743916017
|move|p2a: Zamazenta|Heavy Slam|p1a: Bubblefreeze
|-crit|p1a: Bubblefreeze
|-damage|p1a: Bubblefreeze|55/100
|move|p1a: Bubblefreeze|Perish Song|p1a: Bubblefreeze
|-start|p1a: Bubblefreeze|perish3|[silent]
|-start|p2a: Zamazenta|perish3|[silent]
|-fieldactivate|move: Perish Song
|
|-weather|Snowscape|[upkeep]
|-heal|p1a: Bubblefreeze|61/100|[from] ability: Ice Body
|-heal|p1a: Bubblefreeze|67/100|[from] item: Leftovers
|-start|p2a: Zamazenta|perish3
|-start|p1a: Bubblefreeze|perish3
|upkeep
|turn|7
|inactive|thekingcamel has 120 seconds left.
|
|t:|1743916046
|switch|p2a: Corviknight|Corviknight, M, shiny|100/100
|-ability|p2a: Corviknight|Pressure
|move|p1a: Bubblefreeze|Whirlpool|p2a: Corviknight|[miss]
|-miss|p1a: Bubblefreeze|p2a: Corviknight
|
|-weather|Snowscape|[upkeep]
|-heal|p1a: Bubblefreeze|74/100|[from] ability: Ice Body
|-heal|p1a: Bubblefreeze|80/100|[from] item: Leftovers
|-start|p1a: Bubblefreeze|perish2
|upkeep
|turn|8
|inactive|thekingcamel has 120 seconds left.
|
|t:|1743916062
|move|p1a: Bubblefreeze|Encore||[still]
|-fail|p1a: Bubblefreeze
|move|p2a: Corviknight|Iron Defense|p2a: Corviknight
|-boost|p2a: Corviknight|def|2
|
|-weather|none
|-heal|p1a: Bubblefreeze|86/100|[from] item: Leftovers
|-start|p1a: Bubblefreeze|perish1
|upkeep
|turn|9
|
|t:|1743916072
|move|p1a: Bubblefreeze|Perish Song|p1a: Bubblefreeze
|-start|p2a: Corviknight|perish3|[silent]
|-fieldactivate|move: Perish Song
|move|p2a: Corviknight|Iron Defense|p2a: Corviknight
|-boost|p2a: Corviknight|def|2
|
|-heal|p1a: Bubblefreeze|92/100|[from] item: Leftovers
|-start|p1a: Bubblefreeze|perish0
|-start|p2a: Corviknight|perish3
|faint|p1a: Bubblefreeze
|upkeep
|
|t:|1743916083
|switch|p1a: Snowbelle|Ninetales-Alola, F, shiny|100/100
|-damage|p1a: Snowbelle|75/100|[from] Stealth Rock
|-weather|Snowscape|[from] ability: Snow Warning|[of] p1a: Snowbelle
|turn|10
|
|t:|1743916104
|-terastallize|p1a: Snowbelle|Water
|move|p1a: Snowbelle|Aurora Veil|p1a: Snowbelle
|-sidestart|p1: Quintesshou|move: Aurora Veil
|move|p2a: Corviknight|U-turn|p1a: Snowbelle
|-damage|p1a: Snowbelle|65/100
|
|t:|1743916115
|switch|p2a: Kyurem|Kyurem, shiny|100/100|[from] U-turn
|-ability|p2a: Kyurem|Pressure
|
|-weather|Snowscape|[upkeep]
|upkeep
|turn|11
|
|t:|1743916124
|move|p1a: Snowbelle|Nasty Plot|p1a: Snowbelle
|-boost|p1a: Snowbelle|spa|2
|move|p2a: Kyurem|Substitute|p2a: Kyurem
|-start|p2a: Kyurem|Substitute
|-damage|p2a: Kyurem|76/100
|
|-weather|Snowscape|[upkeep]
|-heal|p2a: Kyurem|82/100|[from] item: Leftovers
|upkeep
|turn|12
|
|t:|1743916133
|move|p1a: Snowbelle|Moonblast|p2a: Kyurem
|-supereffective|p2a: Kyurem
|-end|p2a: Kyurem|Substitute
|move|p2a: Kyurem|Freeze-Dry|p1a: Snowbelle
|-supereffective|p1a: Snowbelle
|-damage|p1a: Snowbelle|20/100
|
|-weather|Snowscape|[upkeep]
|-heal|p2a: Kyurem|88/100|[from] item: Leftovers
|upkeep
|turn|13
|
|t:|1743916145
|switch|p2a: Corviknight|Corviknight, M, shiny|100/100
|-ability|p2a: Corviknight|Pressure
|move|p1a: Snowbelle|Moonblast|p2a: Corviknight
|-resisted|p2a: Corviknight
|-damage|p2a: Corviknight|64/100
|-unboost|p2a: Corviknight|spa|1
|
|-weather|Snowscape|[upkeep]
|upkeep
|turn|14
|
|t:|1743916156
|move|p1a: Snowbelle|Moonblast|p2a: Corviknight
|-resisted|p2a: Corviknight
|-damage|p2a: Corviknight|28/100
|move|p2a: Corviknight|Iron Defense|p2a: Corviknight
|-boost|p2a: Corviknight|def|2
|
|-weather|Snowscape|[upkeep]
|-sideend|p1: Quintesshou|move: Aurora Veil
|upkeep
|turn|15
|
|t:|1743916166
|move|p1a: Snowbelle|Moonblast|p2a: Corviknight
|-resisted|p2a: Corviknight
|-damage|p2a: Corviknight|0 fnt
|faint|p2a: Corviknight
|
|-weather|Snowscape|[upkeep]
|upkeep
|
|t:|1743916182
|switch|p2a: Zamazenta|Zamazenta, shiny|100/100
|turn|16
|
|t:|1743916193
|move|p2a: Zamazenta|Close Combat|p1a: Snowbelle
|-damage|p1a: Snowbelle|0 fnt
|-unboost|p2a: Zamazenta|def|1
|-unboost|p2a: Zamazenta|spd|1
|faint|p1a: Snowbelle
|
|-weather|Snowscape|[upkeep]
|upkeep
|
|t:|1743916204
|switch|p1a: Icebreaker|Cetitan, F, shiny|100/100
|-damage|p1a: Icebreaker|76/100|[from] Stealth Rock
|turn|17
|
|t:|1743916214
|move|p1a: Icebreaker|Icicle Spear|p2a: Zamazenta
|-damage|p2a: Zamazenta|83/100
|-damage|p2a: Zamazenta|66/100
|-hitcount|p2a: Zamazenta|2
|move|p2a: Zamazenta|Close Combat|p1a: Icebreaker
|-supereffective|p1a: Icebreaker
|-damage|p1a: Icebreaker|0 fnt
|-unboost|p2a: Zamazenta|def|1
|-unboost|p2a: Zamazenta|spd|1
|faint|p1a: Icebreaker
|
|-weather|none
|upkeep
|-message|Quintesshou forfeited.
|
|win|thekingcamel
|raw|Quintesshou's rating: 1177 &rarr; <strong>1147</strong><br />(-30 for losing)
|raw|thekingcamel's rating: 1103 &rarr; <strong>1133</strong><br />(+30 for winning)
|l|☆Quintesshou
|player|p1|
|l|☆thekingcamel
|player|p2|
