|j|☆Dica47
|j|☆cacaculococo
|t:|1743859054
|gametype|singles
|player|p1|Dica47|clown|1202
|player|p2|cacaculococo|elesa|1173
|teamsize|p1|6
|teamsize|p2|6
|gen|9
|tier|[Gen 9] OU
|rated|
|rule|HP Percentage Mod: HP is shown in percentages
|rule|Endless Battle Clause: Forcing endless battles is banned
|rule|Species Clause: Limit one of each Pokémon
|rule|OHKO Clause: OHKO moves are banned
|rule|Evasion Items Clause: Evasion items are banned
|rule|Evasion Moves Clause: Evasion moves are banned
|rule|Sleep Moves Clause: Sleep-inducing moves are banned
|clearpoke
|poke|p1|Gliscor, F|
|poke|p1|Iron Moth|
|poke|p1|Samurott-Hisui, F|
|poke|p1|Iron Valiant|
|poke|p1|Garganacl, M|
|poke|p1|Iron Hands|
|poke|p2|Avalugg-Hisui, F|
|poke|p2|Chansey, F|
|poke|p2|Noctowl, F|
|poke|p2|Toxapex, F|
|poke|p2|Darkrai|
|poke|p2|Blaziken, M|
|teampreview
|
|t:|1743859062
|start
|switch|p1a: Samurott|Samurott-Hisui, F|100/100
|switch|p2a: bill cosby|Avalugg-Hisui, F|100/100
|turn|1
|inactive|Battle timer is ON: inactive players will automatically lose when time's up. (requested by Dica47)
|
|t:|1743859072
|-terastallize|p2a: bill cosby|Ghost
|move|p1a: Samurott|Ceaseless Edge|p2a: bill cosby
|-supereffective|p2a: bill cosby
|-damage|p2a: bill cosby|67/100
|-sidestart|p2: cacaculococo|Spikes
|move|p2a: bill cosby|Body Press|p1a: Samurott
|-supereffective|p1a: Samurott
|-damage|p1a: Samurott|3/100
|
|upkeep
|turn|2
|
|t:|1743859083
|move|p1a: Samurott|Knock Off|p2a: bill cosby
|-supereffective|p2a: bill cosby
|-crit|p2a: bill cosby
|-damage|p2a: bill cosby|14/100
|-enditem|p2a: bill cosby|Heavy-Duty Boots|[from] move: Knock Off|[of] p1a: Samurott
|move|p2a: bill cosby|Recover|p2a: bill cosby
|-heal|p2a: bill cosby|64/100
|
|upkeep
|turn|3
|
|t:|1743859092
|move|p1a: Samurott|Ceaseless Edge|p2a: bill cosby
|-supereffective|p2a: bill cosby
|-damage|p2a: bill cosby|28/100
|-sidestart|p2: cacaculococo|Spikes
|move|p2a: bill cosby|Recover|p2a: bill cosby
|-heal|p2a: bill cosby|78/100
|
|upkeep
|turn|4
|
|t:|1743859102
|move|p1a: Samurott|Ceaseless Edge|p2a: bill cosby
|-supereffective|p2a: bill cosby
|-damage|p2a: bill cosby|39/100
|-sidestart|p2: cacaculococo|Spikes
|move|p2a: bill cosby|Iron Defense|p2a: bill cosby
|-boost|p2a: bill cosby|def|2
|
|upkeep
|turn|5
|
|t:|1743859110
|switch|p1a: Garganacl|Garganacl, M|100/100
|move|p2a: bill cosby|Recover|p2a: bill cosby
|-heal|p2a: bill cosby|89/100
|
|upkeep
|turn|6
|
|t:|1743859117
|move|p1a: Garganacl|Salt Cure|p2a: bill cosby
|-damage|p2a: bill cosby|86/100
|-start|p2a: bill cosby|Salt Cure
|move|p2a: bill cosby|Body Press|p1a: Garganacl
|-supereffective|p1a: Garganacl
|-damage|p1a: Garganacl|2/100
|
|-heal|p1a: Garganacl|9/100|[from] item: Leftovers
|-damage|p2a: bill cosby|73/100|[from] Salt Cure
|upkeep
|turn|7
|c|☆cacaculococo|don't underestimate the lugg
|inactive|Dica47 has 120 seconds left.
|
|t:|1743859152
|switch|p1a: Gliscor|Gliscor, F|100/100
|move|p2a: bill cosby|Body Press|p1a: Gliscor
|-resisted|p1a: Gliscor
|-damage|p1a: Gliscor|67/100
|
|-damage|p2a: bill cosby|61/100|[from] Salt Cure
|-status|p1a: Gliscor|tox|[from] item: Toxic Orb
|upkeep
|turn|8
|inactive|Dica47 has 120 seconds left.
|
|t:|1743859163
|move|p1a: Gliscor|Swords Dance|p1a: Gliscor
|-boost|p1a: Gliscor|atk|2
|move|p2a: bill cosby|Rapid Spin|p1a: Gliscor
|-damage|p1a: Gliscor|57/100 tox
|-boost|p2a: bill cosby|spe|1
|-sideend|p2: cacaculococo|Spikes|[from] move: Rapid Spin|[of] p2a: bill cosby
|
|-heal|p1a: Gliscor|69/100 tox|[from] ability: Poison Heal
|-damage|p2a: bill cosby|48/100|[from] Salt Cure
|upkeep
|turn|9
|
|t:|1743859173
|move|p1a: Gliscor|Swords Dance|p1a: Gliscor
|-boost|p1a: Gliscor|atk|2
|move|p2a: bill cosby|Recover|p2a: bill cosby
|-heal|p2a: bill cosby|98/100
|
|-heal|p1a: Gliscor|82/100 tox|[from] ability: Poison Heal
|-damage|p2a: bill cosby|86/100|[from] Salt Cure
|upkeep
|turn|10
|
|t:|1743859180
|move|p1a: Gliscor|Earthquake|p2a: bill cosby
|-damage|p2a: bill cosby|67/100
|move|p2a: bill cosby|Iron Defense|p2a: bill cosby
|-boost|p2a: bill cosby|def|2
|
|-heal|p1a: Gliscor|94/100 tox|[from] ability: Poison Heal
|-damage|p2a: bill cosby|54/100|[from] Salt Cure
|upkeep
|turn|11
|
|t:|1743859192
|move|p1a: Gliscor|Swords Dance|p1a: Gliscor
|-boost|p1a: Gliscor|atk|2
|move|p2a: bill cosby|Body Press|p1a: Gliscor
|-resisted|p1a: Gliscor
|-damage|p1a: Gliscor|50/100 tox
|
|-heal|p1a: Gliscor|62/100 tox|[from] ability: Poison Heal
|-damage|p2a: bill cosby|42/100|[from] Salt Cure
|upkeep
|turn|12
|
|t:|1743859201
|move|p1a: Gliscor|Earthquake|p2a: bill cosby
|-damage|p2a: bill cosby|26/100
|move|p2a: bill cosby|Recover|p2a: bill cosby
|-heal|p2a: bill cosby|76/100
|
|-heal|p1a: Gliscor|75/100 tox|[from] ability: Poison Heal
|-damage|p2a: bill cosby|63/100|[from] Salt Cure
|upkeep
|turn|13
|
|t:|1743859213
|move|p1a: Gliscor|Facade|p2a: bill cosby
|-immune|p2a: bill cosby
|move|p2a: bill cosby|Iron Defense|p2a: bill cosby
|-boost|p2a: bill cosby|def|2
|
|-heal|p1a: Gliscor|87/100 tox|[from] ability: Poison Heal
|-damage|p2a: bill cosby|51/100|[from] Salt Cure
|upkeep
|turn|14
|
|t:|1743859221
|move|p1a: Gliscor|Swords Dance|p1a: Gliscor
|-boost|p1a: Gliscor|atk|0
|move|p2a: bill cosby|Body Press|p1a: Gliscor
|-resisted|p1a: Gliscor
|-damage|p1a: Gliscor|23/100 tox
|
|-heal|p1a: Gliscor|36/100 tox|[from] ability: Poison Heal
|-damage|p2a: bill cosby|38/100|[from] Salt Cure
|upkeep
|turn|15
|
|t:|1743859230
|move|p1a: Gliscor|Protect|p1a: Gliscor
|-singleturn|p1a: Gliscor|Protect
|move|p2a: bill cosby|Body Press|p1a: Gliscor
|-activate|p1a: Gliscor|move: Protect
|
|-heal|p1a: Gliscor|48/100 tox|[from] ability: Poison Heal
|-damage|p2a: bill cosby|26/100|[from] Salt Cure
|upkeep
|turn|16
|
|t:|1743859238
|move|p1a: Gliscor|Earthquake|p2a: bill cosby
|-damage|p2a: bill cosby|11/100
|move|p2a: bill cosby|Body Press|p1a: Gliscor
|-resisted|p1a: Gliscor
|-damage|p1a: Gliscor|0 fnt
|faint|p1a: Gliscor
|
|-damage|p2a: bill cosby|0 fnt|[from] Salt Cure
|faint|p2a: bill cosby
|upkeep
|
|t:|1743859257
|switch|p1a: Samurott|Samurott-Hisui, F|3/100
|switch|p2a: muhammad|Blaziken, M|100/100
|-item|p2a: muhammad|Air Balloon
|turn|17
|
|t:|1743859265
|move|p2a: muhammad|Protect|p2a: muhammad
|-singleturn|p2a: muhammad|Protect
|move|p1a: Samurott|Razor Shell|p2a: muhammad
|-activate|p2a: muhammad|move: Protect
|
|-ability|p2a: muhammad|Speed Boost|boost
|-boost|p2a: muhammad|spe|1
|upkeep
|turn|18
|
|t:|1743859278
|move|p1a: Samurott|Aqua Jet|p2a: muhammad
|-supereffective|p2a: muhammad
|-damage|p2a: muhammad|45/100
|-enditem|p2a: muhammad|Air Balloon
|move|p2a: muhammad|Flare Blitz|p1a: Samurott
|-resisted|p1a: Samurott
|-damage|p1a: Samurott|0 fnt
|faint|p1a: Samurott
|-damage|p2a: muhammad|44/100|[from] Recoil
|
|-ability|p2a: muhammad|Speed Boost|boost
|-boost|p2a: muhammad|spe|1
|upkeep
|
|t:|1743859292
|switch|p1a: Iron Moth|Iron Moth|100/100
|-enditem|p1a: Iron Moth|Booster Energy
|-activate|p1a: Iron Moth|ability: Quark Drive|[fromitem]
|-start|p1a: Iron Moth|quarkdrivespe
|turn|19
|
|t:|1743859300
|switch|p2a: harvey weintein|Chansey, F|100/100
|move|p1a: Iron Moth|Dazzling Gleam|p2a: harvey weintein
|-damage|p2a: harvey weintein|94/100
|
|upkeep
|turn|20
|
|t:|1743859307
|-end|p1a: Iron Moth|Quark Drive|[silent]
|switch|p1a: Garganacl|Garganacl, M|9/100
|move|p2a: harvey weintein|Seismic Toss|p1a: Garganacl
|-damage|p1a: Garganacl|0 fnt
|faint|p1a: Garganacl
|
|upkeep
|
|t:|1743859313
|switch|p1a: Iron Hands|Iron Hands|100/100
|-enditem|p1a: Iron Hands|Booster Energy
|-activate|p1a: Iron Hands|ability: Quark Drive|[fromitem]
|-start|p1a: Iron Hands|quarkdriveatk
|turn|21
|
|t:|1743859320
|switch|p2a: muhammad|Blaziken, M|44/100
|move|p1a: Iron Hands|Swords Dance|p1a: Iron Hands
|-boost|p1a: Iron Hands|atk|2
|
|upkeep
|turn|22
|
|t:|1743859332
|move|p2a: muhammad|Close Combat|p1a: Iron Hands
|-damage|p1a: Iron Hands|58/100
|-unboost|p2a: muhammad|def|1
|-unboost|p2a: muhammad|spd|1
|move|p1a: Iron Hands|Swords Dance|p1a: Iron Hands
|-boost|p1a: Iron Hands|atk|2
|
|-ability|p2a: muhammad|Speed Boost|boost
|-boost|p2a: muhammad|spe|1
|upkeep
|turn|23
|
|t:|1743859346
|move|p2a: muhammad|Flare Blitz|p1a: Iron Hands
|-damage|p1a: Iron Hands|15/100
|-damage|p2a: muhammad|23/100|[from] Recoil
|move|p1a: Iron Hands|Drain Punch|p2a: muhammad
|-damage|p2a: muhammad|0 fnt
|-heal|p1a: Iron Hands|23/100|[from] drain|[of] p2a: muhammad
|faint|p2a: muhammad
|
|upkeep
|
|t:|1743859357
|switch|p2a: p diddy|Darkrai|100/100
|turn|24
|
|t:|1743859360
|move|p2a: p diddy|Psyshock|p1a: Iron Hands
|-supereffective|p1a: Iron Hands
|-damage|p1a: Iron Hands|0 fnt
|faint|p1a: Iron Hands
|-end|p1a: Iron Hands|Quark Drive|[silent]
|
|upkeep
|
|t:|1743859365
|switch|p1a: Iron Moth|Iron Moth|100/100
|turn|25
|
|t:|1743859372
|switch|p2a: harvey weintein|Chansey, F|94/100
|move|p1a: Iron Moth|Substitute|p1a: Iron Moth
|-start|p1a: Iron Moth|Substitute
|-damage|p1a: Iron Moth|76/100
|
|upkeep
|turn|26
|
|t:|1743859381
|move|p1a: Iron Moth|Fiery Dance|p2a: harvey weintein
|-damage|p2a: harvey weintein|83/100
|-boost|p1a: Iron Moth|spa|1
|move|p2a: harvey weintein|Seismic Toss|p1a: Iron Moth
|-end|p1a: Iron Moth|Substitute
|
|upkeep
|turn|27
|
|t:|1743859388
|move|p1a: Iron Moth|Sludge Wave|p2a: harvey weintein
|-damage|p2a: harvey weintein|65/100
|move|p2a: harvey weintein|Seismic Toss|p1a: Iron Moth
|-damage|p1a: Iron Moth|42/100
|
|upkeep
|turn|28
|
|t:|1743859394
|move|p1a: Iron Moth|Sludge Wave|p2a: harvey weintein
|-damage|p2a: harvey weintein|46/100
|move|p2a: harvey weintein|Seismic Toss|p1a: Iron Moth
|-damage|p1a: Iron Moth|9/100
|
|upkeep
|turn|29
|
|t:|1743859400
|move|p1a: Iron Moth|Sludge Wave|p2a: harvey weintein
|-damage|p2a: harvey weintein|27/100
|move|p2a: harvey weintein|Soft-Boiled|p2a: harvey weintein
|-heal|p2a: harvey weintein|77/100
|
|upkeep
|turn|30
|
|t:|1743859406
|move|p1a: Iron Moth|Sludge Wave|p2a: harvey weintein
|-damage|p2a: harvey weintein|59/100
|move|p2a: harvey weintein|Seismic Toss|p1a: Iron Moth
|-damage|p1a: Iron Moth|0 fnt
|faint|p1a: Iron Moth
|-end|p1a: Iron Moth|Quark Drive|[silent]
|
|upkeep
|
|t:|1743859412
|switch|p1a: Iron Valiant|Iron Valiant|100/100
|-enditem|p1a: Iron Valiant|Booster Energy
|-activate|p1a: Iron Valiant|ability: Quark Drive|[fromitem]
|-start|p1a: Iron Valiant|quarkdrivespe
|turn|31
|
|t:|1743859428
|-terastallize|p1a: Iron Valiant|Steel
|move|p1a: Iron Valiant|Knock Off|p2a: harvey weintein
|-damage|p2a: harvey weintein|4/100
|-enditem|p2a: harvey weintein|Eviolite|[from] move: Knock Off|[of] p1a: Iron Valiant
|move|p2a: harvey weintein|Thunder Wave|p1a: Iron Valiant
|-status|p1a: Iron Valiant|par
|
|upkeep
|turn|32
|
|t:|1743859436
|move|p1a: Iron Valiant|Moonblast|p2a: harvey weintein
|-damage|p2a: harvey weintein|0 fnt
|faint|p2a: harvey weintein
|
|upkeep
|
|t:|1743859447
|switch|p2a: effrey Jepstein|Noctowl, F, shiny|100/100
|turn|33
|
|t:|1743859457
|move|p1a: Iron Valiant|Moonblast|p2a: effrey Jepstein
|-damage|p2a: effrey Jepstein|58/100
|move|p2a: effrey Jepstein|Hurricane|p1a: Iron Valiant
|-resisted|p1a: Iron Valiant
|-damage|p1a: Iron Valiant|0 fnt
|faint|p1a: Iron Valiant
|-end|p1a: Iron Valiant|Quark Drive|[silent]
|
|win|cacaculococo
|raw|Dica47's rating: 1202 &rarr; <strong>1175</strong><br />(-27 for losing)
|raw|cacaculococo's rating: 1173 &rarr; <strong>1200</strong><br />(+27 for winning)
|c|☆cacaculococo|gg
|l|☆cacaculococo
|player|p2|
|l|☆Dica47
|player|p1|
