|j|☆DBest04
|j|☆lynx1240
|t:|1743866964
|gametype|singles
|player|p1|DBest04|170|1602
|player|p2|lynx1240|102|1694
|teamsize|p1|6
|teamsize|p2|6
|gen|9
|tier|[Gen 9] OU
|rated|
|rule|HP Percentage Mod: HP is shown in percentages
|rule|Endless Battle Clause: Forcing endless battles is banned
|rule|Species Clause: Limit one of each Pokémon
|rule|OHKO Clause: OHKO moves are banned
|rule|Evasion Items Clause: Evasion items are banned
|rule|Evasion Moves Clause: Evasion moves are banned
|rule|Sleep Moves Clause: Sleep-inducing moves are banned
|clearpoke
|poke|p1|Cinderace, M|
|poke|p1|Kingambit, M|
|poke|p1|Ribombee, F|
|poke|p1|Gholdengo|
|poke|p1|Empoleon, M|
|poke|p1|Serperior, F|
|poke|p2|Dondozo, F|
|poke|p2|Dragapult, F|
|poke|p2|Gholdengo|
|poke|p2|Primarina, F|
|poke|p2|Great Tusk|
|poke|p2|Iron Moth|
|teampreview
|inactive|Battle timer is ON: inactive players will automatically lose when time's up. (requested by DBest04)
|
|t:|1743866977
|start
|switch|p1a: Bumblebee|Ribombee, F, shiny|100/100
|switch|p2a: Dragapult|Dragapult, F, shiny|100/100
|turn|1
|
|t:|1743866980
|move|p2a: Dragapult|U-turn|p1a: Bumblebee
|-resisted|p1a: Bumblebee
|-damage|p1a: Bumblebee|71/100
|
|t:|1743866982
|switch|p2a: Gholdengo|Gholdengo|100/100|[from] U-turn
|move|p1a: Bumblebee|Moonblast|p2a: Gholdengo
|-resisted|p2a: Gholdengo
|-damage|p2a: Gholdengo|85/100
|-unboost|p2a: Gholdengo|spa|1
|
|upkeep
|turn|2
|
|t:|1743866987
|switch|p1a: Ace|Cinderace, M|100/100
|move|p2a: Gholdengo|Make It Rain|p1a: Ace
|-resisted|p1a: Ace
|-damage|p1a: Ace|52/100
|-unboost|p2a: Gholdengo|spa|1
|
|upkeep
|turn|3
|
|t:|1743866991
|switch|p2a: Dondozo|Dondozo, F|100/100
|move|p1a: Ace|U-turn|p2a: Dondozo
|-damage|p2a: Dondozo|92/100
|-damage|p1a: Ace|35/100|[from] item: Rocky Helmet|[of] p2a: Dondozo
|
|t:|1743866994
|switch|p1a: Bumblebee|Ribombee, F, shiny|71/100|[from] U-turn
|
|upkeep
|turn|4
|
|t:|1743866998
|switch|p2a: Gholdengo|Gholdengo|85/100
|move|p1a: Bumblebee|Sticky Web|p2a: Gholdengo
|-sidestart|p2: lynx1240|move: Sticky Web
|
|upkeep
|turn|5
|
|t:|1743867004
|switch|p1a: A Man's World|Kingambit, M, shiny|100/100
|move|p2a: Gholdengo|Shadow Ball|p1a: A Man's World
|-resisted|p1a: A Man's World
|-damage|p1a: A Man's World|79/100
|
|upkeep
|turn|6
|
|t:|1743867009
|switch|p2a: Dondozo|Dondozo, F|92/100
|-activate|p2a: Dondozo|move: Sticky Web
|-unboost|p2a: Dondozo|spe|1
|move|p1a: A Man's World|Iron Head|p2a: Dondozo
|-resisted|p2a: Dondozo
|-damage|p2a: Dondozo|81/100
|-damage|p1a: A Man's World|62/100|[from] item: Rocky Helmet|[of] p2a: Dondozo
|
|upkeep
|turn|7
|
|t:|1743867013
|switch|p1a: Leviathan|Serperior, F, shiny|100/100
|move|p2a: Dondozo|Waterfall|p1a: Leviathan
|-resisted|p1a: Leviathan
|-damage|p1a: Leviathan|85/100
|
|upkeep
|turn|8
|
|t:|1743867018
|switch|p2a: Dragapult|Dragapult, F, shiny|100/100
|-activate|p2a: Dragapult|move: Sticky Web
|-fail|p2a: Dragapult|unboost|[from] ability: Clear Body|[of] p2a: Dragapult
|move|p1a: Leviathan|Glare|p2a: Dragapult
|-status|p2a: Dragapult|par
|
|upkeep
|turn|9
|
|t:|1743867034
|switch|p1a: Bumblebee|Ribombee, F, shiny|71/100
|move|p2a: Dragapult|U-turn|p1a: Bumblebee
|-resisted|p1a: Bumblebee
|-damage|p1a: Bumblebee|42/100
|
|t:|1743867038
|switch|p2a: Gholdengo|Gholdengo|85/100|[from] U-turn
|-activate|p2a: Gholdengo|move: Sticky Web
|-unboost|p2a: Gholdengo|spe|1
|
|upkeep
|turn|10
|
|t:|1743867047
|move|p1a: Bumblebee|U-turn|p2a: Gholdengo
|-resisted|p2a: Gholdengo
|-damage|p2a: Gholdengo|81/100
|
|t:|1743867049
|switch|p1a: Kingpen|Empoleon, M, shiny|100/100|[from] U-turn
|move|p2a: Gholdengo|Shadow Ball|p1a: Kingpen
|-damage|p1a: Kingpen|62/100
|
|upkeep
|turn|11
|
|t:|1743867056
|move|p1a: Kingpen|Surf|p2a: Gholdengo
|-damage|p2a: Gholdengo|38/100
|move|p2a: Gholdengo|Shadow Ball|p1a: Kingpen
|-damage|p1a: Kingpen|21/100
|
|upkeep
|turn|12
|
|t:|1743867062
|switch|p2a: Primarina|Primarina, F|100/100
|-activate|p2a: Primarina|move: Sticky Web
|-unboost|p2a: Primarina|spe|1
|move|p1a: Kingpen|Surf|p2a: Primarina
|-resisted|p2a: Primarina
|-damage|p2a: Primarina|88/100
|
|upkeep
|turn|13
|
|t:|1743867066
|switch|p1a: Leviathan|Serperior, F, shiny|85/100
|move|p2a: Primarina|Moonblast|p1a: Leviathan
|-damage|p1a: Leviathan|21/100
|-boost|p1a: Leviathan|spa|1
|
|upkeep
|turn|14
|
|t:|1743867070
|switch|p2a: Iron Moth|Iron Moth|100/100
|move|p1a: Leviathan|Leaf Storm|p2a: Iron Moth
|-resisted|p2a: Iron Moth
|-damage|p2a: Iron Moth|82/100
|-boost|p1a: Leviathan|spa|2
|
|upkeep
|turn|15
|
|t:|1743867082
|-end|p2a: Iron Moth|Quark Drive|[silent]
|switch|p2a: Gholdengo|Gholdengo|38/100
|-activate|p2a: Gholdengo|move: Sticky Web
|-unboost|p2a: Gholdengo|spe|1
|-terastallize|p1a: Leviathan|Ground
|move|p1a: Leviathan|Tera Blast|p2a: Gholdengo|[anim] Tera Blast Ground
|-supereffective|p2a: Gholdengo
|-damage|p2a: Gholdengo|0 fnt
|faint|p2a: Gholdengo
|
|upkeep
|
|t:|1743867092
|switch|p2a: Dondozo|Dondozo, F|81/100
|-activate|p2a: Dondozo|move: Sticky Web
|-unboost|p2a: Dondozo|spe|1
|turn|16
|
|t:|1743867098
|-terastallize|p2a: Dondozo|Fighting
|move|p1a: Leviathan|Tera Blast|p2a: Dondozo|[anim] Tera Blast Ground
|-damage|p2a: Dondozo|52/100
|move|p2a: Dondozo|Waterfall|p1a: Leviathan
|-supereffective|p1a: Leviathan
|-damage|p1a: Leviathan|0 fnt
|faint|p1a: Leviathan
|
|upkeep
|
|t:|1743867111
|switch|p1a: Ace|Cinderace, M|35/100
|turn|17
|
|t:|1743867116
|move|p1a: Ace|Court Change|p1a: Ace
|-swapsideconditions
|-activate|p1a: Ace|move: Court Change
|move|p2a: Dondozo|Rest|p2a: Dondozo
|-status|p2a: Dondozo|slp|[from] move: Rest
|-heal|p2a: Dondozo|100/100 slp|[silent]
|
|upkeep
|turn|18
|
|t:|1743867134
|switch|p1a: Bumblebee|Ribombee, F, shiny|42/100
|-activate|p1a: Bumblebee|move: Sticky Web
|-unboost|p1a: Bumblebee|spe|1
|cant|p2a: Dondozo|slp
|move|p2a: Dondozo|Sleep Talk|p2a: Dondozo
|move|p2a: Dondozo|Body Press|p1a: Bumblebee|[from] move: Sleep Talk
|-resisted|p1a: Bumblebee
|-damage|p1a: Bumblebee|25/100
|
|upkeep
|turn|19
|
|t:|1743867140
|switch|p2a: Dragapult|Dragapult, F, shiny|100/100 par
|move|p1a: Bumblebee|U-turn|p2a: Dragapult
|-resisted|p2a: Dragapult
|-damage|p2a: Dragapult|92/100 par
|
|t:|1743867143
|switch|p1a: A Man's World|Kingambit, M, shiny|62/100|[from] U-turn
|-activate|p1a: A Man's World|move: Sticky Web
|-unboost|p1a: A Man's World|spe|1
|-ability|p1a: A Man's World|Defiant|boost
|-boost|p1a: A Man's World|atk|2
|
|upkeep
|turn|20
|
|t:|1743867147
|move|p2a: Dragapult|U-turn|p1a: A Man's World
|-damage|p1a: A Man's World|33/100
|
|t:|1743867149
|switch|p2a: Dondozo|Dondozo, F, tera:Fighting|100/100 slp|[from] U-turn
|move|p1a: A Man's World|Kowtow Cleave|p2a: Dondozo
|-resisted|p2a: Dondozo
|-damage|p2a: Dondozo|89/100 slp
|-damage|p1a: A Man's World|17/100|[from] item: Rocky Helmet|[of] p2a: Dondozo
|
|upkeep
|turn|21
|
|t:|1743867157
|switch|p1a: Bumblebee|Ribombee, F, shiny|25/100
|-activate|p1a: Bumblebee|move: Sticky Web
|-unboost|p1a: Bumblebee|spe|1
|cant|p2a: Dondozo|slp
|move|p2a: Dondozo|Sleep Talk|p2a: Dondozo
|move|p2a: Dondozo|Body Press|p1a: Bumblebee|[from] move: Sleep Talk
|-resisted|p1a: Bumblebee
|-damage|p1a: Bumblebee|7/100
|
|upkeep
|turn|22
|
|t:|1743867172
|switch|p2a: Dragapult|Dragapult, F, shiny|92/100 par
|move|p1a: Bumblebee|Moonblast|p2a: Dragapult
|-supereffective|p2a: Dragapult
|-damage|p2a: Dragapult|12/100 par
|
|upkeep
|turn|23
|
|t:|1743867177
|move|p2a: Dragapult|Sucker Punch|p1a: Bumblebee
|-resisted|p1a: Bumblebee
|-damage|p1a: Bumblebee|0 fnt
|faint|p1a: Bumblebee
|
|upkeep
|
|t:|1743867193
|switch|p1a: A Man's World|Kingambit, M, shiny|17/100
|-activate|p1a: A Man's World|move: Sticky Web
|-unboost|p1a: A Man's World|spe|1
|-ability|p1a: A Man's World|Defiant|boost
|-boost|p1a: A Man's World|atk|2
|turn|24
|
|t:|1743867196
|move|p2a: Dragapult|Sucker Punch|p1a: A Man's World
|-resisted|p1a: A Man's World
|-damage|p1a: A Man's World|2/100
|move|p1a: A Man's World|Iron Head|p2a: Dragapult
|-damage|p2a: Dragapult|0 fnt
|faint|p2a: Dragapult
|
|upkeep
|
|t:|1743867199
|switch|p2a: Great Tusk|Great Tusk|100/100
|turn|25
|
|t:|1743867201
|move|p2a: Great Tusk|Rapid Spin|p1a: A Man's World
|-resisted|p1a: A Man's World
|-damage|p1a: A Man's World|0 fnt
|-boost|p2a: Great Tusk|spe|1
|faint|p1a: A Man's World
|
|upkeep
|
|t:|1743867205
|switch|p1a: Lemillion|Gholdengo|100/100
|-item|p1a: Lemillion|Air Balloon
|turn|26
|
|t:|1743867234
|move|p2a: Great Tusk|Ice Spinner|p1a: Lemillion
|-resisted|p1a: Lemillion
|-damage|p1a: Lemillion|88/100
|-enditem|p1a: Lemillion|Air Balloon
|move|p1a: Lemillion|Shadow Ball|p2a: Great Tusk
|-damage|p2a: Great Tusk|32/100
|
|-heal|p2a: Great Tusk|38/100|[from] item: Leftovers
|upkeep
|turn|27
|
|t:|1743867239
|move|p2a: Great Tusk|Earthquake|p1a: Lemillion
|-supereffective|p1a: Lemillion
|-damage|p1a: Lemillion|0 fnt
|faint|p1a: Lemillion
|
|-heal|p2a: Great Tusk|44/100|[from] item: Leftovers
|upkeep
|
|t:|1743867243
|switch|p1a: Kingpen|Empoleon, M, shiny|21/100
|-activate|p1a: Kingpen|move: Sticky Web
|-unboost|p1a: Kingpen|spe|1
|-ability|p1a: Kingpen|Competitive|boost
|-boost|p1a: Kingpen|spa|2
|turn|28
|
|t:|1743867246
|move|p1a: Kingpen|Vacuum Wave|p2a: Great Tusk
|-damage|p2a: Great Tusk|4/100
|move|p2a: Great Tusk|Earthquake|p1a: Kingpen
|-supereffective|p1a: Kingpen
|-damage|p1a: Kingpen|0 fnt
|faint|p1a: Kingpen
|
|-heal|p2a: Great Tusk|10/100|[from] item: Leftovers
|upkeep
|
|t:|1743867248
|switch|p1a: Ace|Cinderace, M|35/100
|turn|29
|
|t:|1743867252
|move|p2a: Great Tusk|Earthquake|p1a: Ace
|-supereffective|p1a: Ace
|-damage|p1a: Ace|0 fnt
|faint|p1a: Ace
|
|win|lynx1240
|raw|DBest04's rating: 1602 &rarr; <strong>1587</strong><br />(-15 for losing)
|raw|lynx1240's rating: 1694 &rarr; <strong>1709</strong><br />(+15 for winning)
|l|☆DBest04
|player|p1|
|l|☆lynx1240
|player|p2|
