|badge|p2|bronze|gen9ou|100-5
|uhtml|medal-msg|<div class="broadcast-blue">Curious what those medals under the avatar are? PS now has Ladder Seasons! For more information, check out the <a href="https://www.smogon.com/forums/threads/3740067/">thread on Smogon.</a></div>
|j|☆Rabzzz
|j|☆2(H2O)
|t:|1743833843
|gametype|singles
|player|p1|Rabzzz|102|1787
|player|p2|2(H2O)|chase|1816
|teamsize|p1|6
|teamsize|p2|6
|gen|9
|tier|[Gen 9] OU
|rated|
|rule|HP Percentage Mod: HP is shown in percentages
|rule|Endless Battle Clause: Forcing endless battles is banned
|rule|Species Clause: Limit one of each Pokémon
|rule|OHKO Clause: OHKO moves are banned
|rule|Evasion Items Clause: Evasion items are banned
|rule|Evasion Moves Clause: Evasion moves are banned
|rule|Sleep Moves Clause: Sleep-inducing moves are banned
|clearpoke
|poke|p1|Tinkaton, F|
|poke|p1|Moltres|
|poke|p1|Ting-Lu|
|poke|p1|Gholdengo|
|poke|p1|Weavile, M|
|poke|p1|Raging Bolt|
|poke|p2|Raging Bolt|
|poke|p2|Slowking-Galar, M|
|poke|p2|Landorus-Therian, M|
|poke|p2|Kingambit, M|
|poke|p2|Meowscarada, M|
|poke|p2|Kyurem|
|teampreview
|c|☆2(H2O)|hf big bro
|inactive|Battle timer is ON: inactive players will automatically lose when time's up. (requested by 2(H2O))
|c|☆Rabzzz|u2
|
|t:|1743833889
|start
|switch|p1a: Tinkaton|Tinkaton, F|100/100
|switch|p2a: Meowscarada|Meowscarada, M|100/100
|-item|p1a: Tinkaton|Air Balloon
|turn|1
|
|t:|1743833895
|move|p2a: Meowscarada|U-turn|p1a: Tinkaton
|-start|p2a: Meowscarada|typechange|Bug|[from] ability: Protean
|-resisted|p1a: Tinkaton
|-damage|p1a: Tinkaton|91/100
|-enditem|p1a: Tinkaton|Air Balloon
|-enditem|p2a: Meowscarada|Choice Scarf|[silent]|[from] ability: Pickpocket|[of] p2a: Meowscarada
|-item|p1a: Tinkaton|Choice Scarf|[from] ability: Pickpocket|[of] p2a: Meowscarada
|
|t:|1743833898
|switch|p2a: Landorus|Landorus-Therian, M|100/100|[from] U-turn
|-ability|p2a: Landorus|Intimidate|boost
|-unboost|p1a: Tinkaton|atk|1
|move|p1a: Tinkaton|Stealth Rock|p2a: Landorus
|-sidestart|p2: 2(H2O)|move: Stealth Rock
|
|upkeep
|turn|2
|
|t:|1743833913
|switch|p1a: Ting-Lu|Ting-Lu|100/100
|-ability|p1a: Ting-Lu|Vessel of Ruin
|move|p2a: Landorus|Stealth Rock|p1a: Ting-Lu
|-sidestart|p1: Rabzzz|move: Stealth Rock
|
|upkeep
|turn|3
|
|t:|1743833917
|move|p2a: Landorus|Taunt|p1a: Ting-Lu
|-start|p1a: Ting-Lu|move: Taunt
|cant|p1a: Ting-Lu|move: Taunt|Spikes
|
|upkeep
|turn|4
|
|t:|1743833921
|move|p2a: Landorus|Earth Power|p1a: Ting-Lu
|-damage|p1a: Ting-Lu|87/100
|move|p1a: Ting-Lu|Ruination|p2a: Landorus
|-damage|p2a: Landorus|50/100
|
|-heal|p1a: Ting-Lu|93/100|[from] item: Leftovers
|upkeep
|turn|5
|
|t:|1743833927
|move|p2a: Landorus|U-turn|p1a: Ting-Lu
|-supereffective|p1a: Ting-Lu
|-damage|p1a: Ting-Lu|72/100
|
|t:|1743833930
|switch|p2a: Meowscarada|Meowscarada, M|100/100|[from] U-turn
|-damage|p2a: Meowscarada|88/100|[from] Stealth Rock
|move|p1a: Ting-Lu|Ruination|p2a: Meowscarada
|-damage|p2a: Meowscarada|45/100
|
|-heal|p1a: Ting-Lu|78/100|[from] item: Leftovers
|-end|p1a: Ting-Lu|move: Taunt
|upkeep
|turn|6
|
|t:|1743833938
|switch|p1a: Tinkaton|Tinkaton, F|91/100
|-damage|p1a: Tinkaton|85/100|[from] Stealth Rock
|move|p2a: Meowscarada|Knock Off|p1a: Tinkaton
|-start|p2a: Meowscarada|typechange|Dark|[from] ability: Protean
|-resisted|p1a: Tinkaton
|-damage|p1a: Tinkaton|58/100
|-enditem|p1a: Tinkaton|Choice Scarf|[from] move: Knock Off|[of] p2a: Meowscarada
|
|upkeep
|turn|7
|
|t:|1743833958
|switch|p2a: Landorus|Landorus-Therian, M|50/100
|-damage|p2a: Landorus|38/100|[from] Stealth Rock
|-ability|p2a: Landorus|Intimidate|boost
|-unboost|p1a: Tinkaton|atk|1
|move|p1a: Tinkaton|Knock Off|p2a: Landorus
|-damage|p2a: Landorus|27/100
|-damage|p1a: Tinkaton|41/100|[from] item: Rocky Helmet|[of] p2a: Landorus
|-enditem|p2a: Landorus|Rocky Helmet|[from] move: Knock Off|[of] p1a: Tinkaton
|
|upkeep
|turn|8
|
|t:|1743833967
|move|p1a: Tinkaton|Gigaton Hammer|p2a: Landorus
|-damage|p2a: Landorus|0 fnt
|faint|p2a: Landorus
|
|upkeep
|
|t:|1743833982
|switch|p2a: Raging Bolt|Raging Bolt|100/100
|-damage|p2a: Raging Bolt|88/100|[from] Stealth Rock
|turn|9
|
|t:|1743833987
|switch|p1a: Ting-Lu|Ting-Lu|78/100
|-damage|p1a: Ting-Lu|72/100|[from] Stealth Rock
|-ability|p1a: Ting-Lu|Vessel of Ruin
|move|p2a: Raging Bolt|Draco Meteor|p1a: Ting-Lu
|-damage|p1a: Ting-Lu|22/100
|-unboost|p2a: Raging Bolt|spa|2
|
|-heal|p1a: Ting-Lu|28/100|[from] item: Leftovers
|upkeep
|turn|10
|
|t:|1743833999
|move|p2a: Raging Bolt|Draco Meteor|p1a: Ting-Lu
|-damage|p1a: Ting-Lu|4/100
|-unboost|p2a: Raging Bolt|spa|2
|move|p1a: Ting-Lu|Earthquake|p2a: Raging Bolt
|-supereffective|p2a: Raging Bolt
|-damage|p2a: Raging Bolt|20/100
|
|-heal|p1a: Ting-Lu|10/100|[from] item: Leftovers
|upkeep
|turn|11
|
|t:|1743834016
|switch|p1a: Gholdengo|Gholdengo|100/100
|-damage|p1a: Gholdengo|94/100|[from] Stealth Rock
|move|p2a: Raging Bolt|Draco Meteor|p1a: Gholdengo
|-resisted|p1a: Gholdengo
|-damage|p1a: Gholdengo|76/100
|-unboost|p2a: Raging Bolt|spa|2
|
|-heal|p1a: Gholdengo|82/100|[from] item: Leftovers
|upkeep
|turn|12
|
|t:|1743834021
|-end|p2a: Raging Bolt|Protosynthesis|[silent]
|switch|p2a: Slowking|Slowking-Galar, M|100/100
|move|p1a: Gholdengo|Thunder Wave|p2a: Slowking
|-status|p2a: Slowking|par
|
|-heal|p1a: Gholdengo|88/100|[from] item: Leftovers
|upkeep
|turn|13
|
|t:|1743834025
|move|p1a: Gholdengo|Hex|p2a: Slowking
|-supereffective|p2a: Slowking
|-damage|p2a: Slowking|30/100 par
|-prepare|p2a: Slowking|Chilly Reception|[premajor]
|move|p2a: Slowking|Chilly Reception|p2a: Slowking
|-weather|Snowscape
|
|t:|1743834031
|switch|p2a: Meowscarada|Meowscarada, M|45/100|[from] Chilly Reception
|-damage|p2a: Meowscarada|32/100|[from] Stealth Rock
|
|-weather|Snowscape|[upkeep]
|-heal|p1a: Gholdengo|94/100|[from] item: Leftovers
|upkeep
|turn|14
|
|t:|1743834055
|switch|p1a: Ting-Lu|Ting-Lu|10/100
|-damage|p1a: Ting-Lu|4/100|[from] Stealth Rock
|-ability|p1a: Ting-Lu|Vessel of Ruin
|move|p2a: Meowscarada|Flower Trick|p1a: Ting-Lu
|-start|p2a: Meowscarada|typechange|Grass|[from] ability: Protean
|-supereffective|p1a: Ting-Lu
|-crit|p1a: Ting-Lu
|-damage|p1a: Ting-Lu|0 fnt
|faint|p1a: Ting-Lu
|
|-weather|Snowscape|[upkeep]
|upkeep
|inactive|Rabzzz has 120 seconds left.
|
|t:|1743834086
|switch|p1a: Weavile|Weavile, M|100/100
|-ability|p1a: Weavile|Pressure
|turn|15
|
|t:|1743834094
|switch|p2a: Kingambit|Kingambit, M|100/100
|-damage|p2a: Kingambit|94/100|[from] Stealth Rock
|-activate|p2a: Kingambit|ability: Supreme Overlord
|-start|p2a: Kingambit|fallen1|[silent]
|move|p1a: Weavile|Knock Off|p2a: Kingambit
|-resisted|p2a: Kingambit
|-damage|p2a: Kingambit|74/100
|-enditem|p2a: Kingambit|Black Glasses|[from] move: Knock Off|[of] p1a: Weavile
|
|-weather|Snowscape|[upkeep]
|upkeep
|turn|16
|
|t:|1743834105
|switch|p1a: Moltres|Moltres|100/100
|move|p2a: Kingambit|Iron Head|p1a: Moltres
|-resisted|p1a: Moltres
|-damage|p1a: Moltres|82/100
|
|-weather|Snowscape|[upkeep]
|upkeep
|turn|17
|inactive|Rabzzz has 120 seconds left.
|
|t:|1743834116
|-end|p2a: Kingambit|fallen1|[silent]
|switch|p2a: Slowking|Slowking-Galar, M|63/100 par
|move|p1a: Moltres|Flamethrower|p2a: Slowking
|-damage|p2a: Slowking|40/100 par
|
|-weather|none
|upkeep
|turn|18
|inactive|Rabzzz has 120 seconds left.
|
|t:|1743834123
|move|p1a: Moltres|U-turn|p2a: Slowking
|-damage|p2a: Slowking|25/100 par
|inactive|Rabzzz has 120 seconds left.
|
|t:|1743834133
|switch|p1a: Gholdengo|Gholdengo|94/100|[from] U-turn
|-damage|p1a: Gholdengo|88/100|[from] Stealth Rock
|-prepare|p2a: Slowking|Chilly Reception|[premajor]
|move|p2a: Slowking|Chilly Reception|p2a: Slowking
|-weather|Snowscape
|
|t:|1743834139
|switch|p2a: Raging Bolt|Raging Bolt|20/100|[from] Chilly Reception
|-damage|p2a: Raging Bolt|8/100|[from] Stealth Rock
|
|-weather|Snowscape|[upkeep]
|-heal|p1a: Gholdengo|94/100|[from] item: Leftovers
|upkeep
|turn|19
|
|t:|1743834148
|switch|p1a: Raging Bolt|Raging Bolt|100/100
|move|p2a: Raging Bolt|Thunderbolt|p1a: Raging Bolt
|-resisted|p1a: Raging Bolt
|-damage|p1a: Raging Bolt|82/100
|
|-weather|Snowscape|[upkeep]
|upkeep
|turn|20
|
|t:|1743834154
|move|p1a: Raging Bolt|Thunderclap|p2a: Raging Bolt
|-resisted|p2a: Raging Bolt
|-damage|p2a: Raging Bolt|0 fnt
|faint|p2a: Raging Bolt
|-end|p2a: Raging Bolt|Protosynthesis|[silent]
|
|-weather|Snowscape|[upkeep]
|upkeep
|
|t:|1743834166
|switch|p2a: Slowking|Slowking-Galar, M|59/100 par
|turn|21
|
|t:|1743834171
|move|p1a: Raging Bolt|Volt Switch|p2a: Slowking
|-damage|p2a: Slowking|34/100 par
|j| m0chaman_829
|
|t:|1743834180
|-end|p1a: Raging Bolt|Protosynthesis|[silent]
|switch|p1a: Weavile|Weavile, M|100/100|[from] Volt Switch
|-ability|p1a: Weavile|Pressure
|move|p2a: Slowking|Ice Beam|p1a: Weavile
|-resisted|p1a: Weavile
|-damage|p1a: Weavile|84/100
|
|-weather|Snowscape|[upkeep]
|upkeep
|turn|22
|
|t:|1743834191
|switch|p2a: Meowscarada|Meowscarada, M|32/100
|-damage|p2a: Meowscarada|20/100|[from] Stealth Rock
|move|p1a: Weavile|Knock Off|p2a: Meowscarada
|-resisted|p2a: Meowscarada
|-damage|p2a: Meowscarada|0 fnt
|faint|p2a: Meowscarada
|
|-weather|none
|upkeep
|
|t:|1743834193
|switch|p2a: Kingambit|Kingambit, M|74/100
|-damage|p2a: Kingambit|68/100|[from] Stealth Rock
|-activate|p2a: Kingambit|ability: Supreme Overlord
|-start|p2a: Kingambit|fallen3|[silent]
|turn|23
|
|t:|1743834196
|switch|p1a: Moltres|Moltres|82/100
|-end|p2a: Kingambit|fallen3|[silent]
|switch|p2a: Amarok|Kyurem|100/100
|-damage|p2a: Amarok|76/100|[from] Stealth Rock
|-ability|p2a: Amarok|Pressure
|
|upkeep
|turn|24
|
|t:|1743834205
|switch|p1a: Tinkaton|Tinkaton, F|41/100
|-damage|p1a: Tinkaton|35/100|[from] Stealth Rock
|move|p2a: Amarok|Dragon Dance|p2a: Amarok
|-boost|p2a: Amarok|atk|1
|-boost|p2a: Amarok|spe|1
|
|upkeep
|turn|25
|
|t:|1743834212
|move|p2a: Amarok|Icicle Spear|p1a: Tinkaton
|-resisted|p1a: Tinkaton
|-damage|p1a: Tinkaton|23/100
|-resisted|p1a: Tinkaton
|-damage|p1a: Tinkaton|11/100
|-resisted|p1a: Tinkaton
|-damage|p1a: Tinkaton|0 fnt
|faint|p1a: Tinkaton
|-hitcount|p1: Tinkaton|3
|
|upkeep
|inactive|Rabzzz has 120 seconds left.
|
|t:|1743834242
|switch|p1a: Gholdengo|Gholdengo|94/100
|-damage|p1a: Gholdengo|88/100|[from] Stealth Rock
|turn|26
|
|t:|1743834248
|-terastallize|p2a: Amarok|Ground
|-terastallize|p1a: Gholdengo|Water
|move|p2a: Amarok|Tera Blast|p1a: Gholdengo|[anim] Tera Blast Ground
|-damage|p1a: Gholdengo|42/100
|move|p1a: Gholdengo|Thunder Wave|p2a: Amarok
|-immune|p2a: Amarok
|
|-heal|p1a: Gholdengo|48/100|[from] item: Leftovers
|upkeep
|turn|27
|
|t:|1743834262
|move|p2a: Amarok|Dragon Dance|p2a: Amarok
|-boost|p2a: Amarok|atk|1
|-boost|p2a: Amarok|spe|1
|move|p1a: Gholdengo|Make It Rain|p2a: Amarok
|-damage|p2a: Amarok|23/100
|-unboost|p1a: Gholdengo|spa|1
|
|-heal|p1a: Gholdengo|54/100|[from] item: Leftovers
|upkeep
|turn|28
|
|t:|1743834276
|move|p2a: Amarok|Tera Blast|p1a: Gholdengo|[anim] Tera Blast Ground
|-damage|p1a: Gholdengo|0 fnt
|faint|p1a: Gholdengo
|
|upkeep
|
|t:|1743834278
|switch|p1a: Weavile|Weavile, M|84/100
|-ability|p1a: Weavile|Pressure
|turn|29
|
|t:|1743834281
|switch|p2a: Kingambit|Kingambit, M|68/100
|-damage|p2a: Kingambit|62/100|[from] Stealth Rock
|-activate|p2a: Kingambit|ability: Supreme Overlord
|-start|p2a: Kingambit|fallen3|[silent]
|move|p1a: Weavile|Ice Shard|p2a: Kingambit
|-resisted|p2a: Kingambit
|-damage|p2a: Kingambit|53/100
|
|upkeep
|turn|30
|
|t:|1743834285
|switch|p1a: Moltres|Moltres|82/100
|-end|p2a: Kingambit|fallen3|[silent]
|switch|p2a: Amarok|Kyurem, tera:Ground|23/100
|-damage|p2a: Amarok|17/100|[from] Stealth Rock
|-ability|p2a: Amarok|Pressure
|
|upkeep
|turn|31
|
|t:|1743834308
|move|p2a: Amarok|Scale Shot|p1a: Moltres
|-damage|p1a: Moltres|73/100
|-damage|p1a: Moltres|61/100
|-damage|p1a: Moltres|52/100
|-damage|p1a: Moltres|41/100
|-damage|p1a: Moltres|31/100
|-hitcount|p1a: Moltres|5
|-unboost|p2a: Amarok|def|1
|-boost|p2a: Amarok|spe|1
|move|p1a: Moltres|Flamethrower|p2a: Amarok
|-damage|p2a: Amarok|0 fnt
|faint|p2a: Amarok
|
|upkeep
|
|t:|1743834325
|switch|p2a: Slowking|Slowking-Galar, M|67/100 par
|turn|32
|
|t:|1743834329
|move|p1a: Moltres|U-turn|p2a: Slowking
|-damage|p2a: Slowking|53/100 par
|
|t:|1743834338
|switch|p1a: Raging Bolt|Raging Bolt|82/100|[from] U-turn
|move|p2a: Slowking|Ice Beam|p1a: Raging Bolt
|-supereffective|p1a: Raging Bolt
|-damage|p1a: Raging Bolt|41/100
|
|upkeep
|turn|33
|
|t:|1743834342
|move|p1a: Raging Bolt|Dragon Pulse|p2a: Slowking
|-damage|p2a: Slowking|24/100 par
|move|p2a: Slowking|Ice Beam|p1a: Raging Bolt
|-supereffective|p1a: Raging Bolt
|-damage|p1a: Raging Bolt|1/100
|
|upkeep
|turn|34
|
|t:|1743834361
|move|p1a: Raging Bolt|Volt Switch|p2a: Slowking
|-damage|p2a: Slowking|0 fnt
|faint|p2a: Slowking
|
|t:|1743834364
|-end|p1a: Raging Bolt|Protosynthesis|[silent]
|switch|p1a: Moltres|Moltres|31/100|[from] Volt Switch
|
|upkeep
|
|t:|1743834366
|switch|p2a: Kingambit|Kingambit, M|53/100
|-damage|p2a: Kingambit|47/100|[from] Stealth Rock
|-activate|p2a: Kingambit|ability: Supreme Overlord
|-start|p2a: Kingambit|fallen5|[silent]
|turn|35
|
|t:|1743834372
|move|p2a: Kingambit|Sucker Punch||[still]
|-fail|p2a: Kingambit
|move|p1a: Moltres|Will-O-Wisp|p2a: Kingambit
|-status|p2a: Kingambit|brn
|
|-damage|p2a: Kingambit|41/100 brn|[from] brn
|upkeep
|turn|36
|
|t:|1743834376
|move|p1a: Moltres|Roost|p1a: Moltres
|-heal|p1a: Moltres|81/100
|-singleturn|p1a: Moltres|move: Roost
|move|p2a: Kingambit|Swords Dance|p2a: Kingambit
|-boost|p2a: Kingambit|atk|2
|
|-damage|p2a: Kingambit|35/100 brn|[from] brn
|upkeep
|turn|37
|c|☆2(H2O)|gg
|c|☆2(H2O)|wp
|
|t:|1743834382
|move|p2a: Kingambit|Sucker Punch|p1a: Moltres
|-damage|p1a: Moltres|37/100
|move|p1a: Moltres|Flamethrower|p2a: Kingambit
|-supereffective|p2a: Kingambit
|-damage|p2a: Kingambit|0 fnt
|faint|p2a: Kingambit
|-end|p2a: Kingambit|fallen5|[silent]
|
|win|Rabzzz
|raw|Rabzzz's rating: 1787 &rarr; <strong>1809</strong><br />(+22 for winning)
|raw|2(H2O)'s rating: 1816 &rarr; <strong>1794</strong><br />(-22 for losing)
|c|☆Rabzzz|gg
|l|☆2(H2O)
|player|p2|
|l|☆Rabzzz
|player|p1|
