|j|☆stallkiller393
|j|☆ollin34
|t:|1743845951
|gametype|singles
|player|p1|stallkiller393|rocketgrunt|1200
|player|p2|ollin34|170|1114
|teamsize|p1|6
|teamsize|p2|6
|gen|9
|tier|[Gen 9] OU
|rated|
|rule|HP Percentage Mod: HP is shown in percentages
|rule|Endless Battle Clause: Forcing endless battles is banned
|rule|Species Clause: Limit one of each Pokémon
|rule|OHKO Clause: OHKO moves are banned
|rule|Evasion Items Clause: Evasion items are banned
|rule|Evasion Moves Clause: Evasion moves are banned
|rule|Sleep Moves Clause: Sleep-inducing moves are banned
|clearpoke
|poke|p1|Rampardos, F|
|poke|p1|Kommo-o, M|
|poke|p1|Sawsbuck, F|
|poke|p1|Torkoal, F|
|poke|p1|Scream Tail|
|poke|p1|Pecharunt|
|poke|p2|Tinkaton, F|
|poke|p2|Gliscor, M|
|poke|p2|Ursaluna, F|
|poke|p2|Skeledirge, F|
|poke|p2|Meowscarada, M|
|poke|p2|Galvantula, M|
|teampreview
|
|t:|1743845961
|start
|switch|p1a: Torkoal|Torkoal, F|100/100
|switch|p2a: Tinkaton|Tinkaton, F|100/100
|-item|p2a: Tinkaton|Air Balloon
|-weather|SunnyDay|[from] ability: Drought|[of] p1a: Torkoal
|turn|1
|
|t:|1743845966
|move|p2a: Tinkaton|Thunder Wave|p1a: Torkoal|[miss]
|-miss|p2a: Tinkaton|p1a: Torkoal
|move|p1a: Torkoal|Lava Plume|p2a: Tinkaton
|-supereffective|p2a: Tinkaton
|-damage|p2a: Tinkaton|27/100
|-enditem|p2a: Tinkaton|Air Balloon
|
|-weather|SunnyDay|[upkeep]
|upkeep
|turn|2
|
|t:|1743845980
|move|p2a: Tinkaton|Stealth Rock|p1a: Torkoal
|-sidestart|p1: stallkiller393|move: Stealth Rock
|move|p1a: Torkoal|Stealth Rock|p2a: Tinkaton
|-sidestart|p2: ollin34|move: Stealth Rock
|
|-weather|SunnyDay|[upkeep]
|upkeep
|turn|3
|
|t:|1743845985
|move|p2a: Tinkaton|Thunder Wave|p1a: Torkoal
|-status|p1a: Torkoal|par
|cant|p1a: Torkoal|par
|
|-weather|SunnyDay|[upkeep]
|upkeep
|turn|4
|
|t:|1743845991
|move|p2a: Tinkaton|Knock Off|p1a: Torkoal
|-damage|p1a: Torkoal|85/100 par
|-enditem|p1a: Torkoal|Leftovers|[from] move: Knock Off|[of] p2a: Tinkaton
|move|p1a: Torkoal|Rapid Spin|p2a: Tinkaton
|-resisted|p2a: Tinkaton
|-damage|p2a: Tinkaton|24/100
|-boost|p1a: Torkoal|spe|1
|-sideend|p1: stallkiller393|Stealth Rock|[from] move: Rapid Spin|[of] p1a: Torkoal
|
|-weather|SunnyDay|[upkeep]
|upkeep
|turn|5
|
|t:|1743846003
|move|p2a: Tinkaton|Encore|p1a: Torkoal
|-start|p1a: Torkoal|Encore
|move|p1a: Torkoal|Rapid Spin|p2a: Tinkaton
|-resisted|p2a: Tinkaton
|-damage|p2a: Tinkaton|19/100
|-boost|p1a: Torkoal|spe|1
|
|-weather|none
|upkeep
|turn|6
|
|t:|1743846010
|switch|p2a: Skeledirge|Skeledirge, F|100/100
|-damage|p2a: Skeledirge|76/100|[from] Stealth Rock
|cant|p1a: Torkoal|par
|
|upkeep
|turn|7
|
|t:|1743846029
|switch|p1a: Rampardos|Rampardos, F|100/100
|move|p2a: Skeledirge|Torch Song|p1a: Rampardos
|-resisted|p1a: Rampardos
|-damage|p1a: Rampardos|67/100
|-boost|p2a: Skeledirge|spa|1
|
|upkeep
|turn|8
|
|t:|1743846037
|-terastallize|p2a: Skeledirge|Fairy
|move|p1a: Rampardos|Rock Slide|p2a: Skeledirge
|-damage|p2a: Skeledirge|22/100
|move|p2a: Skeledirge|Scorching Sands|p1a: Rampardos
|-supereffective|p1a: Rampardos
|-damage|p1a: Rampardos|0 fnt
|faint|p1a: Rampardos
|
|upkeep
|
|t:|1743846059
|switch|p1a: Pecharunt|Pecharunt|100/100
|-item|p1a: Pecharunt|Air Balloon
|turn|9
|
|t:|1743846065
|move|p1a: Pecharunt|Malignant Chain|p2a: Skeledirge
|-supereffective|p2a: Skeledirge
|-damage|p2a: Skeledirge|0 fnt
|faint|p2a: Skeledirge
|
|upkeep
|
|t:|1743846067
|switch|p2a: Galvantula|Galvantula, M|100/100
|-damage|p2a: Galvantula|76/100|[from] Stealth Rock
|turn|10
|
|t:|1743846071
|switch|p1a: Torkoal|Torkoal, F|85/100 par
|-weather|SunnyDay|[from] ability: Drought|[of] p1a: Torkoal
|move|p2a: Galvantula|Sticky Web|p1a: Torkoal
|-sidestart|p1: stallkiller393|move: Sticky Web
|
|-weather|SunnyDay|[upkeep]
|upkeep
|turn|11
|
|t:|1743846080
|move|p2a: Galvantula|Thunder|p1a: Torkoal|[miss]
|-miss|p2a: Galvantula|p1a: Torkoal
|move|p1a: Torkoal|Rapid Spin|p2a: Galvantula
|-damage|p2a: Galvantula|60/100
|-boost|p1a: Torkoal|spe|1
|-sideend|p1: stallkiller393|Sticky Web|[from] move: Rapid Spin|[of] p1a: Torkoal
|
|-weather|SunnyDay|[upkeep]
|upkeep
|turn|12
|
|t:|1743846087
|move|p2a: Galvantula|Volt Switch|p1a: Torkoal
|-damage|p1a: Torkoal|48/100 par
|
|t:|1743846092
|switch|p2a: Tinkaton|Tinkaton, F|19/100|[from] Volt Switch
|-damage|p2a: Tinkaton|13/100|[from] Stealth Rock
|cant|p1a: Torkoal|par
|
|-weather|SunnyDay|[upkeep]
|upkeep
|turn|13
|
|t:|1743846102
|switch|p1a: Sawsbuck|Sawsbuck, F|100/100
|move|p2a: Tinkaton|Encore||[still]
|-fail|p2a: Tinkaton
|
|-weather|SunnyDay|[upkeep]
|upkeep
|turn|14
|
|t:|1743846118
|move|p1a: Sawsbuck|High Horsepower|p2a: Tinkaton
|-supereffective|p2a: Tinkaton
|-damage|p2a: Tinkaton|0 fnt
|faint|p2a: Tinkaton
|-damage|p1a: Sawsbuck|91/100|[from] item: Life Orb
|
|-weather|none
|upkeep
|
|t:|1743846127
|switch|p2a: Galvantula|Galvantula, M|60/100
|-damage|p2a: Galvantula|35/100|[from] Stealth Rock
|turn|15
|
|t:|1743846135
|switch|p1a: Torkoal|Torkoal, F|48/100 par
|-weather|SunnyDay|[from] ability: Drought|[of] p1a: Torkoal
|move|p2a: Galvantula|Leech Life|p1a: Torkoal
|-resisted|p1a: Torkoal
|-damage|p1a: Torkoal|41/100 par
|-heal|p2a: Galvantula|39/100|[from] drain|[of] p1a: Torkoal
|
|-weather|SunnyDay|[upkeep]
|upkeep
|turn|16
|
|t:|1743846146
|move|p2a: Galvantula|Thunder|p1a: Torkoal
|-damage|p1a: Torkoal|0 fnt
|faint|p1a: Torkoal
|
|-weather|SunnyDay|[upkeep]
|upkeep
|
|t:|1743846150
|switch|p1a: Sawsbuck|Sawsbuck, F|91/100
|turn|17
|
|t:|1743846158
|move|p1a: Sawsbuck|High Horsepower|p2a: Galvantula
|-damage|p2a: Galvantula|0 fnt
|faint|p2a: Galvantula
|-damage|p1a: Sawsbuck|81/100|[from] item: Life Orb
|
|-weather|SunnyDay|[upkeep]
|upkeep
|
|t:|1743846167
|switch|p2a: Meowscarada|Meowscarada, M|100/100
|-damage|p2a: Meowscarada|88/100|[from] Stealth Rock
|turn|18
|
|t:|1743846181
|move|p1a: Sawsbuck|Body Slam|p2a: Meowscarada
|-damage|p2a: Meowscarada|10/100
|-status|p2a: Meowscarada|par
|-damage|p1a: Sawsbuck|71/100|[from] item: Life Orb
|move|p2a: Meowscarada|Triple Axel|p1a: Sawsbuck
|-start|p2a: Meowscarada|typechange|Ice|[from] ability: Protean
|-supereffective|p1a: Sawsbuck
|-damage|p1a: Sawsbuck|37/100
|-supereffective|p1a: Sawsbuck
|-damage|p1a: Sawsbuck|0 fnt
|faint|p1a: Sawsbuck
|-hitcount|p1: Sawsbuck|2
|
|-weather|SunnyDay|[upkeep]
|upkeep
|
|t:|1743846201
|switch|p1a: Scream Tail|Scream Tail|100/100
|-activate|p1a: Scream Tail|ability: Protosynthesis
|-start|p1a: Scream Tail|protosynthesisspe
|turn|19
|
|t:|1743846206
|move|p1a: Scream Tail|Boomburst|p2a: Meowscarada
|-damage|p2a: Meowscarada|0 fnt
|faint|p2a: Meowscarada
|-enditem|p1a: Scream Tail|Throat Spray
|-boost|p1a: Scream Tail|spa|1|[from] item: Throat Spray
|
|-weather|none
|-end|p1a: Scream Tail|Protosynthesis
|upkeep
|
|t:|1743846210
|switch|p2a: Ursaluna|Ursaluna, F|100/100
|-damage|p2a: Ursaluna|94/100|[from] Stealth Rock
|turn|20
|
|t:|1743846229
|move|p1a: Scream Tail|Boomburst|p2a: Ursaluna
|-crit|p2a: Ursaluna
|-damage|p2a: Ursaluna|32/100
|move|p2a: Ursaluna|Earthquake|p1a: Scream Tail
|-damage|p1a: Scream Tail|50/100
|
|-status|p2a: Ursaluna|brn|[from] item: Flame Orb
|upkeep
|turn|21
|
|t:|1743846246
|move|p1a: Scream Tail|Boomburst|p2a: Ursaluna
|-damage|p2a: Ursaluna|0 fnt
|faint|p2a: Ursaluna
|
|upkeep
|
|t:|1743846248
|switch|p2a: Gliscor|Gliscor, M|100/100
|-damage|p2a: Gliscor|88/100|[from] Stealth Rock
|turn|22
|
|t:|1743846254
|move|p2a: Gliscor|Earthquake|p1a: Scream Tail
|-damage|p1a: Scream Tail|19/100
|move|p1a: Scream Tail|Psychic Noise|p2a: Gliscor
|-damage|p2a: Gliscor|40/100
|-start|p2a: Gliscor|move: Heal Block
|
|-status|p2a: Gliscor|tox|[from] item: Toxic Orb
|upkeep
|turn|23
|c|☆stallkiller393|nasty crit my bad
|
|t:|1743846264
|move|p2a: Gliscor|Earthquake|p1a: Scream Tail
|-damage|p1a: Scream Tail|0 fnt
|faint|p1a: Scream Tail
|-end|p1a: Scream Tail|Protosynthesis|[silent]
|
|-end|p2a: Gliscor|move: Heal Block
|upkeep
|
|t:|1743846271
|switch|p1a: Pecharunt|Pecharunt|100/100
|-item|p1a: Pecharunt|Air Balloon
|turn|24
|
|t:|1743846277
|move|p2a: Gliscor|Dual Wingbeat|p1a: Pecharunt
|-damage|p1a: Pecharunt|90/100
|-enditem|p1a: Pecharunt|Air Balloon
|-damage|p1a: Pecharunt|79/100
|-hitcount|p1a: Pecharunt|2
|move|p1a: Pecharunt|Shadow Ball|p2a: Gliscor
|-damage|p2a: Gliscor|0 fnt
|faint|p2a: Gliscor
|
|win|stallkiller393
|raw|stallkiller393's rating: 1200 &rarr; <strong>1219</strong><br />(+19 for winning)
|raw|ollin34's rating: 1114 &rarr; <strong>1095</strong><br />(-19 for losing)
|l|☆ollin34
|player|p2|
|l|☆stallkiller393
|player|p1|
