|j|☆arnavgupta
|j|☆cat3039
|t:|1743858859
|gametype|singles
|player|p1|arnavgupta|steven|1434
|player|p2|cat3039|ltsurge|1401
|teamsize|p1|6
|teamsize|p2|6
|gen|9
|tier|[Gen 9] OU
|rated|
|rule|HP Percentage Mod: HP is shown in percentages
|rule|Endless Battle Clause: Forcing endless battles is banned
|rule|Species Clause: Limit one of each Pokémon
|rule|OHKO Clause: OHKO moves are banned
|rule|Evasion Items Clause: Evasion items are banned
|rule|Evasion Moves Clause: Evasion moves are banned
|rule|Sleep Moves Clause: Sleep-inducing moves are banned
|clearpoke
|poke|p1|Primarina, F|
|poke|p1|Kyurem|
|poke|p1|Landorus-Therian, M|
|poke|p1|Grimmsnarl, M|
|poke|p1|Dragapult, F|
|poke|p1|Skarmory, F|
|poke|p2|Great Tusk|
|poke|p2|Ninetales, M|
|poke|p2|Whimsicott, F|
|poke|p2|Walking Wake|
|poke|p2|Iron Moth|
|poke|p2|Comfey, M|
|teampreview
|inactive|Battle timer is ON: inactive players will automatically lose when time's up. (requested by cat3039)
|inactive|arnavgupta has 120 seconds left.
|
|t:|1743858914
|start
|switch|p1a: Landorus|Landorus-Therian, M|100/100
|switch|p2a: Ninetales|Ninetales, M|100/100
|-weather|SunnyDay|[from] ability: Drought|[of] p2a: Ninetales
|-ability|p1a: Landorus|Intimidate|boost
|-unboost|p2a: Ninetales|atk|1
|turn|1
|
|t:|1743858927
|switch|p2a: Whimsicott|Whimsicott, F|100/100
|move|p1a: Landorus|Earthquake|p2a: Whimsicott
|-resisted|p2a: Whimsicott
|-damage|p2a: Whimsicott|71/100
|
|-weather|SunnyDay|[upkeep]
|upkeep
|turn|2
|
|t:|1743858937
|move|p2a: Whimsicott|Moonblast|p1a: Landorus
|-damage|p1a: Landorus|71/100
|move|p1a: Landorus|U-turn|p2a: Whimsicott
|-damage|p2a: Whimsicott|42/100
|
|t:|1743858942
|switch|p1a: Grimmsnarl|Grimmsnarl, M, shiny|100/100|[from] U-turn
|
|-weather|SunnyDay|[upkeep]
|upkeep
|turn|3
|
|t:|1743858953
|move|p2a: Whimsicott|Moonblast|p1a: Grimmsnarl
|-supereffective|p1a: Grimmsnarl
|-damage|p1a: Grimmsnarl|58/100
|move|p1a: Grimmsnarl|Spirit Break|p2a: Whimsicott
|-damage|p2a: Whimsicott|7/100
|-unboost|p2a: Whimsicott|spa|1
|
|-weather|SunnyDay|[upkeep]
|-heal|p1a: Grimmsnarl|64/100|[from] item: Leftovers
|upkeep
|turn|4
|
|t:|1743858962
|move|p1a: Grimmsnarl|Sucker Punch|p2a: Whimsicott
|-resisted|p2a: Whimsicott
|-damage|p2a: Whimsicott|0 fnt
|faint|p2a: Whimsicott
|
|-weather|SunnyDay|[upkeep]
|-heal|p1a: Grimmsnarl|70/100|[from] item: Leftovers
|upkeep
|
|t:|1743858975
|switch|p2a: Iron Moth|Iron Moth|100/100
|-enditem|p2a: Iron Moth|Booster Energy
|-activate|p2a: Iron Moth|ability: Quark Drive|[fromitem]
|-start|p2a: Iron Moth|quarkdrivespe
|turn|5
|
|t:|1743858980
|move|p1a: Grimmsnarl|Parting Shot|p2a: Iron Moth
|-unboost|p2a: Iron Moth|atk|1
|-unboost|p2a: Iron Moth|spa|1
|
|t:|1743858984
|switch|p1a: Skarmory|Skarmory, F|100/100|[from] Parting Shot
|move|p2a: Iron Moth|Substitute|p2a: Iron Moth
|-start|p2a: Iron Moth|Substitute
|-damage|p2a: Iron Moth|76/100
|
|-weather|SunnyDay|[upkeep]
|upkeep
|turn|6
|
|t:|1743858994
|move|p2a: Iron Moth|Fiery Dance|p1a: Skarmory
|-supereffective|p1a: Skarmory
|-damage|p1a: Skarmory|10/100
|move|p1a: Skarmory|Spikes|p2a: Iron Moth
|-sidestart|p2: cat3039|Spikes
|
|-weather|SunnyDay|[upkeep]
|-heal|p1a: Skarmory|16/100|[from] item: Leftovers
|upkeep
|turn|7
|
|t:|1743859000
|move|p2a: Iron Moth|Fiery Dance|p1a: Skarmory
|-supereffective|p1a: Skarmory
|-damage|p1a: Skarmory|0 fnt
|-boost|p2a: Iron Moth|spa|1
|faint|p1a: Skarmory
|
|-weather|SunnyDay|[upkeep]
|upkeep
|
|t:|1743859002
|switch|p1a: Kyurem|Kyurem|100/100
|-ability|p1a: Kyurem|Pressure
|turn|8
|
|t:|1743859010
|move|p2a: Iron Moth|Fiery Dance|p1a: Kyurem
|-damage|p1a: Kyurem|46/100
|-boost|p2a: Iron Moth|spa|1
|move|p1a: Kyurem|Scale Shot|p2a: Iron Moth
|-activate|p2a: Iron Moth|move: Substitute|[damage]
|-end|p2a: Iron Moth|Substitute
|-damage|p2a: Iron Moth|55/100
|-damage|p2a: Iron Moth|35/100
|-damage|p2a: Iron Moth|15/100
|-hitcount|p2a: Iron Moth|5
|-unboost|p1a: Kyurem|def|1
|-boost|p1a: Kyurem|spe|1
|
|-weather|none
|upkeep
|turn|9
|
|t:|1743859029
|switch|p1a: Primarina|Primarina, F|100/100
|move|p2a: Iron Moth|Dazzling Gleam|p1a: Primarina
|-damage|p1a: Primarina|66/100
|
|-heal|p1a: Primarina|72/100|[from] item: Leftovers
|upkeep
|turn|10
|
|t:|1743859036
|-terastallize|p1a: Primarina|Ghost
|move|p2a: Iron Moth|Sludge Wave|p1a: Primarina
|-resisted|p1a: Primarina
|-damage|p1a: Primarina|42/100
|move|p1a: Primarina|Psychic Noise|p2a: Iron Moth
|-supereffective|p2a: Iron Moth
|-damage|p2a: Iron Moth|0 fnt
|faint|p2a: Iron Moth
|-end|p2a: Iron Moth|Quark Drive|[silent]
|
|-heal|p1a: Primarina|48/100|[from] item: Leftovers
|upkeep
|
|t:|1743859044
|switch|p2a: Ninetales|Ninetales, M|100/100
|-damage|p2a: Ninetales|88/100|[from] Spikes
|-weather|SunnyDay|[from] ability: Drought|[of] p2a: Ninetales
|turn|11
|
|t:|1743859052
|move|p2a: Ninetales|Weather Ball|p1a: Primarina
|-damage|p1a: Primarina|13/100
|move|p1a: Primarina|Psychic Noise|p2a: Ninetales
|-supereffective|p2a: Ninetales
|-damage|p2a: Ninetales|59/100
|-start|p2a: Ninetales|move: Heal Block
|
|-weather|SunnyDay|[upkeep]
|-heal|p1a: Primarina|19/100|[from] item: Leftovers
|upkeep
|turn|12
|
|t:|1743859060
|move|p2a: Ninetales|Weather Ball|p1a: Primarina
|-damage|p1a: Primarina|0 fnt
|faint|p1a: Primarina
|
|-weather|SunnyDay|[upkeep]
|-end|p2a: Ninetales|move: Heal Block
|upkeep
|
|t:|1743859062
|switch|p1a: Landorus|Landorus-Therian, M|71/100
|-ability|p1a: Landorus|Intimidate|boost
|-unboost|p2a: Ninetales|atk|1
|turn|13
|
|t:|1743859069
|move|p2a: Ninetales|Will-O-Wisp|p1a: Landorus
|-status|p1a: Landorus|brn
|move|p1a: Landorus|Stealth Rock|p2a: Ninetales
|-sidestart|p2: cat3039|move: Stealth Rock
|
|-weather|SunnyDay|[upkeep]
|-damage|p1a: Landorus|65/100 brn|[from] brn
|upkeep
|turn|14
|
|t:|1743859079
|switch|p2a: Great Tusk|Great Tusk|100/100
|-damage|p2a: Great Tusk|88/100|[from] Spikes
|-damage|p2a: Great Tusk|85/100|[from] Stealth Rock
|-activate|p2a: Great Tusk|ability: Protosynthesis
|-start|p2a: Great Tusk|protosynthesisatk
|move|p1a: Landorus|U-turn|p2a: Great Tusk
|-resisted|p2a: Great Tusk
|-damage|p2a: Great Tusk|81/100
|-damage|p1a: Landorus|49/100 brn|[from] item: Rocky Helmet|[of] p2a: Great Tusk
|
|t:|1743859087
|switch|p1a: Grimmsnarl|Grimmsnarl, M, shiny|70/100|[from] U-turn
|
|-weather|SunnyDay|[upkeep]
|-heal|p1a: Grimmsnarl|76/100|[from] item: Leftovers
|upkeep
|turn|15
|
|t:|1743859098
|move|p2a: Great Tusk|Rapid Spin|p1a: Grimmsnarl
|-damage|p1a: Grimmsnarl|47/100
|-boost|p2a: Great Tusk|spe|1
|-sideend|p2: cat3039|Spikes|[from] move: Rapid Spin|[of] p2a: Great Tusk
|-sideend|p2: cat3039|Stealth Rock|[from] move: Rapid Spin|[of] p2a: Great Tusk
|move|p1a: Grimmsnarl|Spirit Break|p2a: Great Tusk
|-supereffective|p2a: Great Tusk
|-damage|p2a: Great Tusk|40/100
|-unboost|p2a: Great Tusk|spa|1
|-damage|p1a: Grimmsnarl|30/100|[from] item: Rocky Helmet|[of] p2a: Great Tusk
|
|-weather|SunnyDay|[upkeep]
|-heal|p1a: Grimmsnarl|36/100|[from] item: Leftovers
|upkeep
|turn|16
|
|t:|1743859118
|move|p1a: Grimmsnarl|Parting Shot|p2a: Great Tusk
|-unboost|p2a: Great Tusk|atk|1
|-unboost|p2a: Great Tusk|spa|1
|
|t:|1743859121
|switch|p1a: Landorus|Landorus-Therian, M|49/100 brn|[from] Parting Shot
|-ability|p1a: Landorus|Intimidate|boost
|-unboost|p2a: Great Tusk|atk|1
|move|p2a: Great Tusk|Ice Spinner|p1a: Landorus
|-supereffective|p1a: Landorus
|-damage|p1a: Landorus|0 fnt
|-damage|p2a: Great Tusk|24/100|[from] item: Rocky Helmet|[of] p1a: Landorus
|faint|p1a: Landorus
|
|-weather|SunnyDay|[upkeep]
|upkeep
|
|t:|1743859128
|switch|p1a: Kyurem|Kyurem|46/100
|-ability|p1a: Kyurem|Pressure
|turn|17
|
|t:|1743859146
|move|p2a: Great Tusk|Headlong Rush|p1a: Kyurem
|-damage|p1a: Kyurem|0 fnt
|-unboost|p2a: Great Tusk|def|1
|-unboost|p2a: Great Tusk|spd|1
|faint|p1a: Kyurem
|
|-weather|SunnyDay|[upkeep]
|upkeep
|
|t:|1743859153
|switch|p1a: Dragapult|Dragapult, F|100/100
|turn|18
|-message|arnavgupta forfeited.
|
|win|cat3039
|raw|arnavgupta's rating: 1434 &rarr; <strong>1412</strong><br />(-22 for losing)
|raw|cat3039's rating: 1401 &rarr; <strong>1423</strong><br />(+22 for winning)
|l|☆arnavgupta
|player|p1|
