|j|☆attentif
|j|☆Thenix12
|t:|1743882665
|gametype|singles
|player|p1|attentif|wallace|1344
|player|p2|Thenix12|nurse|1299
|teamsize|p1|6
|teamsize|p2|6
|gen|9
|tier|[Gen 9] OU
|rated|
|rule|HP Percentage Mod: HP is shown in percentages
|rule|Endless Battle Clause: Forcing endless battles is banned
|rule|Species Clause: Limit one of each Pokémon
|rule|OHKO Clause: OHKO moves are banned
|rule|Evasion Items Clause: Evasion items are banned
|rule|Evasion Moves Clause: Evasion moves are banned
|rule|Sleep Moves Clause: Sleep-inducing moves are banned
|clearpoke
|poke|p1|Darkrai|
|poke|p1|Gliscor, M|
|poke|p1|Gholdengo|
|poke|p1|Kyurem|
|poke|p1|Quaquaval, M|
|poke|p1|Clefable, F|
|poke|p2|Emboar, M|
|poke|p2|Cinccino, F|
|poke|p2|Pecharunt|
|poke|p2|Enamorus, F|
|poke|p2|Iron Crown|
|poke|p2|Ting-Lu|
|teampreview
|inactive|Battle timer is ON: inactive players will automatically lose when time's up. (requested by attentif)
|inactive|Thenix12 has 120 seconds left.
|
|t:|1743882703
|start
|switch|p1a: Gliscor|Gliscor, M|100/100
|switch|p2a: Cinccino|Cinccino, F|100/100
|turn|1
|
|t:|1743882733
|move|p1a: Gliscor|Protect|p1a: Gliscor
|-singleturn|p1a: Gliscor|Protect
|move|p2a: Cinccino|Triple Axel|p1a: Gliscor
|-activate|p1a: Gliscor|move: Protect
|
|-status|p1a: Gliscor|tox|[from] item: Toxic Orb
|upkeep
|turn|2
|
|t:|1743882739
|switch|p1a: Quaquaval|Quaquaval, M|100/100
|move|p2a: Cinccino|Triple Axel|p1a: Quaquaval
|-resisted|p1a: Quaquaval
|-damage|p1a: Quaquaval|94/100
|-resisted|p1a: Quaquaval
|-damage|p1a: Quaquaval|83/100
|-resisted|p1a: Quaquaval
|-damage|p1a: Quaquaval|66/100
|-hitcount|p1a: Quaquaval|3
|
|upkeep
|turn|3
|
|t:|1743882747
|move|p2a: Cinccino|Bullet Seed|p1a: Quaquaval
|-supereffective|p1a: Quaquaval
|-damage|p1a: Quaquaval|40/100
|-supereffective|p1a: Quaquaval
|-damage|p1a: Quaquaval|11/100
|-supereffective|p1a: Quaquaval
|-damage|p1a: Quaquaval|0 fnt
|faint|p1a: Quaquaval
|-hitcount|p1: Quaquaval|3
|
|upkeep
|
|t:|1743882758
|switch|p1a: Gholdengo|Gholdengo|100/100
|-item|p1a: Gholdengo|Air Balloon
|turn|4
|
|t:|1743882770
|switch|p2a: Ting-Lu|Ting-Lu|100/100
|-ability|p2a: Ting-Lu|Vessel of Ruin
|move|p1a: Gholdengo|Make It Rain|p2a: Ting-Lu
|-damage|p2a: Ting-Lu|78/100
|-unboost|p1a: Gholdengo|spa|1
|
|-heal|p2a: Ting-Lu|84/100|[from] item: Leftovers
|upkeep
|turn|5
|
|t:|1743882786
|switch|p1a: Gliscor|Gliscor, M|100/100 tox
|move|p2a: Ting-Lu|Stealth Rock|p1a: Gliscor
|-sidestart|p1: attentif|move: Stealth Rock
|
|-heal|p2a: Ting-Lu|91/100|[from] item: Leftovers
|upkeep
|turn|6
|
|t:|1743882796
|switch|p2a: Pecharunt|Pecharunt|100/100
|move|p1a: Gliscor|Toxic|p2a: Pecharunt|[miss]
|-miss|p1a: Gliscor|p2a: Pecharunt
|
|upkeep
|turn|7
|inactive|attentif has 120 seconds left.
|inactive|attentif has 90 seconds left.
|
|t:|1743882859
|move|p1a: Gliscor|Spikes|p2a: Pecharunt
|-sidestart|p2: Thenix12|Spikes
|move|p2a: Pecharunt|Parting Shot|p1a: Gliscor
|-unboost|p1a: Gliscor|atk|1
|-unboost|p1a: Gliscor|spa|1
|
|t:|1743882865
|switch|p2a: Cinccino|Cinccino, F|100/100|[from] Parting Shot
|-damage|p2a: Cinccino|88/100|[from] Spikes
|
|upkeep
|turn|8
|inactive|attentif has 90 seconds left.
|inactive|attentif has 60 seconds left.
|
|t:|1743882918
|move|p1a: Gliscor|Protect|p1a: Gliscor
|-singleturn|p1a: Gliscor|Protect
|move|p2a: Cinccino|Triple Axel|p1a: Gliscor
|-activate|p1a: Gliscor|move: Protect
|
|upkeep
|turn|9
|inactive|attentif has 60 seconds left.
|
|t:|1743882926
|switch|p1a: Gholdengo|Gholdengo|100/100
|-damage|p1a: Gholdengo|94/100|[from] Stealth Rock
|-item|p1a: Gholdengo|Air Balloon
|move|p2a: Cinccino|Tidy Up|p2a: Cinccino
|-sideend|p2: Thenix12|Spikes
|-sideend|p1: attentif|Stealth Rock
|-activate|p2a: Cinccino|move: Tidy Up
|-boost|p2a: Cinccino|atk|1
|-boost|p2a: Cinccino|spe|1
|
|upkeep
|turn|10
|
|t:|1743882932
|move|p2a: Cinccino|Bullet Seed|p1a: Gholdengo
|-resisted|p1a: Gholdengo
|-damage|p1a: Gholdengo|89/100
|-enditem|p1a: Gholdengo|Air Balloon
|-resisted|p1a: Gholdengo
|-damage|p1a: Gholdengo|83/100
|-resisted|p1a: Gholdengo
|-damage|p1a: Gholdengo|77/100
|-resisted|p1a: Gholdengo
|-damage|p1a: Gholdengo|72/100
|-hitcount|p1a: Gholdengo|4
|move|p1a: Gholdengo|Make It Rain|p2a: Cinccino
|-damage|p2a: Cinccino|0 fnt
|-unboost|p1a: Gholdengo|spa|1
|faint|p2a: Cinccino
|
|upkeep
|
|t:|1743882948
|switch|p2a: Ting-Lu|Ting-Lu|91/100
|-ability|p2a: Ting-Lu|Vessel of Ruin
|turn|11
|
|t:|1743882960
|switch|p1a: Darkrai|Darkrai|100/100
|move|p2a: Ting-Lu|Stealth Rock|p1a: Darkrai
|-sidestart|p1: attentif|move: Stealth Rock
|
|-heal|p2a: Ting-Lu|97/100|[from] item: Leftovers
|upkeep
|turn|12
|
|t:|1743882969
|switch|p1a: Gliscor|Gliscor, M|100/100 tox
|-damage|p1a: Gliscor|88/100 tox|[from] Stealth Rock
|move|p2a: Ting-Lu|Ruination|p1a: Gliscor|[miss]
|-miss|p2a: Ting-Lu|p1a: Gliscor
|
|-heal|p2a: Ting-Lu|100/100|[from] item: Leftovers
|-heal|p1a: Gliscor|100/100 tox|[from] ability: Poison Heal
|upkeep
|turn|13
|
|t:|1743882979
|move|p1a: Gliscor|Spikes|p2a: Ting-Lu
|-sidestart|p2: Thenix12|Spikes
|move|p2a: Ting-Lu|Whirlwind|p1a: Gliscor
|drag|p1a: Gholdengo|Gholdengo|72/100
|-damage|p1a: Gholdengo|66/100|[from] Stealth Rock
|
|upkeep
|turn|14
|inactive|attentif has 90 seconds left.
|
|t:|1743883001
|switch|p1a: Gliscor|Gliscor, M|100/100 tox
|-damage|p1a: Gliscor|88/100 tox|[from] Stealth Rock
|move|p2a: Ting-Lu|Earthquake|p1a: Gliscor
|-immune|p1a: Gliscor
|
|-heal|p1a: Gliscor|100/100 tox|[from] ability: Poison Heal
|upkeep
|turn|15
|
|t:|1743883008
|switch|p2a: Emboar|Emboar, M|100/100
|-damage|p2a: Emboar|88/100|[from] Spikes
|move|p1a: Gliscor|Spikes|p2a: Emboar
|-sidestart|p2: Thenix12|Spikes
|
|upkeep
|turn|16
|
|t:|1743883017
|move|p1a: Gliscor|Protect|p1a: Gliscor
|-singleturn|p1a: Gliscor|Protect
|move|p2a: Emboar|Flare Blitz|p1a: Gliscor
|-activate|p1a: Gliscor|move: Protect
|
|upkeep
|turn|17
|
|t:|1743883022
|move|p1a: Gliscor|Earthquake|p2a: Emboar
|-supereffective|p2a: Emboar
|-damage|p2a: Emboar|0 fnt
|faint|p2a: Emboar
|
|upkeep
|
|t:|1743883035
|switch|p2a: Enamorus|Enamorus, F|100/100
|turn|18
|
|t:|1743883045
|switch|p1a: Gholdengo|Gholdengo|66/100
|-damage|p1a: Gholdengo|59/100|[from] Stealth Rock
|move|p2a: Enamorus|Moonblast|p1a: Gholdengo
|-resisted|p1a: Gholdengo
|-damage|p1a: Gholdengo|33/100
|-unboost|p1a: Gholdengo|spa|1
|
|upkeep
|turn|19
|
|t:|1743883052
|switch|p2a: Ting-Lu|Ting-Lu|100/100
|-damage|p2a: Ting-Lu|84/100|[from] Spikes
|-ability|p2a: Ting-Lu|Vessel of Ruin
|switch|p1a: Clefable|Clefable, F|100/100
|
|-heal|p2a: Ting-Lu|90/100|[from] item: Leftovers
|upkeep
|turn|20
|
|t:|1743883057
|move|p1a: Clefable|Stealth Rock|p2a: Ting-Lu
|-sidestart|p2: Thenix12|move: Stealth Rock
|move|p2a: Ting-Lu|Ruination|p1a: Clefable
|-damage|p1a: Clefable|50/100
|
|-heal|p1a: Clefable|57/100|[from] item: Leftovers
|-heal|p2a: Ting-Lu|96/100|[from] item: Leftovers
|upkeep
|turn|21
|-message|Thenix12 forfeited.
|
|win|attentif
|raw|attentif's rating: 1344 &rarr; <strong>1361</strong><br />(+17 for winning)
|raw|Thenix12's rating: 1299 &rarr; <strong>1277</strong><br />(-22 for losing)
|l|☆Thenix12
|player|p2|
