|j|☆Pedro_Gil_2502
|j|☆Arcaniner52
|t:|1743871386
|gametype|singles
|player|p1|Pedro_Gil_2502|waiter-gen4dp|1370
|player|p2|Arcaniner52|blue|1282
|teamsize|p1|6
|teamsize|p2|6
|gen|9
|tier|[Gen 9] OU
|rated|
|rule|HP Percentage Mod: HP is shown in percentages
|rule|Endless Battle Clause: Forcing endless battles is banned
|rule|Species Clause: Limit one of each Pokémon
|rule|OHKO Clause: OHKO moves are banned
|rule|Evasion Items Clause: Evasion items are banned
|rule|Evasion Moves Clause: Evasion moves are banned
|rule|Sleep Moves Clause: Sleep-inducing moves are banned
|clearpoke
|poke|p1|Ting-Lu|
|poke|p1|Kyurem|
|poke|p1|Great Tusk|
|poke|p1|Ogerpon-Cornerstone, F|
|poke|p1|Samurott-Hisui, M|
|poke|p1|Pecharunt|
|poke|p2|Excadrill, M|
|poke|p2|Latios, M|
|poke|p2|Mimikyu, M|
|poke|p2|Weavile, M|
|poke|p2|Raikou|
|poke|p2|Emboar, M|
|teampreview
|inactive|Battle timer is ON: inactive players will automatically lose when time's up. (requested by Pedro_Gil_2502)
|
|t:|1743871396
|start
|switch|p1a: Ting-Lu|Ting-Lu|100/100
|switch|p2a: Raikou|Raikou|100/100
|-ability|p2a: Raikou|Pressure
|-ability|p1a: Ting-Lu|Vessel of Ruin
|turn|1
|c|☆Pedro_Gil_2502|hf!
|
|t:|1743871405
|switch|p2a: Latios|Latios, M|100/100
|move|p1a: Ting-Lu|Stealth Rock|p2a: Latios
|-sidestart|p2: Arcaniner52|move: Stealth Rock
|
|upkeep
|turn|2
|
|t:|1743871412
|move|p2a: Latios|Draco Meteor|p1a: Ting-Lu
|-damage|p1a: Ting-Lu|57/100
|-unboost|p2a: Latios|spa|2
|move|p1a: Ting-Lu|Ruination|p2a: Latios
|-damage|p2a: Latios|51/100
|
|-heal|p1a: Ting-Lu|63/100|[from] item: Leftovers
|upkeep
|turn|3
|
|t:|1743871434
|switch|p2a: Excadrill|Excadrill, M|100/100
|-damage|p2a: Excadrill|97/100|[from] Stealth Rock
|move|p1a: Ting-Lu|Ruination|p2a: Excadrill
|-damage|p2a: Excadrill|49/100
|-enditem|p2a: Excadrill|Sitrus Berry|[eat]
|-heal|p2a: Excadrill|74/100|[from] item: Sitrus Berry
|
|-heal|p1a: Ting-Lu|70/100|[from] item: Leftovers
|upkeep
|turn|4
|
|t:|1743871445
|move|p2a: Excadrill|Rapid Spin|p1a: Ting-Lu
|-damage|p1a: Ting-Lu|59/100
|-boost|p2a: Excadrill|spe|1
|-sideend|p2: Arcaniner52|Stealth Rock|[from] move: Rapid Spin|[of] p2a: Excadrill
|move|p1a: Ting-Lu|Earthquake|p2a: Excadrill
|-supereffective|p2a: Excadrill
|-damage|p2a: Excadrill|0 fnt
|faint|p2a: Excadrill
|
|-heal|p1a: Ting-Lu|65/100|[from] item: Leftovers
|upkeep
|
|t:|1743871458
|switch|p2a: Weavile|Weavile, M|100/100
|-ability|p2a: Weavile|Pressure
|turn|5
|
|t:|1743871467
|switch|p1a: Samurott|Samurott-Hisui, M|100/100
|move|p2a: Weavile|Triple Axel|p1a: Samurott
|-resisted|p1a: Samurott
|-damage|p1a: Samurott|92/100
|-resisted|p1a: Samurott
|-damage|p1a: Samurott|75/100
|-resisted|p1a: Samurott
|-damage|p1a: Samurott|50/100
|-hitcount|p1a: Samurott|3
|-damage|p2a: Weavile|91/100|[from] item: Life Orb
|
|upkeep
|turn|6
|
|t:|1743871481
|move|p2a: Weavile|Brick Break|p1a: Samurott
|-supereffective|p1a: Samurott
|-damage|p1a: Samurott|0 fnt
|faint|p1a: Samurott
|-damage|p2a: Weavile|81/100|[from] item: Life Orb
|
|upkeep
|
|t:|1743871494
|switch|p1a: Kyurem|Kyurem|100/100
|-ability|p1a: Kyurem|Pressure
|turn|7
|
|t:|1743871500
|move|p2a: Weavile|Knock Off|p1a: Kyurem
|-damage|p1a: Kyurem|38/100
|-enditem|p1a: Kyurem|Heavy-Duty Boots|[from] move: Knock Off|[of] p2a: Weavile
|-damage|p2a: Weavile|71/100|[from] item: Life Orb
|move|p1a: Kyurem|Scale Shot|p2a: Weavile|[miss]
|-miss|p1a: Kyurem|p2a: Weavile
|
|upkeep
|turn|8
|
|t:|1743871511
|move|p2a: Weavile|Brick Break|p1a: Kyurem
|-supereffective|p1a: Kyurem
|-damage|p1a: Kyurem|0 fnt
|faint|p1a: Kyurem
|-damage|p2a: Weavile|61/100|[from] item: Life Orb
|
|upkeep
|
|t:|1743871513
|switch|p1a: Pecharunt|Pecharunt|100/100
|turn|9
|
|t:|1743871519
|move|p2a: Weavile|Knock Off|p1a: Pecharunt
|-supereffective|p1a: Pecharunt
|-damage|p1a: Pecharunt|41/100
|-enditem|p1a: Pecharunt|Heavy-Duty Boots|[from] move: Knock Off|[of] p2a: Weavile
|-damage|p2a: Weavile|51/100|[from] item: Life Orb
|move|p1a: Pecharunt|Malignant Chain|p2a: Weavile
|-damage|p2a: Weavile|10/100
|-status|p2a: Weavile|tox
|-start|p2a: Weavile|confusion|[from] ability: Poison Puppeteer|[of] p1a: Pecharunt
|
|-damage|p2a: Weavile|4/100 tox|[from] psn
|upkeep
|turn|10
|
|t:|1743871535
|-activate|p2a: Weavile|confusion
|move|p2a: Weavile|Triple Axel|p1a: Pecharunt
|-damage|p1a: Pecharunt|34/100
|-damage|p1a: Pecharunt|20/100
|-damage|p1a: Pecharunt|0 fnt
|faint|p1a: Pecharunt
|-hitcount|p1: Pecharunt|3
|-damage|p2a: Weavile|0 fnt|[from] item: Life Orb
|faint|p2a: Weavile
|
|upkeep
|
|t:|1743871547
|switch|p2a: Latios|Latios, M|51/100
|switch|p1a: Ogerpon|Ogerpon-Cornerstone, F|100/100
|turn|11
|
|t:|1743871553
|move|p1a: Ogerpon|Ivy Cudgel|p2a: Latios|[anim] Ivy Cudgel Rock
|-crit|p2a: Latios
|-damage|p2a: Latios|0 fnt
|faint|p2a: Latios
|
|upkeep
|
|t:|1743871566
|switch|p2a: Emboar|Emboar, M|100/100
|turn|12
|
|t:|1743871571
|-terastallize|p2a: Emboar|Fighting
|move|p2a: Emboar|Close Combat|p1a: Ogerpon
|-supereffective|p1a: Ogerpon
|-ability|p1a: Ogerpon|Sturdy
|-damage|p1a: Ogerpon|1/100
|-unboost|p2a: Emboar|def|1
|-unboost|p2a: Emboar|spd|1
|move|p1a: Ogerpon|Swords Dance|p1a: Ogerpon
|-boost|p1a: Ogerpon|atk|2
|
|upkeep
|turn|13
|
|t:|1743871583
|move|p2a: Emboar|Close Combat|p1a: Ogerpon
|-supereffective|p1a: Ogerpon
|-damage|p1a: Ogerpon|0 fnt
|-unboost|p2a: Emboar|def|1
|-unboost|p2a: Emboar|spd|1
|faint|p1a: Ogerpon
|
|upkeep
|
|t:|1743871587
|switch|p1a: Great Tusk|Great Tusk|100/100
|turn|14
|
|t:|1743871594
|move|p2a: Emboar|Close Combat|p1a: Great Tusk
|-damage|p1a: Great Tusk|45/100
|-unboost|p2a: Emboar|def|1
|-unboost|p2a: Emboar|spd|1
|move|p1a: Great Tusk|Earthquake|p2a: Emboar
|-damage|p2a: Emboar|0 fnt
|faint|p2a: Emboar
|
|-heal|p1a: Great Tusk|51/100|[from] item: Leftovers
|upkeep
|
|t:|1743871604
|switch|p2a: Mimikyu|Mimikyu, M|100/100
|turn|15
|
|t:|1743871612
|move|p2a: Mimikyu|Swords Dance|p2a: Mimikyu
|-boost|p2a: Mimikyu|atk|2
|move|p1a: Great Tusk|Knock Off|p2a: Mimikyu
|-activate|p2a: Mimikyu|ability: Disguise
|-damage|p2a: Mimikyu|100/100
|-enditem|p2a: Mimikyu|Spell Tag|[from] move: Knock Off|[of] p1a: Great Tusk
|detailschange|p2a: Mimikyu|Mimikyu-Busted, M
|-damage|p2a: Mimikyu|88/100|[from] pokemon: Mimikyu-Busted
|
|-heal|p1a: Great Tusk|57/100|[from] item: Leftovers
|upkeep
|turn|16
|
|t:|1743871624
|-terastallize|p1a: Great Tusk|Steel
|move|p2a: Mimikyu|Play Rough|p1a: Great Tusk
|-resisted|p1a: Great Tusk
|-damage|p1a: Great Tusk|29/100
|move|p1a: Great Tusk|Earthquake|p2a: Mimikyu
|-crit|p2a: Mimikyu
|-damage|p2a: Mimikyu|0 fnt
|faint|p2a: Mimikyu
|
|-heal|p1a: Great Tusk|35/100|[from] item: Leftovers
|upkeep
|-message|Arcaniner52 forfeited.
|
|win|Pedro_Gil_2502
|raw|Pedro_Gil_2502's rating: 1370 &rarr; <strong>1385</strong><br />(+15 for winning)
|raw|Arcaniner52's rating: 1282 &rarr; <strong>1263</strong><br />(-19 for losing)
|l|☆Arcaniner52
|player|p2|
|l|☆Pedro_Gil_2502
|player|p1|
