|j|☆StonedKizaru
|j|☆emaytetehew
|t:|1743862933
|gametype|singles
|player|p1|StonedKizaru|palmer|1420
|player|p2|emaytetehew|2|1465
|teamsize|p1|6
|teamsize|p2|6
|gen|9
|tier|[Gen 9] OU
|rated|
|rule|HP Percentage Mod: HP is shown in percentages
|rule|Endless Battle Clause: Forcing endless battles is banned
|rule|Species Clause: Limit one of each Pokémon
|rule|OHKO Clause: OHKO moves are banned
|rule|Evasion Items Clause: Evasion items are banned
|rule|Evasion Moves Clause: Evasion moves are banned
|rule|Sleep Moves Clause: Sleep-inducing moves are banned
|clearpoke
|poke|p1|Ogerpon-Wellspring, F|
|poke|p1|Dragapult, F|
|poke|p1|Slowking-Galar, F|
|poke|p1|Great Tusk|
|poke|p1|Kingambit, F|
|poke|p1|Corviknight, F|
|poke|p2|Sableye, F|
|poke|p2|Kyurem|
|poke|p2|Azelf|
|poke|p2|Enamorus, F|
|poke|p2|Lucario, M|
|poke|p2|Ceruledge, M|
|teampreview
|
|t:|1743862948
|start
|switch|p1a: Ogerpon|Ogerpon-Wellspring, F|100/100
|switch|p2a: Azelf|Azelf|100/100
|turn|1
|
|t:|1743862962
|move|p2a: Azelf|Stealth Rock|p1a: Ogerpon
|-sidestart|p1: StonedKizaru|move: Stealth Rock
|move|p1a: Ogerpon|Knock Off|p2a: Azelf
|-supereffective|p2a: Azelf
|-enditem|p2a: Azelf|Focus Sash
|-damage|p2a: Azelf|1/100
|
|upkeep
|turn|2
|
|t:|1743862969
|move|p2a: Azelf|Explosion|p1a: Ogerpon
|-damage|p1a: Ogerpon|10/100
|faint|p2a: Azelf
|move|p1a: Ogerpon|Ivy Cudgel|p2: Azelf|[notarget]
|-fail|p1a: Ogerpon
|
|upkeep
|
|t:|1743862983
|switch|p2a: Enamorus|Enamorus, F|100/100
|turn|3
|
|t:|1743862989
|move|p2a: Enamorus|Moonblast|p1a: Ogerpon
|-damage|p1a: Ogerpon|0 fnt
|faint|p1a: Ogerpon
|
|upkeep
|
|t:|1743862992
|switch|p1a: Corviknight|Corviknight, F|100/100
|-damage|p1a: Corviknight|88/100|[from] Stealth Rock
|-ability|p1a: Corviknight|Pressure
|turn|4
|
|t:|1743863001
|switch|p2a: Ceruledge|Ceruledge, M|100/100
|move|p1a: Corviknight|Defog|p2a: Ceruledge
|-unboost|p2a: Ceruledge|evasion|1
|-sideend|p1: StonedKizaru|Stealth Rock|[from] move: Defog|[of] p1a: Corviknight
|
|upkeep
|turn|5
|
|t:|1743863056
|switch|p1a: Great Tusk|Great Tusk|100/100
|move|p2a: Ceruledge|Substitute|p2a: Ceruledge
|-start|p2a: Ceruledge|Substitute
|-damage|p2a: Ceruledge|76/100
|
|upkeep
|turn|6
|
|t:|1743863072
|move|p1a: Great Tusk|Bulk Up|p1a: Great Tusk
|-boost|p1a: Great Tusk|atk|1
|-boost|p1a: Great Tusk|def|1
|move|p2a: Ceruledge|Bitter Blade|p1a: Great Tusk
|-damage|p1a: Great Tusk|80/100
|-heal|p2a: Ceruledge|91/100|[from] drain|[of] p1a: Great Tusk
|
|upkeep
|turn|7
|
|t:|1743863100
|move|p1a: Great Tusk|Bulk Up|p1a: Great Tusk
|-boost|p1a: Great Tusk|atk|1
|-boost|p1a: Great Tusk|def|1
|move|p2a: Ceruledge|Swords Dance|p2a: Ceruledge
|-boost|p2a: Ceruledge|atk|2
|
|upkeep
|turn|8
|
|t:|1743863112
|move|p1a: Great Tusk|Headlong Rush|p2a: Ceruledge
|-supereffective|p2a: Ceruledge
|-end|p2a: Ceruledge|Substitute
|-unboost|p1a: Great Tusk|def|1
|-unboost|p1a: Great Tusk|spd|1
|move|p2a: Ceruledge|Bitter Blade|p1a: Great Tusk
|-damage|p1a: Great Tusk|40/100
|-heal|p2a: Ceruledge|100/100|[from] drain|[of] p1a: Great Tusk
|
|upkeep
|turn|9
|
|t:|1743863122
|switch|p2a: Enamorus|Enamorus, F|100/100
|move|p1a: Great Tusk|Ice Spinner|p2a: Enamorus
|-supereffective|p2a: Enamorus
|-damage|p2a: Enamorus|0 fnt
|faint|p2a: Enamorus
|
|upkeep
|
|t:|1743863131
|switch|p2a: Kyurem|Kyurem|100/100
|-ability|p2a: Kyurem|Pressure
|turn|10
|
|t:|1743863161
|move|p2a: Kyurem|Icicle Spear|p1a: Great Tusk
|-supereffective|p1a: Great Tusk
|-damage|p1a: Great Tusk|28/100
|-supereffective|p1a: Great Tusk
|-damage|p1a: Great Tusk|17/100
|-supereffective|p1a: Great Tusk
|-damage|p1a: Great Tusk|5/100
|-supereffective|p1a: Great Tusk
|-damage|p1a: Great Tusk|0 fnt
|faint|p1a: Great Tusk
|-end|p1a: Great Tusk|Protosynthesis|[silent]
|-hitcount|p1: Great Tusk|4
|
|upkeep
|
|t:|1743863163
|switch|p1a: Dragapult|Dragapult, F|100/100
|turn|11
|
|t:|1743863189
|switch|p2a: Ceruledge|Ceruledge, M|100/100
|move|p1a: Dragapult|Draco Meteor|p2a: Ceruledge
|-damage|p2a: Ceruledge|0 fnt
|-unboost|p1a: Dragapult|spa|2
|faint|p2a: Ceruledge
|
|upkeep
|
|t:|1743863204
|switch|p2a: Sableye|Sableye, F|100/100
|turn|12
|
|t:|1743863216
|switch|p1a: Kingambit|Kingambit, F|100/100
|-activate|p1a: Kingambit|ability: Supreme Overlord
|-start|p1a: Kingambit|fallen2|[silent]
|-item|p1a: Kingambit|Air Balloon
|move|p2a: Sableye|Knock Off|p1a: Kingambit
|-resisted|p1a: Kingambit
|-damage|p1a: Kingambit|89/100
|-enditem|p1a: Kingambit|Air Balloon
|
|upkeep
|turn|13
|
|t:|1743863225
|switch|p2a: Lucario|Lucario, M|100/100
|move|p1a: Kingambit|Iron Head|p2a: Lucario
|-resisted|p2a: Lucario
|-damage|p2a: Lucario|55/100
|
|upkeep
|turn|14
|
|t:|1743863241
|-end|p1a: Kingambit|fallen2|[silent]
|switch|p1a: Corviknight|Corviknight, F|88/100
|-ability|p1a: Corviknight|Pressure
|move|p2a: Lucario|Crunch|p1a: Corviknight
|-damage|p1a: Corviknight|73/100
|-damage|p2a: Lucario|38/100|[from] item: Rocky Helmet|[of] p1a: Corviknight
|
|upkeep
|turn|15
|
|t:|1743863246
|switch|p2a: Sableye|Sableye, F|100/100
|move|p1a: Corviknight|U-turn|p2a: Sableye
|-crit|p2a: Sableye
|-damage|p2a: Sableye|71/100
|
|t:|1743863271
|switch|p1a: Dragapult|Dragapult, F|100/100|[from] U-turn
|
|upkeep
|turn|16
|
|t:|1743863275
|move|p2a: Sableye|Light Screen|p2a: Sableye
|-sidestart|p2: emaytetehew|move: Light Screen
|move|p1a: Dragapult|Draco Meteor|p2a: Sableye
|-damage|p2a: Sableye|18/100
|-unboost|p1a: Dragapult|spa|2
|
|upkeep
|turn|17
|
|t:|1743863281
|switch|p2a: Kyurem|Kyurem|100/100
|-ability|p2a: Kyurem|Pressure
|move|p1a: Dragapult|Draco Meteor|p2a: Kyurem
|-supereffective|p2a: Kyurem
|-damage|p2a: Kyurem|63/100
|-unboost|p1a: Dragapult|spa|2
|
|upkeep
|turn|18
|
|t:|1743863308
|switch|p1a: Slowking|Slowking-Galar, F|100/100
|move|p2a: Kyurem|Dragon Dance|p2a: Kyurem
|-boost|p2a: Kyurem|atk|1
|-boost|p2a: Kyurem|spe|1
|
|upkeep
|turn|19
|
|t:|1743863316
|-terastallize|p2a: Kyurem|Electric
|move|p2a: Kyurem|Dragon Dance|p2a: Kyurem
|-boost|p2a: Kyurem|atk|1
|-boost|p2a: Kyurem|spe|1
|move|p1a: Slowking|Sludge Bomb|p2a: Kyurem
|-damage|p2a: Kyurem|41/100
|
|upkeep
|turn|20
|
|t:|1743863325
|move|p2a: Kyurem|Icicle Spear|p1a: Slowking
|-damage|p1a: Slowking|72/100
|-damage|p1a: Slowking|45/100
|-damage|p1a: Slowking|20/100
|-damage|p1a: Slowking|0 fnt
|faint|p1a: Slowking
|-hitcount|p1: Slowking|4
|
|upkeep
|
|t:|1743863329
|switch|p1a: Kingambit|Kingambit, F|89/100
|-activate|p1a: Kingambit|ability: Supreme Overlord
|-start|p1a: Kingambit|fallen3|[silent]
|turn|21
|
|t:|1743863348
|-terastallize|p1a: Kingambit|Flying
|move|p2a: Kyurem|Tera Blast|p1a: Kingambit|[anim] Tera Blast Electric
|-supereffective|p1a: Kingambit
|-damage|p1a: Kingambit|0 fnt
|faint|p1a: Kingambit
|-end|p1a: Kingambit|fallen3|[silent]
|
|upkeep
|-message|StonedKizaru forfeited.
|
|win|emaytetehew
|raw|StonedKizaru's rating: 1420 &rarr; <strong>1403</strong><br />(-17 for losing)
|raw|emaytetehew's rating: 1465 &rarr; <strong>1482</strong><br />(+17 for winning)
|l|☆StonedKizaru
|player|p1|
|l|☆emaytetehew
|player|p2|
