|j|☆reversetracebaxks
|j|☆TBG_IPLAYSHOWDOWN
|t:|1743799724
|gametype|singles
|player|p1|reversetracebaxks|266|
|player|p2|TBG_IPLAYSHOWDOWN|101|
|teamsize|p1|6
|teamsize|p2|6
|gen|9
|tier|[Gen 9] OU
|rule|HP Percentage Mod: HP is shown in percentages
|rule|Endless Battle Clause: Forcing endless battles is banned
|rule|Species Clause: Limit one of each Pokémon
|rule|OHKO Clause: OHKO moves are banned
|rule|Evasion Items Clause: Evasion items are banned
|rule|Evasion Moves Clause: Evasion moves are banned
|rule|Sleep Moves Clause: Sleep-inducing moves are banned
|clearpoke
|poke|p1|Lokix, M|
|poke|p1|Iron Treads|
|poke|p1|Tornadus-Therian, M|
|poke|p1|Dondozo, M|
|poke|p1|Weezing-Galar, M|
|poke|p1|Kyurem|
|poke|p2|Lokix, M|
|poke|p2|Iron Treads|
|poke|p2|Tornadus-Therian, M|
|poke|p2|Dondozo, F|
|poke|p2|Weezing-Galar, F|
|poke|p2|Kyurem|
|teampreview
|
|t:|1743799728
|start
|switch|p1a: Tornadus|Tornadus-Therian, M, shiny|100/100
|switch|p2a: Lokix|Lokix, M|100/100
|turn|1
|inactive|Battle timer is ON: inactive players will automatically lose when time's up. (requested by TBG_IPLAYSHOWDOWN)
|
|t:|1743799737
|switch|p2a: Kyurem|Kyurem|100/100
|-ability|p2a: Kyurem|Pressure
|switch|p1a: Weezing|Weezing-Galar, M|100/100
|-ability|p1a: Weezing|Neutralizing Gas
|
|upkeep
|turn|2
|
|t:|1743799744
|switch|p2a: Tornadus|Tornadus-Therian, M, shiny|100/100
|move|p1a: Weezing|Will-O-Wisp|p2a: Tornadus
|-status|p2a: Tornadus|brn
|
|-damage|p2a: Tornadus|94/100 brn|[from] brn
|upkeep
|turn|3
|
|t:|1743799756
|move|p2a: Tornadus|Knock Off|p1a: Weezing
|-resisted|p1a: Weezing
|-damage|p1a: Weezing|97/100
|-enditem|p1a: Weezing|Leftovers|[from] move: Knock Off|[of] p2a: Tornadus
|move|p1a: Weezing|Strange Steam|p2a: Tornadus
|-damage|p2a: Tornadus|80/100 brn
|
|-damage|p2a: Tornadus|74/100 brn|[from] brn
|upkeep
|turn|4
|
|t:|1743799762
|move|p2a: Tornadus|Bleakwind Storm|p1a: Weezing
|-damage|p1a: Weezing|42/100
|-unboost|p1a: Weezing|spe|1
|move|p1a: Weezing|Will-O-Wisp|p2a: Tornadus
|-fail|p2a: Tornadus|brn
|
|-damage|p2a: Tornadus|68/100 brn|[from] brn
|upkeep
|turn|5
|
|t:|1743799772
|-end|p1a: Weezing|ability: Neutralizing Gas
|switch|p1a: Tornadus|Tornadus-Therian, M, shiny|100/100
|move|p2a: Tornadus|U-turn|p1a: Tornadus
|-resisted|p1a: Tornadus
|-damage|p1a: Tornadus|96/100
|
|t:|1743799778
|switch|p2a: Kyurem|Kyurem|100/100|[from] U-turn
|-ability|p2a: Kyurem|Pressure
|
|upkeep
|turn|6
|
|t:|1743799784
|switch|p1a: Dondozo|Dondozo, M|100/100
|move|p2a: Kyurem|Scale Shot|p1a: Dondozo
|-damage|p1a: Dondozo|95/100
|-damage|p1a: Dondozo|90/100
|-damage|p1a: Dondozo|84/100
|-damage|p1a: Dondozo|78/100
|-hitcount|p1a: Dondozo|4
|-unboost|p2a: Kyurem|def|1
|-boost|p2a: Kyurem|spe|1
|
|-heal|p1a: Dondozo|84/100|[from] item: Leftovers
|upkeep
|turn|7
|c|☆TBG_IPLAYSHOWDOWN|SHEEESH
|
|t:|1743799801
|switch|p2a: Weezing|Weezing-Galar, F|100/100
|-ability|p2a: Weezing|Neutralizing Gas
|switch|p1a: Weezing|Weezing-Galar, M|42/100
|-ability|p1a: Weezing|Neutralizing Gas
|
|upkeep
|turn|8
|
|t:|1743799808
|switch|p2a: Tornadus|Tornadus-Therian, M, shiny|100/100 brn
|move|p1a: Weezing|Pain Split|p2a: Tornadus
|-sethp|p2a: Tornadus|70/100 brn|[from] move: Pain Split|[silent]
|-sethp|p1a: Weezing|76/100|[from] move: Pain Split
|
|-damage|p2a: Tornadus|64/100 brn|[from] brn
|upkeep
|turn|9
|
|t:|1743799815
|-end|p1a: Weezing|ability: Neutralizing Gas
|switch|p1a: Tornadus|Tornadus-Therian, M, shiny|100/100
|move|p2a: Tornadus|Bleakwind Storm|p1a: Tornadus
|-damage|p1a: Tornadus|82/100
|
|-damage|p2a: Tornadus|58/100 brn|[from] brn
|upkeep
|turn|10
|
|t:|1743799824
|move|p1a: Tornadus|Knock Off|p2a: Tornadus
|-crit|p2a: Tornadus
|-damage|p2a: Tornadus|24/100 brn
|-enditem|p2a: Tornadus|Assault Vest|[from] move: Knock Off|[of] p1a: Tornadus
|move|p2a: Tornadus|U-turn|p1a: Tornadus
|-resisted|p1a: Tornadus
|-damage|p1a: Tornadus|78/100
|
|t:|1743799836
|switch|p2a: Kyurem|Kyurem|100/100|[from] U-turn
|-ability|p2a: Kyurem|Pressure
|
|upkeep
|turn|11
|
|t:|1743799841
|switch|p2a: Lokix|Lokix, M|100/100
|switch|p1a: Dondozo|Dondozo, M|84/100
|
|-heal|p1a: Dondozo|91/100|[from] item: Leftovers
|upkeep
|turn|12
|
|t:|1743799849
|switch|p1a: Weezing|Weezing-Galar, M|76/100
|-ability|p1a: Weezing|Neutralizing Gas
|-terastallize|p2a: Lokix|Bug
|move|p2a: Lokix|U-turn|p1a: Weezing
|-resisted|p1a: Weezing
|-damage|p1a: Weezing|65/100
|
|t:|1743799862
|switch|p2a: Iron Treads|Iron Treads|100/100|[from] U-turn
|
|upkeep
|turn|13
|
|t:|1743799882
|-end|p2a: Iron Treads|Quark Drive|[silent]
|switch|p2a: Tornadus|Tornadus-Therian, M, shiny|57/100 brn
|move|p1a: Weezing|Will-O-Wisp|p2a: Tornadus
|-fail|p2a: Tornadus|brn
|
|-damage|p2a: Tornadus|51/100 brn|[from] brn
|upkeep
|turn|14
|
|t:|1743799890
|-end|p1a: Weezing|ability: Neutralizing Gas
|switch|p1a: Tornadus|Tornadus-Therian, M, shiny|100/100
|move|p2a: Tornadus|Knock Off|p1a: Tornadus
|-damage|p1a: Tornadus|90/100
|-enditem|p1a: Tornadus|Assault Vest|[from] move: Knock Off|[of] p2a: Tornadus
|
|-damage|p2a: Tornadus|45/100 brn|[from] brn
|upkeep
|turn|15
|
|t:|1743799900
|switch|p2a: Weezing|Weezing-Galar, F|100/100
|-ability|p2a: Weezing|Neutralizing Gas
|move|p1a: Tornadus|Knock Off|p2a: Weezing
|-resisted|p2a: Weezing
|-damage|p2a: Weezing|95/100
|-enditem|p2a: Weezing|Leftovers|[from] move: Knock Off|[of] p1a: Tornadus
|
|upkeep
|turn|16
|
|t:|1743799906
|move|p1a: Tornadus|Bleakwind Storm|p2a: Weezing
|-damage|p2a: Weezing|40/100
|move|p2a: Weezing|Will-O-Wisp|p1a: Tornadus
|-status|p1a: Tornadus|brn
|
|-damage|p1a: Tornadus|84/100 brn|[from] brn
|upkeep
|turn|17
|
|t:|1743799914
|-end|p2a: Weezing|ability: Neutralizing Gas
|switch|p2a: Tornadus|Tornadus-Therian, M, shiny|78/100 brn
|move|p1a: Tornadus|Bleakwind Storm|p2a: Tornadus
|-damage|p2a: Tornadus|53/100 brn
|
|-damage|p1a: Tornadus|78/100 brn|[from] brn
|-damage|p2a: Tornadus|47/100 brn|[from] brn
|upkeep
|turn|18
|
|t:|1743799925
|move|p2a: Tornadus|U-turn|p1a: Tornadus
|-resisted|p1a: Tornadus
|-damage|p1a: Tornadus|74/100 brn
|
|t:|1743799928
|switch|p2a: Kyurem|Kyurem|100/100|[from] U-turn
|-ability|p2a: Kyurem|Pressure
|move|p1a: Tornadus|Bleakwind Storm|p2a: Kyurem
|-damage|p2a: Kyurem|69/100
|
|-damage|p1a: Tornadus|68/100 brn|[from] brn
|upkeep
|turn|19
|
|t:|1743799940
|switch|p1a: Dondozo|Dondozo, M|91/100
|move|p2a: Kyurem|Icicle Spear|p1a: Dondozo
|-resisted|p1a: Dondozo
|-damage|p1a: Dondozo|88/100
|-resisted|p1a: Dondozo
|-damage|p1a: Dondozo|85/100
|-resisted|p1a: Dondozo
|-damage|p1a: Dondozo|82/100
|-resisted|p1a: Dondozo
|-damage|p1a: Dondozo|79/100
|-hitcount|p1a: Dondozo|4
|
|-heal|p1a: Dondozo|85/100|[from] item: Leftovers
|upkeep
|turn|20
|
|t:|1743799962
|switch|p2a: Weezing|Weezing-Galar, F|40/100
|-ability|p2a: Weezing|Neutralizing Gas
|switch|p1a: Iron Treads|Iron Treads|100/100
|
|upkeep
|turn|21
|
|t:|1743799969
|move|p1a: Iron Treads|Earthquake|p2a: Weezing
|-supereffective|p2a: Weezing
|-damage|p2a: Weezing|0 fnt
|faint|p2a: Weezing
|-end|p2a: Weezing|ability: Neutralizing Gas
|
|upkeep
|c|☆TBG_IPLAYSHOWDOWN|WHY AM I SO SLOW
|
|t:|1743799980
|switch|p2a: Lokix|Lokix, M, tera:Bug|100/100
|turn|22
|
|t:|1743799982
|-end|p1a: Iron Treads|Quark Drive|[silent]
|switch|p1a: Weezing|Weezing-Galar, M|65/100
|-ability|p1a: Weezing|Neutralizing Gas
|move|p2a: Lokix|Knock Off|p1a: Weezing
|-resisted|p1a: Weezing
|-damage|p1a: Weezing|50/100
|
|upkeep
|turn|23
|
|t:|1743799994
|switch|p2a: Iron Treads|Iron Treads|100/100
|move|p1a: Weezing|Pain Split|p2a: Iron Treads
|-sethp|p2a: Iron Treads|72/100|[from] move: Pain Split|[silent]
|-sethp|p1a: Weezing|83/100|[from] move: Pain Split
|
|-heal|p2a: Iron Treads|78/100|[from] item: Leftovers
|upkeep
|turn|24
|
|t:|1743800003
|move|p2a: Iron Treads|Stealth Rock|p1a: Weezing
|-sidestart|p1: reversetracebaxks|move: Stealth Rock
|move|p1a: Weezing|Will-O-Wisp|p2a: Iron Treads|[miss]
|-miss|p1a: Weezing|p2a: Iron Treads
|
|-heal|p2a: Iron Treads|84/100|[from] item: Leftovers
|upkeep
|turn|25
|c|☆reversetracebaxks|Bro this needs to stop
|
|t:|1743800018
|move|p2a: Iron Treads|Earthquake|p1a: Weezing
|-supereffective|p1a: Weezing
|-damage|p1a: Weezing|29/100
|move|p1a: Weezing|Will-O-Wisp|p2a: Iron Treads
|-status|p2a: Iron Treads|brn
|
|-heal|p2a: Iron Treads|91/100 brn|[from] item: Leftovers
|-damage|p2a: Iron Treads|84/100 brn|[from] brn
|upkeep
|turn|26
|c|☆TBG_IPLAYSHOWDOWN|sigh
|
|t:|1743800030
|move|p2a: Iron Treads|Earthquake|p1a: Weezing
|-supereffective|p1a: Weezing
|-damage|p1a: Weezing|3/100
|move|p1a: Weezing|Pain Split|p2a: Iron Treads
|-sethp|p2a: Iron Treads|43/100 brn|[from] move: Pain Split|[silent]
|-sethp|p1a: Weezing|50/100|[from] move: Pain Split
|
|-heal|p2a: Iron Treads|49/100 brn|[from] item: Leftovers
|-damage|p2a: Iron Treads|43/100 brn|[from] brn
|upkeep
|turn|27
|c|☆TBG_IPLAYSHOWDOWN|aint no way
|
|t:|1743800043
|-end|p1a: Weezing|ability: Neutralizing Gas
|switch|p1a: Dondozo|Dondozo, M|85/100
|-damage|p1a: Dondozo|73/100|[from] Stealth Rock
|move|p2a: Iron Treads|Earthquake|p1a: Dondozo
|-damage|p1a: Dondozo|65/100
|
|-heal|p2a: Iron Treads|49/100 brn|[from] item: Leftovers
|-heal|p1a: Dondozo|71/100|[from] item: Leftovers
|-damage|p2a: Iron Treads|43/100 brn|[from] brn
|upkeep
|turn|28
|
|t:|1743800056
|-end|p2a: Iron Treads|Quark Drive|[silent]
|switch|p2a: Dondozo|Dondozo, F|100/100
|move|p1a: Dondozo|Body Press|p2a: Dondozo
|-damage|p2a: Dondozo|89/100
|
|-heal|p2a: Dondozo|95/100|[from] item: Leftovers
|-heal|p1a: Dondozo|77/100|[from] item: Leftovers
|upkeep
|turn|29
|
|t:|1743800062
|switch|p1a: Weezing|Weezing-Galar, M|50/100
|-ability|p1a: Weezing|Neutralizing Gas
|-damage|p1a: Weezing|37/100|[from] Stealth Rock
|move|p2a: Dondozo|Body Press|p1a: Weezing
|-resisted|p1a: Weezing
|-damage|p1a: Weezing|33/100
|
|-heal|p2a: Dondozo|100/100|[from] item: Leftovers
|upkeep
|turn|30
|
|t:|1743800072
|move|p1a: Weezing|Pain Split|p2a: Dondozo
|-sethp|p2a: Dondozo|61/100|[from] move: Pain Split|[silent]
|-sethp|p1a: Weezing|92/100|[from] move: Pain Split
|move|p2a: Dondozo|Wave Crash|p1a: Weezing
|-damage|p1a: Weezing|65/100
|-damage|p2a: Dondozo|55/100|[from] Recoil
|
|-heal|p2a: Dondozo|61/100|[from] item: Leftovers
|upkeep
|turn|31
|c|☆TBG_IPLAYSHOWDOWN|??
|c|☆TBG_IPLAYSHOWDOWN|i didnt know how much weezing actually does
|inactive|TBG_IPLAYSHOWDOWN has 270 seconds left.
|c|☆reversetracebaxks|It's just pain split
|
|t:|1743800110
|switch|p2a: Tornadus|Tornadus-Therian, M, shiny|80/100 brn
|move|p1a: Weezing|Defog|p2a: Tornadus
|-unboost|p2a: Tornadus|evasion|1
|-sideend|p1: reversetracebaxks|Stealth Rock|[from] move: Defog|[of] p1a: Weezing
|
|-damage|p2a: Tornadus|74/100 brn|[from] brn
|upkeep
|turn|32
|c|☆reversetracebaxks|It's not a damaging move
|
|t:|1743800115
|-end|p1a: Weezing|ability: Neutralizing Gas
|switch|p1a: Tornadus|Tornadus-Therian, M, shiny|100/100 brn
|move|p2a: Tornadus|Bleakwind Storm|p1a: Tornadus
|-damage|p1a: Tornadus|74/100 brn
|
|-damage|p2a: Tornadus|68/100 brn|[from] brn
|-damage|p1a: Tornadus|68/100 brn|[from] brn
|upkeep
|turn|33
|c|☆TBG_IPLAYSHOWDOWN|# i am getting cooked
|
|t:|1743800124
|move|p1a: Tornadus|U-turn|p2a: Tornadus
|-resisted|p2a: Tornadus
|-damage|p2a: Tornadus|63/100 brn
|
|t:|1743800127
|switch|p1a: Iron Treads|Iron Treads|100/100|[from] U-turn
|move|p2a: Tornadus|Bleakwind Storm|p1a: Iron Treads
|-resisted|p1a: Iron Treads
|-damage|p1a: Iron Treads|85/100
|-unboost|p1a: Iron Treads|spe|1
|
|-heal|p1a: Iron Treads|91/100|[from] item: Leftovers
|-damage|p2a: Tornadus|57/100 brn|[from] brn
|upkeep
|turn|34
|
|t:|1743800133
|move|p2a: Tornadus|Heat Wave|p1a: Iron Treads
|-supereffective|p1a: Iron Treads
|-damage|p1a: Iron Treads|54/100
|move|p1a: Iron Treads|Stealth Rock|p2a: Tornadus
|-sidestart|p2: TBG_IPLAYSHOWDOWN|move: Stealth Rock
|
|-heal|p1a: Iron Treads|60/100|[from] item: Leftovers
|-damage|p2a: Tornadus|51/100 brn|[from] brn
|upkeep
|turn|35
|
|t:|1743800139
|-end|p1a: Iron Treads|Quark Drive|[silent]
|switch|p1a: Tornadus|Tornadus-Therian, M, shiny|100/100 brn
|move|p2a: Tornadus|Knock Off|p1a: Tornadus
|-damage|p1a: Tornadus|93/100 brn
|
|-damage|p2a: Tornadus|45/100 brn|[from] brn
|-damage|p1a: Tornadus|87/100 brn|[from] brn
|upkeep
|turn|36
|
|t:|1743800153
|move|p1a: Tornadus|Bleakwind Storm|p2a: Tornadus
|-damage|p2a: Tornadus|20/100 brn
|move|p2a: Tornadus|U-turn|p1a: Tornadus
|-resisted|p1a: Tornadus
|-damage|p1a: Tornadus|83/100 brn
|
|t:|1743800156
|switch|p2a: Kyurem|Kyurem|69/100|[from] U-turn
|-damage|p2a: Kyurem|44/100|[from] Stealth Rock
|-ability|p2a: Kyurem|Pressure
|
|-damage|p1a: Tornadus|77/100 brn|[from] brn
|upkeep
|turn|37
|
|t:|1743800159
|switch|p1a: Dondozo|Dondozo, M|77/100
|move|p2a: Kyurem|Dragon Dance|p2a: Kyurem
|-boost|p2a: Kyurem|atk|1
|-boost|p2a: Kyurem|spe|1
|
|-heal|p1a: Dondozo|83/100|[from] item: Leftovers
|upkeep
|turn|38
|
|t:|1743800165
|move|p2a: Kyurem|Scale Shot|p1a: Dondozo
|-damage|p1a: Dondozo|77/100
|-damage|p1a: Dondozo|72/100
|-crit|p1a: Dondozo
|-damage|p1a: Dondozo|63/100
|-damage|p1a: Dondozo|56/100
|-damage|p1a: Dondozo|50/100
|-hitcount|p1a: Dondozo|5
|-unboost|p2a: Kyurem|def|1
|-boost|p2a: Kyurem|spe|1
|move|p1a: Dondozo|Body Press|p2a: Kyurem
|-supereffective|p2a: Kyurem
|-damage|p2a: Kyurem|0 fnt
|faint|p2a: Kyurem
|
|-heal|p1a: Dondozo|57/100|[from] item: Leftovers
|upkeep
|
|t:|1743800169
|switch|p2a: Lokix|Lokix, M, tera:Bug|100/100
|-damage|p2a: Lokix|76/100|[from] Stealth Rock
|turn|39
|
|t:|1743800177
|move|p2a: Lokix|Leech Life|p1a: Dondozo
|-damage|p1a: Dondozo|22/100
|-heal|p2a: Lokix|100/100|[from] drain|[of] p1a: Dondozo
|move|p1a: Dondozo|Wave Crash|p2a: Lokix
|-damage|p2a: Lokix|41/100
|-damage|p1a: Dondozo|11/100|[from] Recoil
|
|-heal|p1a: Dondozo|17/100|[from] item: Leftovers
|upkeep
|turn|40
|
|t:|1743800184
|switch|p1a: Weezing|Weezing-Galar, M|65/100
|-ability|p1a: Weezing|Neutralizing Gas
|move|p2a: Lokix|Leech Life|p1a: Weezing
|-resisted|p1a: Weezing
|-damage|p1a: Weezing|53/100
|-heal|p2a: Lokix|48/100|[from] drain|[of] p1a: Weezing
|
|upkeep
|turn|41
|
|t:|1743800192
|move|p2a: Lokix|Leech Life|p1a: Weezing
|-resisted|p1a: Weezing
|-damage|p1a: Weezing|42/100
|-heal|p2a: Lokix|55/100|[from] drain|[of] p1a: Weezing
|move|p1a: Weezing|Strange Steam|p2a: Lokix
|-damage|p2a: Lokix|0 fnt
|faint|p2a: Lokix
|
|upkeep
|
|t:|1743800200
|switch|p2a: Tornadus|Tornadus-Therian, M, shiny|53/100 brn
|-damage|p2a: Tornadus|28/100 brn|[from] Stealth Rock
|turn|42
|
|t:|1743800205
|-end|p1a: Weezing|ability: Neutralizing Gas
|switch|p1a: Tornadus|Tornadus-Therian, M, shiny|100/100 brn
|move|p2a: Tornadus|Bleakwind Storm|p1a: Tornadus
|-damage|p1a: Tornadus|72/100 brn
|
|-damage|p2a: Tornadus|22/100 brn|[from] brn
|-damage|p1a: Tornadus|66/100 brn|[from] brn
|upkeep
|turn|43
|
|t:|1743800217
|move|p1a: Tornadus|Bleakwind Storm|p2a: Tornadus|[miss]
|-miss|p1a: Tornadus|p2a: Tornadus
|move|p2a: Tornadus|Bleakwind Storm|p1a: Tornadus|[miss]
|-miss|p2a: Tornadus|p1a: Tornadus
|
|-damage|p1a: Tornadus|60/100 brn|[from] brn
|-damage|p2a: Tornadus|16/100 brn|[from] brn
|upkeep
|turn|44
|c|☆TBG_IPLAYSHOWDOWN|# mY B FOR DOUBTING U MASTER
|
|t:|1743800226
|move|p2a: Tornadus|Bleakwind Storm|p1a: Tornadus
|-damage|p1a: Tornadus|31/100 brn
|-unboost|p1a: Tornadus|spe|1
|move|p1a: Tornadus|Bleakwind Storm|p2a: Tornadus|[miss]
|-miss|p1a: Tornadus|p2a: Tornadus
|
|-damage|p2a: Tornadus|10/100 brn|[from] brn
|-damage|p1a: Tornadus|25/100 brn|[from] brn
|upkeep
|turn|45
|
|t:|1743800234
|switch|p1a: Kyurem|Kyurem|100/100
|-ability|p1a: Kyurem|Pressure
|move|p2a: Tornadus|Bleakwind Storm|p1a: Kyurem|[miss]
|-miss|p2a: Tornadus|p1a: Kyurem
|
|-damage|p2a: Tornadus|4/100 brn|[from] brn
|upkeep
|turn|46
|
|t:|1743800240
|move|p1a: Kyurem|Substitute|p1a: Kyurem
|-start|p1a: Kyurem|Substitute
|-damage|p1a: Kyurem|75/100
|move|p2a: Tornadus|Heat Wave|p1a: Kyurem
|-activate|p1a: Kyurem|move: Substitute|[damage]
|
|-heal|p1a: Kyurem|82/100|[from] item: Leftovers
|-damage|p2a: Tornadus|0 fnt|[from] brn
|faint|p2a: Tornadus
|upkeep
|
|t:|1743800246
|switch|p2a: Dondozo|Dondozo, F|61/100
|-damage|p2a: Dondozo|49/100|[from] Stealth Rock
|turn|47
|
|t:|1743800249
|move|p1a: Kyurem|Freeze-Dry|p2a: Dondozo
|-supereffective|p2a: Dondozo
|-damage|p2a: Dondozo|0 fnt
|faint|p2a: Dondozo
|
|-heal|p1a: Kyurem|88/100|[from] item: Leftovers
|upkeep
|
|t:|1743800253
|switch|p2a: Iron Treads|Iron Treads|43/100 brn
|-damage|p2a: Iron Treads|40/100 brn|[from] Stealth Rock
|turn|48
|
|t:|1743800256
|move|p1a: Kyurem|Protect|p1a: Kyurem
|-singleturn|p1a: Kyurem|Protect
|move|p2a: Iron Treads|Earthquake|p1a: Kyurem
|-activate|p1a: Kyurem|move: Protect
|
|-heal|p1a: Kyurem|94/100|[from] item: Leftovers
|-heal|p2a: Iron Treads|46/100 brn|[from] item: Leftovers
|-damage|p2a: Iron Treads|40/100 brn|[from] brn
|upkeep
|turn|49
|
|t:|1743800260
|move|p1a: Kyurem|Earth Power|p2a: Iron Treads
|-supereffective|p2a: Iron Treads
|-damage|p2a: Iron Treads|0 fnt
|faint|p2a: Iron Treads
|-end|p2a: Iron Treads|Quark Drive|[silent]
|
|win|reversetracebaxks
