|j|☆lolcano46
|j|☆joasduwad
|t:|1743871016
|gametype|singles
|player|p1|lolcano46|fisherman-gen4|1543
|player|p2|joasduwad|266|1507
|teamsize|p1|6
|teamsize|p2|6
|gen|9
|tier|[Gen 9] OU
|rated|
|rule|HP Percentage Mod: HP is shown in percentages
|rule|Endless Battle Clause: Forcing endless battles is banned
|rule|Species Clause: Limit one of each Pokémon
|rule|OHKO Clause: OHKO moves are banned
|rule|Evasion Items Clause: Evasion items are banned
|rule|Evasion Moves Clause: Evasion moves are banned
|rule|Sleep Moves Clause: Sleep-inducing moves are banned
|clearpoke
|poke|p1|Azelf|
|poke|p1|Ogerpon-Wellspring, F|
|poke|p1|Scizor, M|
|poke|p1|Gengar, M|
|poke|p1|Raging Bolt|
|poke|p1|Cinderace, M|
|poke|p2|Garganacl, M|
|poke|p2|Weezing-Galar, F|
|poke|p2|Corviknight, M|
|poke|p2|Dragapult, M|
|poke|p2|Slowking-Galar, M|
|poke|p2|Samurott-Hisui, F|
|teampreview
|inactive|Battle timer is ON: inactive players will automatically lose when time's up. (requested by lolcano46)
|
|t:|1743871022
|start
|switch|p1a: Cinderace|Cinderace, M|100/100
|switch|p2a: Acupuncturist|Samurott-Hisui, F|100/100
|turn|1
|
|t:|1743871029
|move|p1a: Cinderace|Sucker Punch|p2a: Acupuncturist
|-start|p1a: Cinderace|typechange|Dark|[from] ability: Libero
|-resisted|p2a: Acupuncturist
|-damage|p2a: Acupuncturist|80/100
|move|p2a: Acupuncturist|Razor Shell|p1a: Cinderace
|-damage|p1a: Cinderace|32/100
|
|upkeep
|turn|2
|
|t:|1743871037
|switch|p2a: Specialist|Dragapult, M|100/100
|move|p1a: Cinderace|U-turn|p2a: Specialist
|-resisted|p2a: Specialist
|-damage|p2a: Specialist|86/100
|
|t:|1743871042
|switch|p1a: Gengar|Gengar, M|100/100|[from] U-turn
|
|upkeep
|turn|3
|
|t:|1743871050
|switch|p2a: Dr. Garg|Garganacl, M|100/100
|move|p1a: Gengar|Shadow Ball|p2a: Dr. Garg
|-damage|p2a: Dr. Garg|86/100
|
|-heal|p2a: Dr. Garg|92/100|[from] item: Leftovers
|upkeep
|turn|4
|
|t:|1743871055
|switch|p1a: Cinderace|Cinderace, M|32/100
|move|p2a: Dr. Garg|Stealth Rock|p1a: Cinderace
|-sidestart|p1: lolcano46|move: Stealth Rock
|
|-heal|p2a: Dr. Garg|99/100|[from] item: Leftovers
|upkeep
|turn|5
|
|t:|1743871062
|move|p1a: Cinderace|Court Change|p1a: Cinderace
|-start|p1a: Cinderace|typechange|Normal|[from] ability: Libero
|-swapsideconditions
|-activate|p1a: Cinderace|move: Court Change
|move|p2a: Dr. Garg|Salt Cure|p1a: Cinderace
|-damage|p1a: Cinderace|11/100
|-start|p1a: Cinderace|Salt Cure
|
|-heal|p2a: Dr. Garg|100/100|[from] item: Leftovers
|-damage|p1a: Cinderace|0 fnt|[from] Salt Cure
|faint|p1a: Cinderace
|upkeep
|
|t:|1743871068
|switch|p1a: Gengar|Gengar, M|100/100
|turn|6
|
|t:|1743871070
|move|p2a: Dr. Garg|Protect|p2a: Dr. Garg
|-singleturn|p2a: Dr. Garg|Protect
|move|p1a: Gengar|Trick|p2a: Dr. Garg
|-activate|p2a: Dr. Garg|move: Protect
|
|upkeep
|turn|7
|
|t:|1743871081
|switch|p1a: Azelf|Azelf|100/100
|switch|p2a: Acupuncturist|Samurott-Hisui, F|80/100
|-damage|p2a: Acupuncturist|67/100|[from] Stealth Rock
|
|upkeep
|turn|8
|
|t:|1743871087
|-terastallize|p1a: Azelf|Fairy
|move|p2a: Acupuncturist|Ceaseless Edge|p1a: Azelf
|-resisted|p1a: Azelf
|-damage|p1a: Azelf|64/100
|-sidestart|p1: lolcano46|Spikes
|move|p1a: Azelf|Dazzling Gleam|p2a: Acupuncturist
|-supereffective|p2a: Acupuncturist
|-damage|p2a: Acupuncturist|0 fnt
|faint|p2a: Acupuncturist
|
|upkeep
|
|t:|1743871096
|switch|p2a: Dr. Garg|Garganacl, M|100/100
|-damage|p2a: Dr. Garg|88/100|[from] Stealth Rock
|turn|9
|
|t:|1743871101
|move|p2a: Dr. Garg|Protect|p2a: Dr. Garg
|-singleturn|p2a: Dr. Garg|Protect
|move|p1a: Azelf|Psychic|p2a: Dr. Garg
|-activate|p2a: Dr. Garg|move: Protect
|
|-heal|p2a: Dr. Garg|94/100|[from] item: Leftovers
|upkeep
|turn|10
|
|t:|1743871104
|move|p1a: Azelf|Psychic|p2a: Dr. Garg
|-damage|p2a: Dr. Garg|62/100
|move|p2a: Dr. Garg|Salt Cure|p1a: Azelf
|-damage|p1a: Azelf|43/100
|-start|p1a: Azelf|Salt Cure
|
|-heal|p2a: Dr. Garg|69/100|[from] item: Leftovers
|-damage|p1a: Azelf|31/100|[from] Salt Cure
|upkeep
|turn|11
|
|t:|1743871109
|move|p1a: Azelf|Dazzling Gleam|p2a: Dr. Garg
|-damage|p2a: Dr. Garg|39/100
|move|p2a: Dr. Garg|Recover|p2a: Dr. Garg
|-heal|p2a: Dr. Garg|89/100
|
|-heal|p2a: Dr. Garg|96/100|[from] item: Leftovers
|-damage|p1a: Azelf|19/100|[from] Salt Cure
|upkeep
|turn|12
|
|t:|1743871115
|move|p1a: Azelf|Dazzling Gleam|p2a: Dr. Garg
|-damage|p2a: Dr. Garg|69/100
|move|p2a: Dr. Garg|Stealth Rock|p1a: Azelf
|-sidestart|p1: lolcano46|move: Stealth Rock
|
|-heal|p2a: Dr. Garg|75/100|[from] item: Leftovers
|-damage|p1a: Azelf|6/100|[from] Salt Cure
|upkeep
|turn|13
|
|t:|1743871124
|switch|p1a: Ogerpon|Ogerpon-Wellspring, F|100/100
|-damage|p1a: Ogerpon|88/100|[from] Spikes
|-damage|p1a: Ogerpon|76/100|[from] Stealth Rock
|move|p2a: Dr. Garg|Recover|p2a: Dr. Garg
|-heal|p2a: Dr. Garg|100/100
|
|upkeep
|turn|14
|
|t:|1743871132
|move|p1a: Ogerpon|Horn Leech|p2a: Dr. Garg
|-supereffective|p2a: Dr. Garg
|-damage|p2a: Dr. Garg|47/100
|-heal|p1a: Ogerpon|100/100|[from] drain|[of] p2a: Dr. Garg
|move|p2a: Dr. Garg|Salt Cure|p1a: Ogerpon
|-damage|p1a: Ogerpon|82/100
|-start|p1a: Ogerpon|Salt Cure
|
|-heal|p2a: Dr. Garg|53/100|[from] item: Leftovers
|-damage|p1a: Ogerpon|57/100|[from] Salt Cure
|upkeep
|turn|15
|
|t:|1743871138
|move|p2a: Dr. Garg|Protect|p2a: Dr. Garg
|-singleturn|p2a: Dr. Garg|Protect
|move|p1a: Ogerpon|Swords Dance|p1a: Ogerpon
|-boost|p1a: Ogerpon|atk|2
|
|-heal|p2a: Dr. Garg|59/100|[from] item: Leftovers
|-damage|p1a: Ogerpon|32/100|[from] Salt Cure
|upkeep
|turn|16
|
|t:|1743871150
|switch|p2a: Nurse|Weezing-Galar, F|100/100
|-ability|p2a: Nurse|Neutralizing Gas
|-damage|p2a: Nurse|88/100|[from] Stealth Rock
|move|p1a: Ogerpon|Horn Leech|p2a: Nurse
|-resisted|p2a: Nurse
|-damage|p2a: Nurse|58/100
|-heal|p1a: Ogerpon|49/100|[from] drain|[of] p2a: Nurse
|
|-heal|p2a: Nurse|64/100|[from] item: Black Sludge
|-damage|p1a: Ogerpon|24/100|[from] Salt Cure
|upkeep
|turn|17
|
|t:|1743871162
|move|p1a: Ogerpon|Ivy Cudgel|p2a: Nurse|[anim] Ivy Cudgel Water
|-damage|p2a: Nurse|0 fnt
|faint|p2a: Nurse
|-end|p2a: Nurse|ability: Neutralizing Gas
|
|-damage|p1a: Ogerpon|0 fnt|[from] Salt Cure
|faint|p1a: Ogerpon
|upkeep
|
|t:|1743871179
|switch|p1a: Scizor|Scizor, M|100/100
|switch|p2a: Dr. Garg|Garganacl, M|59/100
|-damage|p1a: Scizor|88/100|[from] Spikes
|-damage|p1a: Scizor|76/100|[from] Stealth Rock
|-damage|p2a: Dr. Garg|47/100|[from] Stealth Rock
|turn|18
|
|t:|1743871186
|switch|p2a: Plague Doctor|Corviknight, M|100/100
|-damage|p2a: Plague Doctor|88/100|[from] Stealth Rock
|-ability|p2a: Plague Doctor|Pressure
|move|p1a: Scizor|Swords Dance|p1a: Scizor
|-boost|p1a: Scizor|atk|2
|
|upkeep
|turn|19
|
|t:|1743871193
|move|p1a: Scizor|Knock Off|p2a: Plague Doctor
|-damage|p2a: Plague Doctor|43/100
|-damage|p1a: Scizor|60/100|[from] item: Rocky Helmet|[of] p2a: Plague Doctor
|-enditem|p2a: Plague Doctor|Rocky Helmet|[from] move: Knock Off|[of] p1a: Scizor
|move|p2a: Plague Doctor|Iron Defense|p2a: Plague Doctor
|-boost|p2a: Plague Doctor|def|2
|
|upkeep
|turn|20
|
|t:|1743871200
|switch|p1a: Raging Bolt|Raging Bolt|100/100
|-damage|p1a: Raging Bolt|88/100|[from] Spikes
|-damage|p1a: Raging Bolt|75/100|[from] Stealth Rock
|-enditem|p1a: Raging Bolt|Booster Energy
|-activate|p1a: Raging Bolt|ability: Protosynthesis|[fromitem]
|-start|p1a: Raging Bolt|protosynthesisspa
|move|p2a: Plague Doctor|Roost|p2a: Plague Doctor
|-heal|p2a: Plague Doctor|93/100
|-singleturn|p2a: Plague Doctor|move: Roost
|
|upkeep
|turn|21
|
|t:|1743871212
|switch|p2a: Trudeau-king|Slowking-Galar, M|100/100
|-damage|p2a: Trudeau-king|88/100|[from] Stealth Rock
|move|p1a: Raging Bolt|Thunderbolt|p2a: Trudeau-king
|-damage|p2a: Trudeau-king|60/100
|
|upkeep
|turn|22
|
|t:|1743871218
|move|p1a: Raging Bolt|Calm Mind|p1a: Raging Bolt
|-boost|p1a: Raging Bolt|spa|1
|-boost|p1a: Raging Bolt|spd|1
|move|p2a: Trudeau-king|Future Sight|p1a: Raging Bolt
|-start|p2a: Trudeau-king|move: Future Sight
|
|upkeep
|turn|23
|
|t:|1743871223
|move|p1a: Raging Bolt|Thunderbolt|p2a: Trudeau-king
|-damage|p2a: Trudeau-king|17/100
|move|p2a: Trudeau-king|Psychic Noise|p1a: Raging Bolt
|-damage|p1a: Raging Bolt|55/100
|-start|p1a: Raging Bolt|move: Heal Block
|
|upkeep
|turn|24
|
|t:|1743871230
|move|p1a: Raging Bolt|Dragon Pulse|p2a: Trudeau-king
|-damage|p2a: Trudeau-king|0 fnt
|faint|p2a: Trudeau-king
|
|-end|p1a: Raging Bolt|move: Future Sight
|-damage|p1a: Raging Bolt|22/100
|-end|p1a: Raging Bolt|move: Heal Block
|upkeep
|
|t:|1743871236
|switch|p2a: Specialist|Dragapult, M|86/100
|turn|25
|
|t:|1743871240
|move|p1a: Raging Bolt|Thunderclap|p2a: Specialist
|-resisted|p2a: Specialist
|-damage|p2a: Specialist|19/100
|move|p2a: Specialist|Dragon Darts|p1a: Raging Bolt
|-supereffective|p1a: Raging Bolt
|-damage|p1a: Raging Bolt|0 fnt
|faint|p1a: Raging Bolt
|-end|p1a: Raging Bolt|Protosynthesis|[silent]
|
|upkeep
|
|t:|1743871248
|switch|p1a: Azelf|Azelf, tera:Fairy|6/100
|-damage|p1a: Azelf|0 fnt|[from] Stealth Rock
|faint|p1a: Azelf
|
|t:|1743871252
|switch|p1a: Scizor|Scizor, M|60/100
|-damage|p1a: Scizor|47/100|[from] Spikes
|-damage|p1a: Scizor|35/100|[from] Stealth Rock
|turn|26
|
|t:|1743871260
|switch|p2a: Plague Doctor|Corviknight, M|93/100
|-damage|p2a: Plague Doctor|81/100|[from] Stealth Rock
|-ability|p2a: Plague Doctor|Pressure
|move|p1a: Scizor|Swords Dance|p1a: Scizor
|-boost|p1a: Scizor|atk|2
|
|upkeep
|turn|27
|
|t:|1743871267
|move|p1a: Scizor|Close Combat|p2a: Plague Doctor
|-damage|p2a: Plague Doctor|24/100
|-unboost|p1a: Scizor|def|1
|-unboost|p1a: Scizor|spd|1
|move|p2a: Plague Doctor|Brave Bird|p1a: Scizor
|-damage|p1a: Scizor|0 fnt
|faint|p1a: Scizor
|-damage|p2a: Plague Doctor|15/100|[from] Recoil
|
|upkeep
|
|t:|1743871277
|switch|p1a: Gengar|Gengar, M|100/100
|-damage|p1a: Gengar|88/100|[from] Spikes
|-damage|p1a: Gengar|76/100|[from] Stealth Rock
|turn|28
|
|t:|1743871284
|move|p1a: Gengar|Shadow Ball|p2a: Plague Doctor
|-damage|p2a: Plague Doctor|0 fnt
|faint|p2a: Plague Doctor
|
|upkeep
|
|t:|1743871287
|switch|p2a: Dr. Garg|Garganacl, M|47/100
|-damage|p2a: Dr. Garg|35/100|[from] Stealth Rock
|turn|29
|
|t:|1743871291
|move|p1a: Gengar|Shadow Ball|p2a: Dr. Garg
|-damage|p2a: Dr. Garg|20/100
|move|p2a: Dr. Garg|Recover|p2a: Dr. Garg
|-heal|p2a: Dr. Garg|70/100
|
|-heal|p2a: Dr. Garg|76/100|[from] item: Leftovers
|upkeep
|turn|30
|-message|lolcano46 forfeited.
|
|win|joasduwad
|raw|lolcano46's rating: 1543 &rarr; <strong>1521</strong><br />(-22 for losing)
|raw|joasduwad's rating: 1507 &rarr; <strong>1529</strong><br />(+22 for winning)
|l|☆lolcano46
|player|p1|
|l| joasduwad
