|j|☆Tob1
|j|☆ARV66
|t:|1743911754
|gametype|singles
|player|p1|Tob1|shadowtriad|1098
|player|p2|ARV66|chuck|1155
|teamsize|p1|6
|teamsize|p2|6
|gen|9
|tier|[Gen 9] OU
|rated|
|rule|HP Percentage Mod: HP is shown in percentages
|rule|Endless Battle Clause: Forcing endless battles is banned
|rule|Species Clause: Limit one of each Pokémon
|rule|OHKO Clause: OHKO moves are banned
|rule|Evasion Items Clause: Evasion items are banned
|rule|Evasion Moves Clause: Evasion moves are banned
|rule|Sleep Moves Clause: Sleep-inducing moves are banned
|clearpoke
|poke|p1|Weavile, M|
|poke|p1|Dragapult, F|
|poke|p1|Galvantula, M|
|poke|p1|Garganacl, M|
|poke|p1|Tinkaton, F|
|poke|p1|Rillaboom, F|
|poke|p2|Ogerpon-Cornerstone, F|
|poke|p2|Mimikyu, F|
|poke|p2|Garganacl, M|
|poke|p2|Glimmora, M|
|poke|p2|Munkidori, M|
|poke|p2|Maushold|
|teampreview
|
|t:|1743911761
|start
|switch|p1a: Galvantula|Galvantula, M|100/100
|switch|p2a: Glimmora|Glimmora, M, shiny|100/100
|turn|1
|
|t:|1743911769
|move|p1a: Galvantula|Thunder Wave|p2a: Glimmora
|-status|p2a: Glimmora|par
|cant|p2a: Glimmora|par
|
|upkeep
|turn|2
|
|t:|1743911775
|move|p1a: Galvantula|Sticky Web|p2a: Glimmora
|-sidestart|p2: ARV66|move: Sticky Web
|move|p2a: Glimmora|Power Gem|p1a: Galvantula
|-supereffective|p1a: Galvantula
|-enditem|p1a: Galvantula|Focus Sash
|-damage|p1a: Galvantula|1/100
|
|upkeep
|turn|3
|
|t:|1743911787
|move|p1a: Galvantula|Thunderbolt|p2a: Glimmora
|-damage|p2a: Glimmora|54/100 par
|cant|p2a: Glimmora|par
|
|upkeep
|turn|4
|
|t:|1743911801
|move|p1a: Galvantula|Thunderbolt|p2a: Glimmora
|-damage|p2a: Glimmora|1/100 par
|move|p2a: Glimmora|Power Gem|p1a: Galvantula
|-supereffective|p1a: Galvantula
|-damage|p1a: Galvantula|0 fnt
|faint|p1a: Galvantula
|
|upkeep
|
|t:|1743911822
|switch|p1a: Tinkaton|Tinkaton, F|100/100
|-ability|p1a: Tinkaton|Mold Breaker
|-item|p1a: Tinkaton|Air Balloon
|turn|5
|
|t:|1743911828
|move|p1a: Tinkaton|Stealth Rock|p2a: Glimmora
|-sidestart|p2: ARV66|move: Stealth Rock
|move|p2a: Glimmora|Power Gem|p1a: Tinkaton
|-resisted|p1a: Tinkaton
|-damage|p1a: Tinkaton|78/100
|-enditem|p1a: Tinkaton|Air Balloon
|
|upkeep
|turn|6
|
|t:|1743911836
|move|p1a: Tinkaton|Encore|p2a: Glimmora
|-start|p2a: Glimmora|Encore
|move|p2a: Glimmora|Power Gem|p1a: Tinkaton
|-resisted|p1a: Tinkaton
|-damage|p1a: Tinkaton|55/100
|
|upkeep
|turn|7
|
|t:|1743911843
|switch|p1a: Rillaboom|Rillaboom, F|100/100
|-fieldstart|move: Grassy Terrain|[from] ability: Grassy Surge|[of] p1a: Rillaboom
|cant|p2a: Glimmora|par
|
|-heal|p2a: Glimmora|7/100 par|[from] Grassy Terrain
|upkeep
|turn|8
|
|t:|1743911851
|move|p1a: Rillaboom|Swords Dance|p1a: Rillaboom
|-boost|p1a: Rillaboom|atk|2
|move|p2a: Glimmora|Power Gem|p1a: Rillaboom
|-damage|p1a: Rillaboom|26/100
|
|-heal|p1a: Rillaboom|32/100|[from] Grassy Terrain
|-heal|p1a: Rillaboom|39/100|[from] item: Leftovers
|-heal|p2a: Glimmora|13/100 par|[from] Grassy Terrain
|-end|p2a: Glimmora|Encore
|upkeep
|turn|9
|
|t:|1743911863
|move|p1a: Rillaboom|Drain Punch|p2a: Glimmora
|-damage|p2a: Glimmora|0 fnt
|-heal|p1a: Rillaboom|44/100|[from] drain|[of] p2a: Glimmora
|-activate|p2a: Glimmora|ability: Toxic Debris
|-sidestart|p1: Tob1|move: Toxic Spikes
|faint|p2a: Glimmora
|
|-heal|p1a: Rillaboom|50/100|[from] Grassy Terrain
|-heal|p1a: Rillaboom|56/100|[from] item: Leftovers
|upkeep
|inactive|Battle timer is ON: inactive players will automatically lose when time's up. (requested by Tob1)
|
|t:|1743911878
|switch|p2a: Munkidori|Munkidori, M|100/100
|turn|10
|
|t:|1743911892
|-terastallize|p1a: Rillaboom|Normal
|move|p1a: Rillaboom|Grassy Glide|p2a: Munkidori
|-resisted|p2a: Munkidori
|-damage|p2a: Munkidori|42/100
|move|p2a: Munkidori|Sludge Wave|p1a: Rillaboom
|-damage|p1a: Rillaboom|0 fnt
|faint|p1a: Rillaboom
|
|-heal|p2a: Munkidori|48/100|[from] Grassy Terrain
|upkeep
|
|t:|1743911903
|switch|p1a: Weavile|Weavile, M|100/100
|-ability|p1a: Weavile|Pressure
|turn|11
|
|t:|1743911908
|move|p1a: Weavile|Knock Off|p2a: Munkidori
|-supereffective|p2a: Munkidori
|-damage|p2a: Munkidori|0 fnt
|-enditem|p2a: Munkidori|Heavy-Duty Boots|[from] move: Knock Off|[of] p1a: Weavile
|faint|p2a: Munkidori
|
|-fieldend|move: Grassy Terrain
|upkeep
|
|t:|1743911931
|switch|p2a: Maushold|Maushold, shiny|100/100
|-activate|p2a: Maushold|move: Sticky Web
|-unboost|p2a: Maushold|spe|1
|-damage|p2a: Maushold|88/100|[from] Stealth Rock
|turn|12
|
|t:|1743911953
|switch|p1a: Tinkaton|Tinkaton, F|55/100
|-ability|p1a: Tinkaton|Mold Breaker
|move|p2a: Maushold|Tidy Up|p2a: Maushold
|-sideend|p2: ARV66|Stealth Rock
|-sideend|p2: ARV66|Sticky Web
|-sideend|p1: Tob1|Toxic Spikes
|-activate|p2a: Maushold|move: Tidy Up
|-boost|p2a: Maushold|atk|1
|-boost|p2a: Maushold|spe|1
|
|upkeep
|turn|13
|
|t:|1743911968
|switch|p2a: Garganacl|Garganacl, M, shiny|100/100
|move|p1a: Tinkaton|Thunder Wave|p2a: Garganacl
|-status|p2a: Garganacl|par
|
|upkeep
|turn|14
|
|t:|1743911977
|move|p1a: Tinkaton|Stealth Rock|p2a: Garganacl
|-sidestart|p2: ARV66|move: Stealth Rock
|cant|p2a: Garganacl|par
|
|upkeep
|turn|15
|
|t:|1743911982
|move|p1a: Tinkaton|Gigaton Hammer|p2a: Garganacl
|-supereffective|p2a: Garganacl
|-damage|p2a: Garganacl|47/100 par
|move|p2a: Garganacl|Salt Cure|p1a: Tinkaton
|-resisted|p1a: Tinkaton
|-damage|p1a: Tinkaton|48/100
|-start|p1a: Tinkaton|Salt Cure
|
|-heal|p2a: Garganacl|53/100 par|[from] item: Leftovers
|-damage|p1a: Tinkaton|23/100|[from] Salt Cure
|upkeep
|turn|16
|
|t:|1743911996
|move|p1a: Tinkaton|Encore|p2a: Garganacl
|-start|p2a: Garganacl|Encore
|move|p2a: Garganacl|Salt Cure|p1a: Tinkaton
|-resisted|p1a: Tinkaton
|-damage|p1a: Tinkaton|17/100
|
|-heal|p2a: Garganacl|59/100 par|[from] item: Leftovers
|-damage|p1a: Tinkaton|0 fnt|[from] Salt Cure
|faint|p1a: Tinkaton
|upkeep
|
|t:|1743912014
|switch|p1a: Weavile|Weavile, M|100/100
|-ability|p1a: Weavile|Pressure
|turn|17
|
|t:|1743912020
|move|p1a: Weavile|Swords Dance|p1a: Weavile
|-boost|p1a: Weavile|atk|2
|move|p2a: Garganacl|Salt Cure|p1a: Weavile
|-supereffective|p1a: Weavile
|-damage|p1a: Weavile|54/100
|-start|p1a: Weavile|Salt Cure
|
|-heal|p2a: Garganacl|65/100 par|[from] item: Leftovers
|-damage|p1a: Weavile|41/100|[from] Salt Cure
|upkeep
|turn|18
|
|t:|1743912035
|move|p1a: Weavile|Metal Claw|p2a: Garganacl|[miss]
|-miss|p1a: Weavile|p2a: Garganacl
|cant|p2a: Garganacl|par
|
|-heal|p2a: Garganacl|71/100 par|[from] item: Leftovers
|-damage|p1a: Weavile|29/100|[from] Salt Cure
|-end|p2a: Garganacl|Encore
|upkeep
|turn|19
|
|t:|1743912050
|move|p1a: Weavile|Metal Claw|p2a: Garganacl
|-supereffective|p2a: Garganacl
|-damage|p2a: Garganacl|24/100 par
|move|p2a: Garganacl|Salt Cure|p1a: Weavile
|-supereffective|p1a: Weavile
|-damage|p1a: Weavile|0 fnt
|faint|p1a: Weavile
|
|-heal|p2a: Garganacl|30/100 par|[from] item: Leftovers
|upkeep
|
|t:|1743912061
|switch|p1a: Garganacl|Garganacl, M|100/100
|turn|20
|
|t:|1743912069
|move|p1a: Garganacl|Curse|p1a: Garganacl
|-unboost|p1a: Garganacl|spe|1
|-boost|p1a: Garganacl|atk|1
|-boost|p1a: Garganacl|def|1
|move|p2a: Garganacl|Salt Cure|p1a: Garganacl
|-damage|p1a: Garganacl|95/100
|-start|p1a: Garganacl|Salt Cure
|
|-heal|p1a: Garganacl|100/100|[from] item: Leftovers
|-heal|p2a: Garganacl|36/100 par|[from] item: Leftovers
|-damage|p1a: Garganacl|88/100|[from] Salt Cure
|upkeep
|turn|21
|
|t:|1743912084
|move|p1a: Garganacl|Salt Cure|p2a: Garganacl
|-damage|p2a: Garganacl|23/100 par
|-start|p2a: Garganacl|Salt Cure
|move|p2a: Garganacl|Body Press|p1a: Garganacl
|-supereffective|p1a: Garganacl
|-damage|p1a: Garganacl|70/100
|
|-heal|p1a: Garganacl|76/100|[from] item: Leftovers
|-heal|p2a: Garganacl|29/100 par|[from] item: Leftovers
|-damage|p1a: Garganacl|64/100|[from] Salt Cure
|-damage|p2a: Garganacl|16/100 par|[from] Salt Cure
|upkeep
|turn|22
|
|t:|1743912097
|switch|p2a: Maushold|Maushold, shiny|88/100
|-damage|p2a: Maushold|76/100|[from] Stealth Rock
|move|p1a: Garganacl|Curse|p1a: Garganacl
|-unboost|p1a: Garganacl|spe|1
|-boost|p1a: Garganacl|atk|1
|-boost|p1a: Garganacl|def|1
|
|-heal|p1a: Garganacl|70/100|[from] item: Leftovers
|-damage|p1a: Garganacl|57/100|[from] Salt Cure
|upkeep
|turn|23
|
|t:|1743912110
|move|p2a: Maushold|Tidy Up|p2a: Maushold
|-sideend|p2: ARV66|Stealth Rock
|-activate|p2a: Maushold|move: Tidy Up
|-boost|p2a: Maushold|atk|1
|-boost|p2a: Maushold|spe|1
|move|p1a: Garganacl|Salt Cure|p2a: Maushold
|-damage|p2a: Maushold|35/100
|-start|p2a: Maushold|Salt Cure
|
|-heal|p1a: Garganacl|64/100|[from] item: Leftovers
|-damage|p2a: Maushold|22/100|[from] Salt Cure
|-damage|p1a: Garganacl|51/100|[from] Salt Cure
|upkeep
|turn|24
|inactive|Tob1 has 120 seconds left.
|
|t:|1743912132
|switch|p1a: Dragapult|Dragapult, F|100/100
|move|p2a: Maushold|Low Kick|p1a: Dragapult
|-immune|p1a: Dragapult
|
|-damage|p2a: Maushold|10/100|[from] Salt Cure
|upkeep
|turn|25
|inactive|Tob1 has 120 seconds left.
|
|t:|1743912147
|move|p2a: Maushold|Bite|p1a: Dragapult
|-supereffective|p1a: Dragapult
|-damage|p1a: Dragapult|10/100
|move|p1a: Dragapult|U-turn|p2a: Maushold
|-damage|p2a: Maushold|0 fnt
|faint|p2a: Maushold
|
|t:|1743912153
|switch|p1a: Garganacl|Garganacl, M|51/100|[from] U-turn
|
|-heal|p1a: Garganacl|57/100|[from] item: Leftovers
|upkeep
|
|t:|1743912165
|switch|p2a: Ogerpon|Ogerpon-Cornerstone, F|100/100
|turn|26
|
|t:|1743912172
|move|p1a: Garganacl|Protect|p1a: Garganacl
|-singleturn|p1a: Garganacl|Protect
|move|p2a: Ogerpon|Knock Off|p1a: Garganacl
|-activate|p1a: Garganacl|move: Protect
|
|-heal|p1a: Garganacl|64/100|[from] item: Leftovers
|upkeep
|turn|27
|
|t:|1743912180
|move|p1a: Garganacl|Protect|p1a: Garganacl
|-singleturn|p1a: Garganacl|Protect
|move|p2a: Ogerpon|Knock Off|p1a: Garganacl
|-activate|p1a: Garganacl|move: Protect
|
|-heal|p1a: Garganacl|70/100|[from] item: Leftovers
|upkeep
|turn|28
|
|t:|1743912199
|move|p2a: Ogerpon|Knock Off|p1a: Garganacl
|-damage|p1a: Garganacl|45/100
|-enditem|p1a: Garganacl|Leftovers|[from] move: Knock Off|[of] p2a: Ogerpon
|move|p1a: Garganacl|Salt Cure|p2a: Ogerpon
|-damage|p2a: Ogerpon|82/100
|-start|p2a: Ogerpon|Salt Cure
|
|-damage|p2a: Ogerpon|69/100|[from] Salt Cure
|upkeep
|turn|29
|
|t:|1743912208
|move|p1a: Garganacl|Protect|p1a: Garganacl
|-singleturn|p1a: Garganacl|Protect
|move|p2a: Ogerpon|Horn Leech|p1a: Garganacl
|-activate|p1a: Garganacl|move: Protect
|
|-damage|p2a: Ogerpon|57/100|[from] Salt Cure
|upkeep
|turn|30
|inactive|Tob1 has 120 seconds left.
|
|t:|1743912236
|move|p2a: Ogerpon|Horn Leech|p1a: Garganacl
|-supereffective|p1a: Garganacl
|-damage|p1a: Garganacl|0 fnt
|-heal|p2a: Ogerpon|87/100|[from] drain|[of] p1a: Garganacl
|faint|p1a: Garganacl
|
|-damage|p2a: Ogerpon|75/100|[from] Salt Cure
|upkeep
|inactive|Tob1 has 120 seconds left.
|
|t:|1743912246
|switch|p1a: Dragapult|Dragapult, F|10/100
|turn|31
|c|☆ARV66|All that setting up to lose is wild
|
|t:|1743912252
|move|p1a: Dragapult|Thunder Wave|p2a: Ogerpon
|-status|p2a: Ogerpon|par
|move|p2a: Ogerpon|Ivy Cudgel|p1a: Dragapult|[anim] Ivy Cudgel Rock
|-damage|p1a: Dragapult|0 fnt
|faint|p1a: Dragapult
|
|win|ARV66
|raw|Tob1's rating: 1098 &rarr; <strong>1077</strong><br />(-21 for losing)
|raw|ARV66's rating: 1155 &rarr; <strong>1176</strong><br />(+21 for winning)
|l|☆Tob1
|player|p1|
|c|☆ARV66|Wild L
|l|☆ARV66
|player|p2|
