|j|☆Cheesestix22
|j|☆stallkiller393
|t:|1743842485
|gametype|singles
|player|p1|Cheesestix22|iris|1099
|player|p2|stallkiller393|rocketgrunt|1149
|teamsize|p1|6
|teamsize|p2|6
|gen|9
|tier|[Gen 9] OU
|rated|
|rule|HP Percentage Mod: HP is shown in percentages
|rule|Endless Battle Clause: Forcing endless battles is banned
|rule|Species Clause: Limit one of each Pokémon
|rule|OHKO Clause: OHKO moves are banned
|rule|Evasion Items Clause: Evasion items are banned
|rule|Evasion Moves Clause: Evasion moves are banned
|rule|Sleep Moves Clause: Sleep-inducing moves are banned
|clearpoke
|poke|p1|Garchomp, M|
|poke|p1|Toxapex, M|
|poke|p1|Azumarill, M|
|poke|p1|Corviknight, M|
|poke|p1|Serperior, F|
|poke|p1|Slowking-Galar, F|
|poke|p2|Kommo-o, F|
|poke|p2|Sawsbuck, M|
|poke|p2|Torkoal, F|
|poke|p2|Scream Tail|
|poke|p2|Pecharunt|
|poke|p2|Rampardos, F|
|teampreview
|
|t:|1743842490
|start
|switch|p1a: Garchomp|Garchomp, M, shiny|100/100
|switch|p2a: Torkoal|Torkoal, F|100/100
|-weather|SunnyDay|[from] ability: Drought|[of] p2a: Torkoal
|turn|1
|inactive|Battle timer is ON: inactive players will automatically lose when time's up. (requested by Cheesestix22)
|
|t:|1743842511
|move|p1a: Garchomp|Stealth Rock|p2a: Torkoal
|-sidestart|p2: stallkiller393|move: Stealth Rock
|move|p2a: Torkoal|Lava Plume|p1a: Garchomp
|-resisted|p1a: Garchomp
|-damage|p1a: Garchomp|77/100
|
|-weather|SunnyDay|[upkeep]
|upkeep
|turn|2
|
|t:|1743842525
|move|p2a: Torkoal|Lava Plume|p1a: Garchomp
|-resisted|p1a: Garchomp
|-damage|p1a: Garchomp|52/100
|move|p1a: Garchomp|Dragon Tail|p2a: Torkoal|[miss]
|-miss|p1a: Garchomp|p2a: Torkoal
|
|-weather|SunnyDay|[upkeep]
|upkeep
|turn|3
|
|t:|1743842540
|move|p2a: Torkoal|Rapid Spin|p1a: Garchomp
|-damage|p1a: Garchomp|43/100
|-boost|p2a: Torkoal|spe|1
|-damage|p2a: Torkoal|88/100|[from] ability: Rough Skin|[of] p1a: Garchomp
|-damage|p2a: Torkoal|72/100|[from] item: Rocky Helmet|[of] p1a: Garchomp
|-sideend|p2: stallkiller393|Stealth Rock|[from] move: Rapid Spin|[of] p2a: Torkoal
|move|p1a: Garchomp|Dragon Tail|p2a: Torkoal
|-damage|p2a: Torkoal|46/100
|drag|p2a: Rampardos|Rampardos, F|100/100
|
|-weather|SunnyDay|[upkeep]
|upkeep
|turn|4
|inactive|stallkiller393 has 120 seconds left.
|c|☆Cheesestix22|hurry up
|
|t:|1743842600
|move|p2a: Rampardos|Earthquake|p1a: Garchomp
|-crit|p1a: Garchomp
|-damage|p1a: Garchomp|0 fnt
|faint|p1a: Garchomp
|
|-weather|SunnyDay|[upkeep]
|upkeep
|
|t:|1743842607
|switch|p1a: Azumarill|Azumarill, M|100/100
|turn|5
|
|t:|1743842618
|switch|p2a: Scream Tail|Scream Tail|100/100
|-activate|p2a: Scream Tail|ability: Protosynthesis
|-start|p2a: Scream Tail|protosynthesisspe
|move|p1a: Azumarill|Belly Drum|p1a: Azumarill
|-damage|p1a: Azumarill|50/100
|-setboost|p1a: Azumarill|atk|6|[from] move: Belly Drum
|-enditem|p1a: Azumarill|Sitrus Berry|[eat]
|-heal|p1a: Azumarill|75/100|[from] item: Sitrus Berry
|
|-weather|none
|-end|p2a: Scream Tail|Protosynthesis
|upkeep
|turn|6
|
|t:|1743842629
|-end|p2a: Scream Tail|Protosynthesis|[silent]
|switch|p2a: Torkoal|Torkoal, F|46/100
|-weather|SunnyDay|[from] ability: Drought|[of] p2a: Torkoal
|move|p1a: Azumarill|Aqua Jet|p2a: Torkoal
|-supereffective|p2a: Torkoal
|-damage|p2a: Torkoal|0 fnt
|faint|p2a: Torkoal
|
|-weather|SunnyDay|[upkeep]
|upkeep
|
|t:|1743842646
|switch|p2a: Sawsbuck|Sawsbuck, M|100/100
|turn|7
|
|t:|1743842653
|move|p2a: Sawsbuck|Horn Leech|p1a: Azumarill
|-supereffective|p1a: Azumarill
|-damage|p1a: Azumarill|0 fnt
|faint|p1a: Azumarill
|-damage|p2a: Sawsbuck|91/100|[from] item: Life Orb
|
|-weather|SunnyDay|[upkeep]
|upkeep
|
|t:|1743842663
|switch|p1a: Toxapex|Toxapex, M|100/100
|turn|8
|c|☆stallkiller393|Is this fast enough
|
|t:|1743842671
|move|p2a: Sawsbuck|Swords Dance|p2a: Sawsbuck
|-boost|p2a: Sawsbuck|atk|2
|move|p1a: Toxapex|Toxic|p2a: Sawsbuck
|-status|p2a: Sawsbuck|tox
|
|-weather|SunnyDay|[upkeep]
|-damage|p2a: Sawsbuck|85/100 tox|[from] psn
|upkeep
|turn|9
|
|t:|1743842680
|move|p2a: Sawsbuck|High Horsepower|p1a: Toxapex
|-supereffective|p1a: Toxapex
|-damage|p1a: Toxapex|11/100
|-damage|p2a: Sawsbuck|75/100 tox|[from] item: Life Orb
|move|p1a: Toxapex|Haze|p1a: Toxapex
|-clearallboost
|
|-weather|SunnyDay|[upkeep]
|-heal|p1a: Toxapex|17/100|[from] item: Leftovers
|-damage|p2a: Sawsbuck|62/100 tox|[from] psn
|upkeep
|turn|10
|
|t:|1743842693
|switch|p1a: Corviknight|Corviknight, M|100/100
|-ability|p1a: Corviknight|Pressure
|move|p2a: Sawsbuck|Horn Leech|p1a: Corviknight
|-resisted|p1a: Corviknight
|-damage|p1a: Corviknight|91/100
|-heal|p2a: Sawsbuck|68/100 tox|[from] drain|[of] p1a: Corviknight
|-damage|p2a: Sawsbuck|58/100 tox|[from] item: Life Orb
|
|-weather|none
|-damage|p2a: Sawsbuck|40/100 tox|[from] psn
|upkeep
|turn|11
|c|☆stallkiller393|?
|inactive|stallkiller393 has 120 seconds left.
|c|☆stallkiller393|No talk now?
|c|☆Cheesestix22|bruh
|
|t:|1743842723
|switch|p2a: Scream Tail|Scream Tail|100/100
|move|p1a: Corviknight|Iron Defense|p1a: Corviknight
|-boost|p1a: Corviknight|def|2
|
|upkeep
|turn|12
|c|☆Cheesestix22|what is sawsbuck doing
|c|☆Cheesestix22|on a team
|c|☆stallkiller393|Beating you I guess
|inactive|Cheesestix22 has 120 seconds left.
|c|☆Cheesestix22|what is scream tail gonna do
|
|t:|1743842773
|switch|p1a: Slowking|Slowking-Galar, F|100/100
|move|p2a: Scream Tail|Psychic Noise|p1a: Slowking
|-damage|p1a: Slowking|84/100
|-start|p1a: Slowking|move: Heal Block
|-enditem|p2a: Scream Tail|Throat Spray
|-boost|p2a: Scream Tail|spa|1|[from] item: Throat Spray
|
|upkeep
|turn|13
|c|☆stallkiller393|Make you switch out
|c|☆stallkiller393|thats what
|inactive|stallkiller393 has 90 seconds left.
|c|☆stallkiller393|now stop talking
|c|☆Cheesestix22|wha
|c|☆stallkiller393|too much talking
|
|t:|1743842817
|-end|p2a: Scream Tail|Protosynthesis|[silent]
|switch|p2a: Sawsbuck|Sawsbuck, M|40/100 tox
|move|p1a: Slowking|Disable||[still]
|-fail|p1a: Slowking
|
|-damage|p2a: Sawsbuck|34/100 tox|[from] psn
|-end|p1a: Slowking|move: Heal Block
|upkeep
|turn|14
|c|☆stallkiller393|disable lmaooooo
|inactive|Cheesestix22 has 90 seconds left.
|inactive|stallkiller393 has 60 seconds left.
|
|t:|1743842838
|switch|p1a: Corviknight|Corviknight, M|91/100
|-ability|p1a: Corviknight|Pressure
|move|p2a: Sawsbuck|Swords Dance|p2a: Sawsbuck
|-boost|p2a: Sawsbuck|atk|2
|
|-damage|p2a: Sawsbuck|21/100 tox|[from] psn
|upkeep
|turn|15
|inactive|Cheesestix22 has 90 seconds left.
|
|t:|1743842850
|move|p2a: Sawsbuck|Body Slam|p1a: Corviknight
|-resisted|p1a: Corviknight
|-damage|p1a: Corviknight|47/100
|-status|p1a: Corviknight|par
|-damage|p2a: Sawsbuck|12/100 tox|[from] item: Life Orb
|move|p1a: Corviknight|Roost|p1a: Corviknight
|-heal|p1a: Corviknight|97/100 par
|-singleturn|p1a: Corviknight|move: Roost
|
|-damage|p2a: Sawsbuck|0 fnt|[from] psn
|faint|p2a: Sawsbuck
|upkeep
|inactive|stallkiller393 has 60 seconds left.
|
|t:|1743842860
|switch|p2a: Kommo-o|Kommo-o, F|100/100
|turn|16
|c|☆Cheesestix22|get read
|inactive|Cheesestix22 has 90 seconds left.
|inactive|stallkiller393 has 60 seconds left.
|
|t:|1743842874
|switch|p1a: Slowking|Slowking-Galar, F|100/100
|-terastallize|p2a: Kommo-o|Steel
|move|p2a: Kommo-o|Clangorous Soul|p2a: Kommo-o
|-boost|p2a: Kommo-o|atk|1
|-boost|p2a: Kommo-o|def|1
|-boost|p2a: Kommo-o|spa|1
|-boost|p2a: Kommo-o|spd|1
|-boost|p2a: Kommo-o|spe|1
|-damage|p2a: Kommo-o|68/100
|
|upkeep
|turn|17
|c|☆stallkiller393|Literally not at all
|inactive|Cheesestix22 has 90 seconds left.
|inactive|stallkiller393 has 60 seconds left.
|c|☆stallkiller393|i was going for the paralysis
|c|☆Cheesestix22|for sure
|
|t:|1743842900
|move|p2a: Kommo-o|Scale Shot|p1a: Slowking
|-damage|p1a: Slowking|83/100
|-damage|p1a: Slowking|64/100
|-damage|p1a: Slowking|45/100
|-damage|p1a: Slowking|28/100
|-damage|p1a: Slowking|8/100
|-hitcount|p1a: Slowking|5
|-unboost|p2a: Kommo-o|def|1
|-boost|p2a: Kommo-o|spe|1
|move|p1a: Slowking|Disable|p2a: Kommo-o
|-start|p2a: Kommo-o|Disable|Scale Shot
|
|-heal|p1a: Slowking|14/100|[from] item: Leftovers
|upkeep
|turn|18
|inactive|Cheesestix22 has 90 seconds left.
|c|☆Cheesestix22|lol
|
|t:|1743842918
|switch|p1a: Toxapex|Toxapex, M|50/100
|move|p2a: Kommo-o|Iron Head|p1a: Toxapex
|-resisted|p1a: Toxapex
|-damage|p1a: Toxapex|33/100
|
|-heal|p1a: Toxapex|39/100|[from] item: Leftovers
|upkeep
|turn|19
|
|t:|1743842934
|switch|p2a: Pecharunt|Pecharunt|100/100
|-item|p2a: Pecharunt|Air Balloon
|move|p1a: Toxapex|Haze|p1a: Toxapex
|-clearallboost
|
|-heal|p1a: Toxapex|45/100|[from] item: Leftovers
|upkeep
|turn|20
|inactive|Cheesestix22 has 90 seconds left.
|c|☆stallkiller393|outplayed
|
|t:|1743842946
|move|p2a: Pecharunt|Nasty Plot|p2a: Pecharunt
|-boost|p2a: Pecharunt|spa|2
|move|p1a: Toxapex|Surf|p2a: Pecharunt
|-damage|p2a: Pecharunt|78/100
|-enditem|p2a: Pecharunt|Air Balloon
|
|-heal|p1a: Toxapex|51/100|[from] item: Leftovers
|upkeep
|turn|21
|inactive|Cheesestix22 has 90 seconds left.
|
|t:|1743842954
|move|p2a: Pecharunt|Shadow Ball|p1a: Toxapex
|-damage|p1a: Toxapex|0 fnt
|faint|p1a: Toxapex
|
|upkeep
|
|t:|1743842958
|switch|p1a: Serperior|Serperior, F|100/100
|turn|22
|inactive|stallkiller393 has 60 seconds left.
|
|t:|1743842973
|-terastallize|p1a: Serperior|Stellar
|move|p1a: Serperior|Tera Blast|p2a: Pecharunt|[anim] Tera Blast Stellar
|-damage|p2a: Pecharunt|40/100
|-boost|p1a: Serperior|atk|1
|-boost|p1a: Serperior|spa|1
|move|p2a: Pecharunt|Malignant Chain|p1a: Serperior
|-supereffective|p1a: Serperior
|-damage|p1a: Serperior|0 fnt
|faint|p1a: Serperior
|
|upkeep
|c|☆stallkiller393|hahahahaha
|
|t:|1743842988
|switch|p1a: Slowking|Slowking-Galar, F|47/100
|turn|23
|c|☆stallkiller393|what was that???
|inactive|stallkiller393 has 60 seconds left.
|c|☆Cheesestix22|im cooked
|c|☆stallkiller393|I thought you were reading me?
|c|☆stallkiller393|I told you to talk less
|c|☆stallkiller393|be humble next time
|
|t:|1743843020
|move|p2a: Pecharunt|Shadow Ball|p1a: Slowking
|-supereffective|p1a: Slowking
|-damage|p1a: Slowking|0 fnt
|faint|p1a: Slowking
|
|upkeep
|-message|Cheesestix22 forfeited.
|
|win|stallkiller393
|raw|Cheesestix22's rating: 1099 &rarr; <strong>1078</strong><br />(-21 for losing)
|raw|stallkiller393's rating: 1149 &rarr; <strong>1170</strong><br />(+21 for winning)
|l|☆Cheesestix22
|player|p1|
|l|☆stallkiller393
|player|p2|
