|j|☆DiceyRice
|j|☆rock$tar made
|t:|1743828820
|gametype|singles
|player|p1|DiceyRice|miku-psychic|1707
|player|p2|rock$tar made|red|1810
|teamsize|p1|6
|teamsize|p2|6
|gen|9
|tier|[Gen 9] OU
|rated|
|rule|HP Percentage Mod: HP is shown in percentages
|rule|Endless Battle Clause: Forcing endless battles is banned
|rule|Species Clause: Limit one of each Pokémon
|rule|OHKO Clause: OHKO moves are banned
|rule|Evasion Items Clause: Evasion items are banned
|rule|Evasion Moves Clause: Evasion moves are banned
|rule|Sleep Moves Clause: Sleep-inducing moves are banned
|clearpoke
|poke|p1|Kommo-o, M|
|poke|p1|Araquanid, M|
|poke|p1|Raging Bolt|
|poke|p1|Iron Valiant|
|poke|p1|Gholdengo|
|poke|p1|Kingambit, F|
|poke|p2|Weezing-Galar, M|
|poke|p2|Alomomola, M|
|poke|p2|Enamorus, F|
|poke|p2|Iron Treads|
|poke|p2|Yanmega, M|
|poke|p2|Zamazenta-*|
|teampreview
|inactive|Battle timer is ON: inactive players will automatically lose when time's up. (requested by rock$tar made)
|j| atlas tales
|
|t:|1743828842
|start
|switch|p1a: Araquanid|Araquanid, M|100/100
|switch|p2a: Yanmega|Yanmega, M, shiny|100/100
|turn|1
|
|t:|1743828850
|move|p2a: Yanmega|Air Slash|p1a: Araquanid
|-supereffective|p1a: Araquanid
|-damage|p1a: Araquanid|21/100
|move|p1a: Araquanid|Sticky Web|p2a: Yanmega
|-sidestart|p2: rock$tar made|move: Sticky Web
|
|upkeep
|turn|2
|-enditem|p1a: Araquanid|Custap Berry|[eat]
|-activate|p1a: Araquanid|item: Custap Berry|[consumed]
|
|t:|1743828860
|switch|p2a: Alomomola|Alomomola, M|100/100
|-activate|p2a: Alomomola|move: Sticky Web
|-unboost|p2a: Alomomola|spe|1
|move|p1a: Araquanid|Surf|p2a: Alomomola
|-resisted|p2a: Alomomola
|-damage|p2a: Alomomola|84/100
|
|upkeep
|turn|3
|
|t:|1743828866
|move|p1a: Araquanid|Endeavor|p2a: Alomomola
|-damage|p2a: Alomomola|15/100
|move|p2a: Alomomola|Flip Turn|p1a: Araquanid
|-resisted|p1a: Araquanid
|-damage|p1a: Araquanid|13/100
|
|t:|1743828875
|switch|p2a: Yanmega|Yanmega, M, shiny|100/100|[from] Flip Turn
|
|upkeep
|turn|4
|
|t:|1743828879
|move|p2a: Yanmega|U-turn|p1a: Araquanid
|-damage|p1a: Araquanid|0 fnt
|faint|p1a: Araquanid
|
|t:|1743828882
|switch|p2a: Alomomola|Alomomola, M|48/100|[from] U-turn
|-activate|p2a: Alomomola|move: Sticky Web
|-unboost|p2a: Alomomola|spe|1
|
|upkeep
|
|t:|1743828889
|switch|p1a: Kommo-o|Kommo-o, M|100/100
|turn|5
|
|t:|1743828892
|move|p1a: Kommo-o|Clangorous Soul|p1a: Kommo-o
|-boost|p1a: Kommo-o|atk|1
|-boost|p1a: Kommo-o|def|1
|-boost|p1a: Kommo-o|spa|1
|-boost|p1a: Kommo-o|spd|1
|-boost|p1a: Kommo-o|spe|1
|-damage|p1a: Kommo-o|68/100
|-enditem|p1a: Kommo-o|Throat Spray
|-boost|p1a: Kommo-o|spa|1|[from] item: Throat Spray
|move|p2a: Alomomola|Play Rough|p1a: Kommo-o
|-supereffective|p1a: Kommo-o
|-damage|p1a: Kommo-o|28/100
|
|upkeep
|turn|6
|
|t:|1743828898
|move|p1a: Kommo-o|Boomburst|p2a: Alomomola
|-damage|p2a: Alomomola|0 fnt
|faint|p2a: Alomomola
|
|upkeep
|
|t:|1743828900
|switch|p2a: Enamorus|Enamorus, F|100/100
|turn|7
|
|t:|1743828903
|move|p2a: Enamorus|Moonblast|p1a: Kommo-o
|-supereffective|p1a: Kommo-o
|-damage|p1a: Kommo-o|0 fnt
|faint|p1a: Kommo-o
|
|upkeep
|
|t:|1743828905
|switch|p1a: Gholdengo|Gholdengo|100/100
|-item|p1a: Gholdengo|Air Balloon
|turn|8
|
|t:|1743828910
|switch|p2a: Iron Treads|Iron Treads|100/100
|-activate|p2a: Iron Treads|move: Sticky Web
|-unboost|p2a: Iron Treads|spe|1
|move|p1a: Gholdengo|Nasty Plot|p1a: Gholdengo
|-boost|p1a: Gholdengo|spa|2
|
|upkeep
|turn|9
|
|t:|1743828914
|move|p1a: Gholdengo|Shadow Ball|p2a: Iron Treads
|-crit|p2a: Iron Treads
|-damage|p2a: Iron Treads|0 fnt
|faint|p2a: Iron Treads
|-end|p2a: Iron Treads|Quark Drive|[silent]
|
|upkeep
|
|t:|1743828919
|switch|p2a: Yanmega|Yanmega, M, shiny|100/100
|turn|10
|
|t:|1743828921
|move|p2a: Yanmega|Air Slash|p1a: Gholdengo
|-resisted|p1a: Gholdengo
|-damage|p1a: Gholdengo|33/100
|-enditem|p1a: Gholdengo|Air Balloon
|cant|p1a: Gholdengo|flinch
|
|upkeep
|turn|11
|
|t:|1743828926
|move|p2a: Yanmega|Air Slash|p1a: Gholdengo
|-resisted|p1a: Gholdengo
|-damage|p1a: Gholdengo|0 fnt
|faint|p1a: Gholdengo
|
|upkeep
|
|t:|1743828929
|switch|p1a: Raging Bolt|Raging Bolt|100/100
|-enditem|p1a: Raging Bolt|Booster Energy
|-activate|p1a: Raging Bolt|ability: Protosynthesis|[fromitem]
|-start|p1a: Raging Bolt|protosynthesisspa
|turn|12
|
|t:|1743828934
|move|p2a: Yanmega|Air Slash|p1a: Raging Bolt
|-resisted|p1a: Raging Bolt
|-damage|p1a: Raging Bolt|53/100
|cant|p1a: Raging Bolt|flinch
|
|upkeep
|turn|13
|
|t:|1743828937
|move|p1a: Raging Bolt|Thunderclap|p2a: Yanmega
|-supereffective|p2a: Yanmega
|-damage|p2a: Yanmega|0 fnt
|faint|p2a: Yanmega
|
|upkeep
|
|t:|1743828938
|switch|p2a: Enamorus|Enamorus, F|100/100
|turn|14
|
|t:|1743828946
|-terastallize|p2a: Enamorus|Fairy
|move|p1a: Raging Bolt|Thunderclap|p2a: Enamorus
|-damage|p2a: Enamorus|26/100
|move|p2a: Enamorus|Moonblast|p1a: Raging Bolt
|-supereffective|p1a: Raging Bolt
|-damage|p1a: Raging Bolt|0 fnt
|faint|p1a: Raging Bolt
|-end|p1a: Raging Bolt|Protosynthesis|[silent]
|
|upkeep
|
|t:|1743828949
|switch|p1a: Iron Valiant|Iron Valiant|100/100
|-enditem|p1a: Iron Valiant|Booster Energy
|-activate|p1a: Iron Valiant|ability: Quark Drive|[fromitem]
|-start|p1a: Iron Valiant|quarkdrivespe
|turn|15
|
|t:|1743828957
|switch|p2a: Weezing|Weezing-Galar, M|100/100
|-ability|p2a: Weezing|Neutralizing Gas
|-activate|p2a: Weezing|move: Sticky Web
|-unboost|p2a: Weezing|spe|1
|move|p1a: Iron Valiant|Moonblast|p2a: Weezing
|-resisted|p2a: Weezing
|-damage|p2a: Weezing|68/100
|-unboost|p2a: Weezing|spa|1
|
|-heal|p2a: Weezing|74/100|[from] item: Leftovers
|upkeep
|turn|16
|
|t:|1743828964
|-terastallize|p1a: Iron Valiant|Electric
|move|p1a: Iron Valiant|Calm Mind|p1a: Iron Valiant
|-boost|p1a: Iron Valiant|spa|1
|-boost|p1a: Iron Valiant|spd|1
|move|p2a: Weezing|Strange Steam|p1a: Iron Valiant
|-damage|p1a: Iron Valiant|79/100
|
|-heal|p2a: Weezing|80/100|[from] item: Leftovers
|upkeep
|turn|17
|
|t:|1743828970
|move|p1a: Iron Valiant|Thunderbolt|p2a: Weezing
|-crit|p2a: Weezing
|-damage|p2a: Weezing|0 fnt
|faint|p2a: Weezing
|-end|p2a: Weezing|ability: Neutralizing Gas
|
|upkeep
|
|t:|1743828972
|switch|p2a: Enamorus|Enamorus, F, tera:Fairy|26/100
|-activate|p2a: Enamorus|move: Sticky Web
|-boost|p2a: Enamorus|spe|1
|turn|18
|
|t:|1743828974
|move|p2a: Enamorus|Earth Power|p1a: Iron Valiant
|-supereffective|p1a: Iron Valiant
|-damage|p1a: Iron Valiant|0 fnt
|faint|p1a: Iron Valiant
|-end|p1a: Iron Valiant|Quark Drive|[silent]
|
|upkeep
|
|t:|1743828976
|switch|p1a: Kingambit|Kingambit, F|100/100
|-activate|p1a: Kingambit|ability: Supreme Overlord
|-start|p1a: Kingambit|fallen5|[silent]
|turn|19
|
|t:|1743828980
|move|p1a: Kingambit|Sucker Punch|p2a: Enamorus
|-resisted|p2a: Enamorus
|-damage|p2a: Enamorus|0 fnt
|faint|p2a: Enamorus
|
|upkeep
|
|t:|1743828982
|switch|p2a: Zamazenta|Zamazenta|100/100
|-activate|p2a: Zamazenta|move: Sticky Web
|-unboost|p2a: Zamazenta|spe|1
|-ability|p2a: Zamazenta|Dauntless Shield|boost
|-boost|p2a: Zamazenta|def|1
|turn|20
|
|t:|1743828985
|move|p2a: Zamazenta|Close Combat|p1a: Kingambit
|-supereffective|p1a: Kingambit
|-damage|p1a: Kingambit|0 fnt
|-unboost|p2a: Zamazenta|def|1
|-unboost|p2a: Zamazenta|spd|1
|faint|p1a: Kingambit
|-end|p1a: Kingambit|fallen5|[silent]
|-damage|p2a: Zamazenta|91/100|[from] item: Life Orb
|
|win|rock$tar made
|raw|DiceyRice's rating: 1707 &rarr; <strong>1693</strong><br />(-14 for losing)
|raw|rock$tar made's rating: 1810 &rarr; <strong>1824</strong><br />(+14 for winning)
|l|☆DiceyRice
|player|p1|
|l|☆rock$tar made
|player|p2|
