|j|☆CaffeineTheAddict
|j|☆Liiiy
|t:|1743904445
|gametype|singles
|player|p1|CaffeineTheAddict|scientist-gen4|1385
|player|p2|Liiiy|2|1451
|teamsize|p1|6
|teamsize|p2|6
|gen|9
|tier|[Gen 9] OU
|rated|
|rule|HP Percentage Mod: HP is shown in percentages
|rule|Endless Battle Clause: Forcing endless battles is banned
|rule|Species Clause: Limit one of each Pokémon
|rule|OHKO Clause: OHKO moves are banned
|rule|Evasion Items Clause: Evasion items are banned
|rule|Evasion Moves Clause: Evasion moves are banned
|rule|Sleep Moves Clause: Sleep-inducing moves are banned
|clearpoke
|poke|p1|Chesnaught, F|
|poke|p1|Gliscor, F|
|poke|p1|Gholdengo|
|poke|p1|Talonflame, M|
|poke|p1|Clefable, F|
|poke|p1|Great Tusk|
|poke|p2|Exeggutor-Alola, F|
|poke|p2|Clefable, F|
|poke|p2|Great Tusk|
|poke|p2|Scizor, M|
|poke|p2|Moltres|
|poke|p2|Ogerpon-Cornerstone, F|
|teampreview
|inactive|Battle timer is ON: inactive players will automatically lose when time's up. (requested by Liiiy)
|inactive|Liiiy has 120 seconds left.
|
|t:|1743904482
|start
|switch|p1a: Chesnaught|Chesnaught, F|100/100
|switch|p2a: Ogerpon|Ogerpon-Cornerstone, F|100/100
|turn|1
|
|t:|1743904492
|switch|p2a: Raging Tree|Exeggutor-Alola, F|100/100
|move|p1a: Chesnaught|Spikes|p2a: Raging Tree
|-sidestart|p2: Liiiy|Spikes
|
|upkeep
|turn|2
|
|t:|1743904497
|move|p1a: Chesnaught|Spikes|p2a: Raging Tree
|-sidestart|p2: Liiiy|Spikes
|move|p2a: Raging Tree|Flamethrower|p1a: Chesnaught
|-supereffective|p1a: Chesnaught
|-damage|p1a: Chesnaught|28/100
|
|upkeep
|turn|3
|
|t:|1743904504
|switch|p1a: Clefable|Clefable, F|100/100
|move|p2a: Raging Tree|Flamethrower|p1a: Clefable
|-damage|p1a: Clefable|80/100
|
|upkeep
|turn|4
|c|☆CaffeineTheAddict|Guh
|
|t:|1743904517
|switch|p2a: Clefable|Clefable, F|100/100
|move|p1a: Clefable|Moonblast|p2a: Clefable
|-damage|p2a: Clefable|72/100
|
|-heal|p2a: Clefable|78/100|[from] item: Leftovers
|upkeep
|turn|5
|
|t:|1743904520
|move|p2a: Clefable|Thunder Wave|p1a: Clefable
|-status|p1a: Clefable|par
|move|p1a: Clefable|Wish|p1a: Clefable
|
|-heal|p2a: Clefable|84/100|[from] item: Leftovers
|upkeep
|turn|6
|
|t:|1743904528
|switch|p1a: Chesnaught|Chesnaught, F|28/100
|move|p2a: Clefable|Moonblast|p1a: Chesnaught
|-supereffective|p1a: Chesnaught
|-damage|p1a: Chesnaught|0 fnt
|faint|p1a: Chesnaught
|
|-heal|p2a: Clefable|90/100|[from] item: Leftovers
|upkeep
|
|t:|1743904535
|switch|p1a: Talonflame|Talonflame, M|100/100
|turn|7
|
|t:|1743904542
|move|p1a: Talonflame|Taunt|p2a: Clefable
|-start|p2a: Clefable|move: Taunt
|cant|p2a: Clefable|move: Taunt|Thunder Wave
|
|-heal|p2a: Clefable|96/100|[from] item: Leftovers
|upkeep
|turn|8
|
|t:|1743904554
|switch|p2a: Moltres|Moltres|100/100
|move|p1a: Talonflame|U-turn|p2a: Moltres
|-resisted|p2a: Moltres
|-damage|p2a: Moltres|97/100
|
|t:|1743904561
|switch|p1a: Gliscor|Gliscor, F|100/100|[from] U-turn
|
|-status|p1a: Gliscor|tox|[from] item: Toxic Orb
|upkeep
|turn|9
|
|t:|1743904566
|switch|p2a: Great Tusk|Great Tusk|100/100
|-damage|p2a: Great Tusk|84/100|[from] Spikes
|move|p1a: Gliscor|Knock Off|p2a: Great Tusk
|-resisted|p2a: Great Tusk
|-damage|p2a: Great Tusk|77/100
|-damage|p1a: Gliscor|84/100 tox|[from] item: Rocky Helmet|[of] p2a: Great Tusk
|-enditem|p2a: Great Tusk|Rocky Helmet|[from] move: Knock Off|[of] p1a: Gliscor
|
|-heal|p1a: Gliscor|96/100 tox|[from] ability: Poison Heal
|upkeep
|turn|10
|
|t:|1743904571
|-terastallize|p1a: Gliscor|Ghost
|move|p2a: Great Tusk|Knock Off|p1a: Gliscor
|-supereffective|p1a: Gliscor
|-damage|p1a: Gliscor|58/100 tox
|-enditem|p1a: Gliscor|Toxic Orb|[from] move: Knock Off|[of] p2a: Great Tusk
|move|p1a: Gliscor|Crabhammer|p2a: Great Tusk
|-supereffective|p2a: Great Tusk
|-damage|p2a: Great Tusk|45/100
|
|-heal|p1a: Gliscor|71/100 tox|[from] ability: Poison Heal
|upkeep
|turn|11
|
|t:|1743904583
|-end|p2a: Great Tusk|Protosynthesis|[silent]
|switch|p2a: Raging Tree|Exeggutor-Alola, F|100/100
|-damage|p2a: Raging Tree|84/100|[from] Spikes
|move|p1a: Gliscor|Stealth Rock|p2a: Raging Tree
|-sidestart|p2: Liiiy|move: Stealth Rock
|
|-heal|p1a: Gliscor|83/100 tox|[from] ability: Poison Heal
|upkeep
|turn|12
|
|t:|1743904589
|move|p1a: Gliscor|Protect|p1a: Gliscor
|-singleturn|p1a: Gliscor|Protect
|move|p2a: Raging Tree|Energy Ball|p1a: Gliscor
|-activate|p1a: Gliscor|move: Protect
|
|-heal|p1a: Gliscor|96/100 tox|[from] ability: Poison Heal
|upkeep
|turn|13
|
|t:|1743904592
|switch|p1a: Talonflame|Talonflame, M|100/100
|move|p2a: Raging Tree|Energy Ball|p1a: Talonflame
|-resisted|p1a: Talonflame
|-damage|p1a: Talonflame|85/100
|
|upkeep
|turn|14
|
|t:|1743904597
|move|p1a: Talonflame|U-turn|p2a: Raging Tree
|-supereffective|p2a: Raging Tree
|-crit|p2a: Raging Tree
|-damage|p2a: Raging Tree|45/100
|
|t:|1743904602
|switch|p1a: Gholdengo|Gholdengo|100/100|[from] U-turn
|-item|p1a: Gholdengo|Air Balloon
|move|p2a: Raging Tree|Draco Meteor|p1a: Gholdengo
|-resisted|p1a: Gholdengo
|-damage|p1a: Gholdengo|64/100
|-unboost|p2a: Raging Tree|spa|2
|-enditem|p1a: Gholdengo|Air Balloon
|
|upkeep
|turn|15
|
|t:|1743904607
|switch|p2a: Moltres|Moltres|97/100
|move|p1a: Gholdengo|Nasty Plot|p1a: Gholdengo
|-boost|p1a: Gholdengo|spa|2
|
|upkeep
|turn|16
|
|t:|1743904610
|move|p1a: Gholdengo|Thunderbolt|p2a: Moltres
|-supereffective|p2a: Moltres
|-damage|p2a: Moltres|20/100
|move|p2a: Moltres|Flamethrower|p1a: Gholdengo
|-supereffective|p1a: Gholdengo
|-damage|p1a: Gholdengo|0 fnt
|faint|p1a: Gholdengo
|
|upkeep
|
|t:|1743904617
|switch|p1a: Gliscor|Gliscor, F, tera:Ghost|96/100 tox
|turn|17
|
|t:|1743904628
|switch|p2a: Great Tusk|Great Tusk|45/100
|-damage|p2a: Great Tusk|29/100|[from] Spikes
|-damage|p2a: Great Tusk|25/100|[from] Stealth Rock
|move|p1a: Gliscor|Crabhammer|p2a: Great Tusk
|-supereffective|p2a: Great Tusk
|-damage|p2a: Great Tusk|0 fnt
|faint|p2a: Great Tusk
|-end|p2a: Great Tusk|Protosynthesis|[silent]
|
|-heal|p1a: Gliscor|100/100 tox|[from] ability: Poison Heal
|upkeep
|
|t:|1743904649
|switch|p2a: Raging Tree|Exeggutor-Alola, F|45/100
|-damage|p2a: Raging Tree|29/100|[from] Spikes
|-damage|p2a: Raging Tree|17/100|[from] Stealth Rock
|turn|18
|-enditem|p2a: Raging Tree|Custap Berry|[eat]
|-activate|p2a: Raging Tree|item: Custap Berry|[consumed]
|
|t:|1743904655
|move|p1a: Gliscor|Protect|p1a: Gliscor
|-singleturn|p1a: Gliscor|Protect
|move|p2a: Raging Tree|Energy Ball|p1a: Gliscor
|-activate|p1a: Gliscor|move: Protect
|
|-item|p2a: Raging Tree|Custap Berry|[from] ability: Harvest
|upkeep
|turn|19
|-enditem|p2a: Raging Tree|Custap Berry|[eat]
|-activate|p2a: Raging Tree|item: Custap Berry|[consumed]
|
|t:|1743904667
|move|p2a: Raging Tree|Energy Ball|p1a: Gliscor
|-damage|p1a: Gliscor|43/100 tox
|move|p1a: Gliscor|Knock Off|p2a: Raging Tree
|-damage|p2a: Raging Tree|0 fnt
|faint|p2a: Raging Tree
|
|-heal|p1a: Gliscor|55/100 tox|[from] ability: Poison Heal
|upkeep
|
|t:|1743904674
|switch|p2a: Ogerpon|Ogerpon-Cornerstone, F|100/100
|-damage|p2a: Ogerpon|84/100|[from] Spikes
|-damage|p2a: Ogerpon|72/100|[from] Stealth Rock
|turn|20
|
|t:|1743904678
|move|p2a: Ogerpon|Swords Dance|p2a: Ogerpon
|-boost|p2a: Ogerpon|atk|2
|move|p1a: Gliscor|Crabhammer|p2a: Ogerpon
|-damage|p2a: Ogerpon|38/100
|
|-heal|p1a: Gliscor|67/100 tox|[from] ability: Poison Heal
|upkeep
|turn|21
|
|t:|1743904683
|move|p2a: Ogerpon|Ivy Cudgel|p1a: Gliscor|[anim] Ivy Cudgel Rock
|-damage|p1a: Gliscor|0 fnt
|faint|p1a: Gliscor
|
|upkeep
|
|t:|1743904686
|switch|p1a: Talonflame|Talonflame, M|85/100
|turn|22
|
|t:|1743904694
|switch|p2a: Clefable|Clefable, F|96/100
|move|p1a: Talonflame|Overheat|p2a: Clefable
|-damage|p2a: Clefable|73/100
|-unboost|p1a: Talonflame|spa|2
|
|-heal|p2a: Clefable|79/100|[from] item: Leftovers
|upkeep
|turn|23
|
|t:|1743904703
|move|p1a: Talonflame|Taunt|p2a: Clefable
|-start|p2a: Clefable|move: Taunt
|move|p2a: Clefable|Moonblast|p1a: Talonflame
|-resisted|p1a: Talonflame
|-damage|p1a: Talonflame|65/100
|
|-heal|p2a: Clefable|85/100|[from] item: Leftovers
|upkeep
|turn|24
|
|t:|1743904706
|move|p1a: Talonflame|U-turn|p2a: Clefable
|-resisted|p2a: Clefable
|-damage|p2a: Clefable|78/100
|
|t:|1743904707
|switch|p1a: Clefable|Clefable, F|80/100 par|[from] U-turn
|move|p2a: Clefable|Moonblast|p1a: Clefable
|-damage|p1a: Clefable|59/100 par
|
|-heal|p2a: Clefable|84/100|[from] item: Leftovers
|upkeep
|turn|25
|
|t:|1743904712
|move|p2a: Clefable|Moonblast|p1a: Clefable
|-crit|p1a: Clefable
|-damage|p1a: Clefable|27/100 par
|move|p1a: Clefable|Wish|p1a: Clefable
|
|-heal|p2a: Clefable|90/100|[from] item: Leftovers
|-end|p2a: Clefable|move: Taunt
|upkeep
|turn|26
|
|t:|1743904722
|move|p1a: Clefable|Protect|p1a: Clefable
|-singleturn|p1a: Clefable|Protect
|move|p2a: Clefable|Stealth Rock|p1a: Clefable
|-sidestart|p1: CaffeineTheAddict|move: Stealth Rock
|
|-heal|p1a: Clefable|77/100 par|[from] move: Wish|[wisher] Clefable
|-heal|p2a: Clefable|96/100|[from] item: Leftovers
|upkeep
|turn|27
|
|t:|1743904727
|move|p2a: Clefable|Moonblast|p1a: Clefable
|-damage|p1a: Clefable|57/100 par
|move|p1a: Clefable|Moonblast|p2a: Clefable
|-damage|p2a: Clefable|69/100
|-unboost|p2a: Clefable|spa|1
|
|-heal|p2a: Clefable|75/100|[from] item: Leftovers
|upkeep
|turn|28
|
|t:|1743904734
|move|p2a: Clefable|Moonblast|p1a: Clefable
|-damage|p1a: Clefable|43/100 par
|move|p1a: Clefable|Moonblast|p2a: Clefable
|-damage|p2a: Clefable|48/100
|
|-heal|p2a: Clefable|54/100|[from] item: Leftovers
|upkeep
|turn|29
|
|t:|1743904741
|move|p2a: Clefable|Moonlight|p2a: Clefable
|-heal|p2a: Clefable|100/100
|move|p1a: Clefable|Moonblast|p2a: Clefable
|-damage|p2a: Clefable|74/100
|-unboost|p2a: Clefable|spa|1
|
|-heal|p2a: Clefable|80/100|[from] item: Leftovers
|upkeep
|turn|30
|
|t:|1743904752
|switch|p2a: Moltres|Moltres|20/100
|move|p1a: Clefable|Wish|p1a: Clefable
|
|upkeep
|turn|31
|
|t:|1743904760
|switch|p1a: Talonflame|Talonflame, M|65/100
|move|p2a: Moltres|Roost|p2a: Moltres
|-heal|p2a: Moltres|70/100
|-singleturn|p2a: Moltres|move: Roost
|
|-heal|p1a: Talonflame|100/100|[from] move: Wish|[wisher] Clefable
|upkeep
|turn|32
|
|t:|1743904776
|move|p1a: Talonflame|Taunt|p2a: Moltres
|-start|p2a: Moltres|move: Taunt
|move|p2a: Moltres|Flamethrower|p1a: Talonflame
|-resisted|p1a: Talonflame
|-crit|p1a: Talonflame
|-damage|p1a: Talonflame|64/100
|
|upkeep
|turn|33
|
|t:|1743904785
|move|p1a: Talonflame|U-turn|p2a: Moltres
|-resisted|p2a: Moltres
|-damage|p2a: Moltres|67/100
|
|t:|1743904792
|switch|p1a: Clefable|Clefable, F|43/100 par|[from] U-turn
|move|p2a: Moltres|Flamethrower|p1a: Clefable
|-damage|p1a: Clefable|16/100 par
|
|upkeep
|turn|34
|-message|CaffeineTheAddict forfeited.
|
|win|Liiiy
|raw|CaffeineTheAddict's rating: 1385 &rarr; <strong>1369</strong><br />(-16 for losing)
|raw|Liiiy's rating: 1451 &rarr; <strong>1467</strong><br />(+16 for winning)
|l|☆CaffeineTheAddict
|player|p1|
|l|☆Liiiy
|player|p2|
