|j|☆Tunder♚boltz
|j|☆DDDDD33333
|t:|1743866145
|gametype|singles
|player|p1|Tunder♚boltz|cheren-masters|1496
|player|p2|DDDDD33333|102|1501
|teamsize|p1|6
|teamsize|p2|6
|gen|9
|tier|[Gen 9] OU
|rated|
|rule|HP Percentage Mod: HP is shown in percentages
|rule|Endless Battle Clause: Forcing endless battles is banned
|rule|Species Clause: Limit one of each Pokémon
|rule|OHKO Clause: OHKO moves are banned
|rule|Evasion Items Clause: Evasion items are banned
|rule|Evasion Moves Clause: Evasion moves are banned
|rule|Sleep Moves Clause: Sleep-inducing moves are banned
|clearpoke
|poke|p1|Haxorus, M|
|poke|p1|Garchomp, M|
|poke|p1|Samurott-Hisui, M|
|poke|p1|Hatterene, F|
|poke|p1|Iron Moth|
|poke|p1|Iron Crown|
|poke|p2|Zamazenta-*|
|poke|p2|Meowscarada, F|
|poke|p2|Kingambit, M|
|poke|p2|Alomomola, F|
|poke|p2|Mandibuzz, F|
|poke|p2|Primarina, M|
|teampreview
|inactive|Battle timer is ON: inactive players will automatically lose when time's up. (requested by Tunder♚boltz)
|
|t:|1743866157
|start
|switch|p1a: Samurott|Samurott-Hisui, M|100/100
|switch|p2a: Meowscarada|Meowscarada, F, shiny|100/100
|turn|1
|
|t:|1743866169
|move|p2a: Meowscarada|U-turn|p1a: Samurott
|-start|p2a: Meowscarada|typechange|Bug|[from] ability: Protean
|-supereffective|p1a: Samurott
|-enditem|p1a: Samurott|Focus Sash
|-damage|p1a: Samurott|1/100
|
|t:|1743866171
|switch|p2a: Alomomola|Alomomola, F, shiny|100/100|[from] U-turn
|move|p1a: Samurott|Ceaseless Edge|p2a: Alomomola
|-damage|p2a: Alomomola|73/100
|-damage|p1a: Samurott|0 fnt|[from] item: Rocky Helmet|[of] p2a: Alomomola
|faint|p1a: Samurott
|
|upkeep
|
|t:|1743866179
|switch|p1a: Iron Crown|Iron Crown|100/100
|-enditem|p1a: Iron Crown|Booster Energy
|-activate|p1a: Iron Crown|ability: Quark Drive|[fromitem]
|-start|p1a: Iron Crown|quarkdrivespe
|turn|2
|
|t:|1743866182
|move|p1a: Iron Crown|Calm Mind|p1a: Iron Crown
|-boost|p1a: Iron Crown|spa|1
|-boost|p1a: Iron Crown|spd|1
|move|p2a: Alomomola|Flip Turn|p1a: Iron Crown
|-damage|p1a: Iron Crown|85/100
|
|t:|1743866198
|switch|p2a: Zamazenta|Zamazenta|100/100|[from] Flip Turn
|-ability|p2a: Zamazenta|Dauntless Shield|boost
|-boost|p2a: Zamazenta|def|1
|
|upkeep
|turn|3
|
|t:|1743866204
|-terastallize|p2a: Zamazenta|Steel
|move|p1a: Iron Crown|Tachyon Cutter|p2a: Zamazenta
|-resisted|p2a: Zamazenta
|-damage|p2a: Zamazenta|86/100
|-resisted|p2a: Zamazenta
|-damage|p2a: Zamazenta|71/100
|-hitcount|p2a: Zamazenta|2
|move|p2a: Zamazenta|Body Press|p1a: Iron Crown
|-damage|p1a: Iron Crown|36/100
|
|-heal|p2a: Zamazenta|78/100|[from] item: Leftovers
|upkeep
|turn|4
|
|t:|1743866208
|move|p1a: Iron Crown|Focus Blast|p2a: Zamazenta|[miss]
|-miss|p1a: Iron Crown|p2a: Zamazenta
|move|p2a: Zamazenta|Body Press|p1a: Iron Crown
|-damage|p1a: Iron Crown|0 fnt
|faint|p1a: Iron Crown
|-end|p1a: Iron Crown|Quark Drive|[silent]
|
|-heal|p2a: Zamazenta|84/100|[from] item: Leftovers
|upkeep
|c|☆Tunder♚boltz|epic Iron seller
|
|t:|1743866214
|switch|p1a: Iron Moth|Iron Moth|100/100
|-enditem|p1a: Iron Moth|Booster Energy
|-activate|p1a: Iron Moth|ability: Quark Drive|[fromitem]
|-start|p1a: Iron Moth|quarkdrivespe
|turn|5
|
|t:|1743866222
|switch|p2a: Alomomola|Alomomola, F, shiny|100/100
|move|p1a: Iron Moth|Substitute|p1a: Iron Moth
|-start|p1a: Iron Moth|Substitute
|-damage|p1a: Iron Moth|76/100
|
|upkeep
|turn|6
|
|t:|1743866224
|move|p1a: Iron Moth|Sludge Wave|p2a: Alomomola
|-damage|p2a: Alomomola|57/100
|move|p2a: Alomomola|Flip Turn|p1a: Iron Moth
|-supereffective|p1a: Iron Moth
|-end|p1a: Iron Moth|Substitute
|
|t:|1743866233
|switch|p2a: Zamazenta|Zamazenta, tera:Steel|84/100|[from] Flip Turn
|
|-heal|p2a: Zamazenta|90/100|[from] item: Leftovers
|upkeep
|turn|7
|
|t:|1743866235
|switch|p2a: Alomomola|Alomomola, F, shiny|90/100
|move|p1a: Iron Moth|Fiery Dance|p2a: Alomomola
|-resisted|p2a: Alomomola
|-damage|p2a: Alomomola|71/100
|
|upkeep
|turn|8
|
|t:|1743866237
|move|p1a: Iron Moth|Sludge Wave|p2a: Alomomola
|-damage|p2a: Alomomola|26/100
|move|p2a: Alomomola|Flip Turn|p1a: Iron Moth
|-supereffective|p1a: Iron Moth
|-damage|p1a: Iron Moth|29/100
|c|☆Tunder♚boltz|wtf is this damage??/
|
|t:|1743866244
|switch|p2a: Mandibuzz|Mandibuzz, F|100/100|[from] Flip Turn
|
|upkeep
|turn|9
|
|t:|1743866248
|move|p1a: Iron Moth|Dazzling Gleam|p2a: Mandibuzz
|-supereffective|p2a: Mandibuzz
|-damage|p2a: Mandibuzz|51/100
|move|p2a: Mandibuzz|Foul Play|p1a: Iron Moth
|-damage|p1a: Iron Moth|0 fnt
|faint|p1a: Iron Moth
|-end|p1a: Iron Moth|Quark Drive|[silent]
|
|upkeep
|
|t:|1743866251
|switch|p1a: Hatterene|Hatterene, F|100/100
|turn|10
|inactive|DDDDD33333 has 120 seconds left.
|
|t:|1743866287
|switch|p2a: Kingambit|Kingambit, M, shiny|100/100
|move|p1a: Hatterene|Calm Mind|p1a: Hatterene
|-boost|p1a: Hatterene|spa|1
|-boost|p1a: Hatterene|spd|1
|
|upkeep
|turn|11
|
|t:|1743866291
|move|p2a: Kingambit|Iron Head|p1a: Hatterene
|-supereffective|p1a: Hatterene
|-damage|p1a: Hatterene|33/100
|move|p1a: Hatterene|Mystical Fire|p2a: Kingambit
|-supereffective|p2a: Kingambit
|-damage|p2a: Kingambit|31/100
|-unboost|p2a: Kingambit|spa|1
|
|-heal|p2a: Kingambit|37/100|[from] item: Leftovers
|-heal|p1a: Hatterene|39/100|[from] item: Leftovers
|upkeep
|turn|12
|
|t:|1743866295
|move|p2a: Kingambit|Iron Head|p1a: Hatterene
|-supereffective|p1a: Hatterene
|-damage|p1a: Hatterene|0 fnt
|faint|p1a: Hatterene
|
|-heal|p2a: Kingambit|44/100|[from] item: Leftovers
|upkeep
|
|t:|1743866311
|switch|p1a: Garchomp|Garchomp, M|100/100
|turn|13
|
|t:|1743866315
|-end|p2a: Kingambit|fallenundefined|[silent]
|switch|p2a: Mandibuzz|Mandibuzz, F|51/100
|move|p1a: Garchomp|Swords Dance|p1a: Garchomp
|-boost|p1a: Garchomp|atk|2
|
|upkeep
|turn|14
|
|t:|1743866317
|move|p1a: Garchomp|Scale Shot|p2a: Mandibuzz
|-damage|p2a: Mandibuzz|35/100
|-crit|p2a: Mandibuzz
|-damage|p2a: Mandibuzz|10/100
|-damage|p2a: Mandibuzz|0 fnt
|faint|p2a: Mandibuzz
|-hitcount|p2: Mandibuzz|3
|-unboost|p1a: Garchomp|def|1
|-boost|p1a: Garchomp|spe|1
|
|upkeep
|
|t:|1743866324
|switch|p2a: Alomomola|Alomomola, F, shiny|59/100
|turn|15
|
|t:|1743866326
|move|p1a: Garchomp|Earthquake|p2a: Alomomola
|-damage|p2a: Alomomola|0 fnt
|faint|p2a: Alomomola
|
|upkeep
|
|t:|1743866329
|switch|p2a: Zamazenta|Zamazenta, tera:Steel|90/100
|turn|16
|
|t:|1743866334
|move|p1a: Garchomp|Earthquake|p2a: Zamazenta
|-supereffective|p2a: Zamazenta
|-damage|p2a: Zamazenta|0 fnt
|faint|p2a: Zamazenta
|
|upkeep
|
|t:|1743866336
|switch|p2a: Kingambit|Kingambit, M, shiny|44/100
|-activate|p2a: Kingambit|ability: Supreme Overlord
|-start|p2a: Kingambit|fallen3|[silent]
|turn|17
|
|t:|1743866339
|move|p2a: Kingambit|Sucker Punch|p1a: Garchomp
|-damage|p1a: Garchomp|34/100
|-damage|p2a: Kingambit|31/100|[from] ability: Rough Skin|[of] p1a: Garchomp
|move|p1a: Garchomp|Earthquake|p2a: Kingambit
|-supereffective|p2a: Kingambit
|-damage|p2a: Kingambit|0 fnt
|faint|p2a: Kingambit
|-end|p2a: Kingambit|fallen3|[silent]
|
|upkeep
|
|t:|1743866343
|switch|p2a: Meowscarada|Meowscarada, F, shiny|100/100
|turn|18
|
|t:|1743866345
|move|p1a: Garchomp|Fire Fang|p2a: Meowscarada
|-supereffective|p2a: Meowscarada
|-damage|p2a: Meowscarada|0 fnt
|faint|p2a: Meowscarada
|
|upkeep
|-message|DDDDD33333 forfeited.
|
|win|Tunder♚boltz
|raw|Tunder♚boltz's rating: 1496 &rarr; <strong>1516</strong><br />(+20 for winning)
|raw|DDDDD33333's rating: 1501 &rarr; <strong>1481</strong><br />(-20 for losing)
|l|☆DDDDD33333
|player|p2|
