|j|☆Aidsfish45
|j|☆miketysonson
|t:|1743788339
|gametype|singles
|player|p1|Aidsfish45|265|1349
|player|p2|miketysonson|1|1351
|teamsize|p1|6
|teamsize|p2|6
|gen|9
|tier|[Gen 9] OU
|rated|
|rule|HP Percentage Mod: HP is shown in percentages
|rule|Endless Battle Clause: Forcing endless battles is banned
|rule|Species Clause: Limit one of each Pokémon
|rule|OHKO Clause: OHKO moves are banned
|rule|Evasion Items Clause: Evasion items are banned
|rule|Evasion Moves Clause: Evasion moves are banned
|rule|Sleep Moves Clause: Sleep-inducing moves are banned
|clearpoke
|poke|p1|Cinccino, F|
|poke|p1|Dragonite, M|
|poke|p1|Porygon2|
|poke|p1|Arcanine, M|
|poke|p1|Gengar, F|
|poke|p1|Rotom-Wash|
|poke|p2|Ogerpon-Wellspring, F|
|poke|p2|Gliscor, F|
|poke|p2|Clefable, F|
|poke|p2|Great Tusk|
|poke|p2|Gholdengo|
|poke|p2|Kyurem|
|teampreview
|inactive|Battle timer is ON: inactive players will automatically lose when time's up. (requested by miketysonson)
|
|t:|1743788348
|start
|switch|p1a: Porygon2|Porygon2|100/100
|switch|p2a: Kyurem|Kyurem, shiny|100/100
|-ability|p2a: Kyurem|Pressure
|-ability|p1a: Porygon2|Download|boost
|-boost|p1a: Porygon2|atk|1
|turn|1
|
|t:|1743788360
|move|p2a: Kyurem|Dragon Dance|p2a: Kyurem
|-boost|p2a: Kyurem|atk|1
|-boost|p2a: Kyurem|spe|1
|move|p1a: Porygon2|Tri Attack|p2a: Kyurem
|-damage|p2a: Kyurem|65/100
|
|upkeep
|turn|2
|
|t:|1743788368
|move|p2a: Kyurem|Icicle Spear|p1a: Porygon2
|-damage|p1a: Porygon2|85/100
|-damage|p1a: Porygon2|71/100
|-hitcount|p1a: Porygon2|2
|move|p1a: Porygon2|Tri Attack|p2a: Kyurem
|-damage|p2a: Kyurem|27/100
|
|upkeep
|turn|3
|
|t:|1743788391
|move|p2a: Kyurem|Icicle Spear|p1a: Porygon2
|-damage|p1a: Porygon2|54/100
|-damage|p1a: Porygon2|38/100
|-damage|p1a: Porygon2|23/100
|-hitcount|p1a: Porygon2|3
|move|p1a: Porygon2|Tri Attack|p2a: Kyurem
|-damage|p2a: Kyurem|0 fnt
|faint|p2a: Kyurem
|
|upkeep
|
|t:|1743788402
|switch|p2a: Ogerpon|Ogerpon-Wellspring, F|100/100
|turn|4
|
|t:|1743788407
|move|p2a: Ogerpon|U-turn|p1a: Porygon2
|-damage|p1a: Porygon2|3/100
|
|t:|1743788410
|switch|p2a: Gholdengo|Gholdengo, shiny|100/100|[from] U-turn
|-item|p2a: Gholdengo|Air Balloon
|move|p1a: Porygon2|Tri Attack|p2a: Gholdengo
|-immune|p2a: Gholdengo
|
|upkeep
|turn|5
|
|t:|1743788420
|switch|p2a: Ogerpon|Ogerpon-Wellspring, F|100/100
|move|p1a: Porygon2|Shadow Ball|p2a: Ogerpon
|-damage|p2a: Ogerpon|70/100
|
|upkeep
|turn|6
|
|t:|1743788423
|move|p2a: Ogerpon|U-turn|p1a: Porygon2
|-damage|p1a: Porygon2|0 fnt
|faint|p1a: Porygon2
|
|t:|1743788427
|switch|p2a: Gliscor|Gliscor, F, shiny|100/100|[from] U-turn
|
|-status|p2a: Gliscor|tox|[from] item: Toxic Orb
|upkeep
|
|t:|1743788432
|switch|p1a: Rotom|Rotom-Wash|100/100
|turn|7
|
|t:|1743788438
|move|p2a: Gliscor|Protect|p2a: Gliscor
|-singleturn|p2a: Gliscor|Protect
|move|p1a: Rotom|Hydro Pump|p2a: Gliscor
|-activate|p2a: Gliscor|move: Protect
|
|upkeep
|turn|8
|
|t:|1743788443
|switch|p2a: Great Tusk|Great Tusk, shiny|100/100
|switch|p1a: Cinccino|Cinccino, F|100/100
|
|upkeep
|turn|9
|
|t:|1743788452
|-end|p2a: Great Tusk|Protosynthesis|[silent]
|switch|p2a: Clefable|Clefable, F, shiny|100/100
|move|p1a: Cinccino|Bullet Seed|p2a: Clefable
|-damage|p2a: Clefable|92/100
|-damage|p2a: Clefable|85/100
|-damage|p2a: Clefable|76/100
|-damage|p2a: Clefable|68/100
|-hitcount|p2a: Clefable|4
|
|upkeep
|turn|10
|
|t:|1743788457
|move|p1a: Cinccino|Tidy Up|p1a: Cinccino
|-boost|p1a: Cinccino|atk|1
|-boost|p1a: Cinccino|spe|1
|move|p2a: Clefable|Thunder Wave|p1a: Cinccino
|-status|p1a: Cinccino|par
|
|upkeep
|turn|11
|
|t:|1743788462
|move|p1a: Cinccino|Tidy Up|p1a: Cinccino
|-boost|p1a: Cinccino|atk|1
|-boost|p1a: Cinccino|spe|1
|move|p2a: Clefable|Moonlight|p2a: Clefable
|-heal|p2a: Clefable|100/100
|
|upkeep
|turn|12
|
|t:|1743788469
|move|p1a: Cinccino|Tidy Up|p1a: Cinccino
|-boost|p1a: Cinccino|atk|1
|-boost|p1a: Cinccino|spe|1
|move|p2a: Clefable|Moonblast|p1a: Cinccino
|-damage|p1a: Cinccino|44/100 par
|
|upkeep
|turn|13
|
|t:|1743788475
|move|p1a: Cinccino|Tail Slap|p2a: Clefable|[miss]
|-miss|p1a: Cinccino|p2a: Clefable
|move|p2a: Clefable|Moonblast|p1a: Cinccino
|-damage|p1a: Cinccino|0 fnt
|faint|p1a: Cinccino
|
|upkeep
|
|t:|1743788478
|switch|p1a: Arcanine|Arcanine, M|100/100
|turn|14
|
|t:|1743788482
|move|p1a: Arcanine|Flare Blitz|p2a: Clefable
|-damage|p2a: Clefable|42/100
|-damage|p1a: Arcanine|84/100|[from] item: Rocky Helmet|[of] p2a: Clefable
|-damage|p1a: Arcanine|60/100|[from] Recoil
|move|p2a: Clefable|Thunder Wave|p1a: Arcanine
|-status|p1a: Arcanine|par
|
|upkeep
|turn|15
|
|t:|1743788490
|switch|p2a: Gliscor|Gliscor, F, shiny|100/100 tox
|move|p1a: Arcanine|Flare Blitz|p2a: Gliscor
|-damage|p2a: Gliscor|34/100 tox
|-damage|p1a: Arcanine|36/100 par|[from] Recoil
|
|-heal|p2a: Gliscor|47/100 tox|[from] ability: Poison Heal
|upkeep
|turn|16
|
|t:|1743788495
|move|p2a: Gliscor|Protect|p2a: Gliscor
|-singleturn|p2a: Gliscor|Protect
|move|p1a: Arcanine|Flare Blitz|p2a: Gliscor
|-activate|p2a: Gliscor|move: Protect
|
|-heal|p2a: Gliscor|59/100 tox|[from] ability: Poison Heal
|upkeep
|turn|17
|
|t:|1743788504
|move|p2a: Gliscor|Earthquake|p1a: Arcanine
|-supereffective|p1a: Arcanine
|-damage|p1a: Arcanine|0 fnt
|faint|p1a: Arcanine
|
|-heal|p2a: Gliscor|71/100 tox|[from] ability: Poison Heal
|upkeep
|
|t:|1743788508
|switch|p1a: Rotom|Rotom-Wash|100/100
|turn|18
|
|t:|1743788515
|switch|p2a: Ogerpon|Ogerpon-Wellspring, F|70/100
|move|p1a: Rotom|Hydro Pump|p2a: Ogerpon
|-heal|p2a: Ogerpon|95/100|[from] ability: Water Absorb|[of] p1a: Rotom
|
|upkeep
|turn|19
|
|t:|1743788520
|move|p2a: Ogerpon|Power Whip|p1a: Rotom
|-supereffective|p1a: Rotom
|-damage|p1a: Rotom|0 fnt
|faint|p1a: Rotom
|
|upkeep
|
|t:|1743788524
|switch|p1a: Gengar|Gengar, F|100/100
|turn|20
|
|t:|1743788527
|move|p1a: Gengar|Shadow Ball|p2a: Ogerpon
|-damage|p2a: Ogerpon|40/100
|move|p2a: Ogerpon|Knock Off|p1a: Gengar
|-supereffective|p1a: Gengar
|-crit|p1a: Gengar
|-damage|p1a: Gengar|0 fnt
|-start|p2a: Ogerpon|Disable|Knock Off|[from] ability: Cursed Body|[of] p1a: Gengar
|-enditem|p1a: Gengar|Choice Scarf|[from] move: Knock Off|[of] p2a: Ogerpon
|faint|p1a: Gengar
|
|upkeep
|
|t:|1743788530
|switch|p1a: Dragonite|Dragonite, M|100/100
|turn|21
|
|t:|1743788532
|move|p1a: Dragonite|Extreme Speed|p2a: Ogerpon
|-damage|p2a: Ogerpon|1/100
|move|p2a: Ogerpon|U-turn|p1a: Dragonite
|-resisted|p1a: Dragonite
|-damage|p1a: Dragonite|92/100
|
|t:|1743788535
|switch|p2a: Great Tusk|Great Tusk, shiny|100/100|[from] U-turn
|
|upkeep
|turn|22
|
|t:|1743788544
|-terastallize|p1a: Dragonite|Normal
|move|p1a: Dragonite|Extreme Speed|p2a: Great Tusk
|-damage|p2a: Great Tusk|69/100
|-damage|p1a: Dragonite|76/100|[from] item: Rocky Helmet|[of] p2a: Great Tusk
|move|p2a: Great Tusk|Ice Spinner|p1a: Dragonite
|-damage|p1a: Dragonite|52/100
|
|upkeep
|turn|23
|
|t:|1743788550
|move|p1a: Dragonite|Extreme Speed|p2a: Great Tusk
|-damage|p2a: Great Tusk|40/100
|-damage|p1a: Dragonite|35/100|[from] item: Rocky Helmet|[of] p2a: Great Tusk
|move|p2a: Great Tusk|Headlong Rush|p1a: Dragonite
|-damage|p1a: Dragonite|0 fnt
|-unboost|p2a: Great Tusk|def|1
|-unboost|p2a: Great Tusk|spd|1
|faint|p1a: Dragonite
|
|win|miketysonson
|raw|Aidsfish45's rating: 1349 &rarr; <strong>1329</strong><br />(-20 for losing)
|raw|miketysonson's rating: 1351 &rarr; <strong>1371</strong><br />(+20 for winning)
|l|☆Aidsfish45
|player|p1|
|l|☆miketysonson
|player|p2|
