|j|☆abhii.g
|j|☆lactoo
|t:|1743800457
|gametype|singles
|player|p1|abhii.g|bruno|1422
|player|p2|lactoo|roxie-masters|1352
|teamsize|p1|6
|teamsize|p2|6
|gen|9
|tier|[Gen 9] OU
|rated|
|rule|HP Percentage Mod: HP is shown in percentages
|rule|Endless Battle Clause: Forcing endless battles is banned
|rule|Species Clause: Limit one of each Pokémon
|rule|OHKO Clause: OHKO moves are banned
|rule|Evasion Items Clause: Evasion items are banned
|rule|Evasion Moves Clause: Evasion moves are banned
|rule|Sleep Moves Clause: Sleep-inducing moves are banned
|clearpoke
|poke|p1|Ting-Lu|
|poke|p1|Gliscor, M|
|poke|p1|Sinistcha|
|poke|p1|Keldeo|
|poke|p1|Tinkaton, F|
|poke|p1|Dragonite, M|
|poke|p2|Corviknight, F|
|poke|p2|Ceruledge, M|
|poke|p2|Ting-Lu|
|poke|p2|Ogerpon-Wellspring, F|
|poke|p2|Iron Crown|
|poke|p2|Kyurem|
|teampreview
|inactive|Battle timer is ON: inactive players will automatically lose when time's up. (requested by abhii.g)
|
|t:|1743800465
|start
|switch|p1a: Tink Duncan|Tinkaton, F|100/100
|switch|p2a: Kyurem|Kyurem|100/100
|-ability|p2a: Kyurem|Pressure
|-ability|p1a: Tink Duncan|Mold Breaker
|-item|p1a: Tink Duncan|Air Balloon
|turn|1
|
|t:|1743800476
|move|p2a: Kyurem|Ice Beam|p1a: Tink Duncan
|-resisted|p1a: Tink Duncan
|-damage|p1a: Tink Duncan|72/100
|-enditem|p1a: Tink Duncan|Air Balloon
|move|p1a: Tink Duncan|Thunder Wave|p2a: Kyurem
|-status|p2a: Kyurem|par
|
|upkeep
|turn|2
|
|t:|1743800488
|switch|p2a: Ceruledge|Ceruledge, M|100/100
|move|p1a: Tink Duncan|Stealth Rock|p2a: Ceruledge
|-sidestart|p2: lactoo|move: Stealth Rock
|
|upkeep
|turn|3
|
|t:|1743800492
|move|p1a: Tink Duncan|Thunder Wave|p2a: Ceruledge
|-status|p2a: Ceruledge|par
|cant|p2a: Ceruledge|par
|
|upkeep
|turn|4
|
|t:|1743800497
|switch|p1a: ShaqTing A Fool|Ting-Lu|100/100
|-ability|p1a: ShaqTing A Fool|Vessel of Ruin
|cant|p2a: Ceruledge|par
|
|upkeep
|turn|5
|c|☆lactoo|dude
|
|t:|1743800507
|switch|p2a: Corviknight|Corviknight, F|100/100
|-damage|p2a: Corviknight|88/100|[from] Stealth Rock
|-ability|p2a: Corviknight|Pressure
|move|p1a: ShaqTing A Fool|Whirlwind|p2a: Corviknight
|drag|p2a: Iron Crown|Iron Crown|100/100
|-damage|p2a: Iron Crown|94/100|[from] Stealth Rock
|
|upkeep
|turn|6
|
|t:|1743800515
|-end|p2a: Iron Crown|Quark Drive|[silent]
|switch|p2a: Corviknight|Corviknight, F|88/100
|-damage|p2a: Corviknight|76/100|[from] Stealth Rock
|-ability|p2a: Corviknight|Pressure
|move|p1a: ShaqTing A Fool|Spikes|p2a: Corviknight
|-sidestart|p2: lactoo|Spikes
|
|upkeep
|turn|7
|
|t:|1743800522
|move|p2a: Corviknight|Defog|p1a: ShaqTing A Fool
|-unboost|p1a: ShaqTing A Fool|evasion|1
|-sideend|p2: lactoo|Spikes|[from] move: Defog|[of] p2a: Corviknight
|-sideend|p2: lactoo|Stealth Rock|[from] move: Defog|[of] p2a: Corviknight
|move|p1a: ShaqTing A Fool|Spikes|p2a: Corviknight
|-sidestart|p2: lactoo|Spikes
|
|upkeep
|turn|8
|
|t:|1743800528
|move|p2a: Corviknight|U-turn|p1a: ShaqTing A Fool
|-supereffective|p1a: ShaqTing A Fool
|-damage|p1a: ShaqTing A Fool|85/100
|
|t:|1743800531
|switch|p2a: Kyurem|Kyurem|100/100 par|[from] U-turn
|-damage|p2a: Kyurem|88/100 par|[from] Spikes
|-ability|p2a: Kyurem|Pressure
|move|p1a: ShaqTing A Fool|Spikes|p2a: Kyurem
|-sidestart|p2: lactoo|Spikes
|
|-heal|p1a: ShaqTing A Fool|91/100|[from] item: Leftovers
|upkeep
|turn|9
|
|t:|1743800541
|switch|p1a: Tink Duncan|Tinkaton, F|72/100
|-ability|p1a: Tink Duncan|Mold Breaker
|move|p2a: Kyurem|Earth Power|p1a: Tink Duncan
|-supereffective|p1a: Tink Duncan
|-damage|p1a: Tink Duncan|0 fnt
|faint|p1a: Tink Duncan
|
|upkeep
|
|t:|1743800554
|switch|p1a: BronBronBlade|Keldeo|100/100
|turn|10
|
|t:|1743800560
|switch|p2a: Corviknight|Corviknight, F|76/100
|-ability|p2a: Corviknight|Pressure
|move|p1a: BronBronBlade|Flip Turn|p2a: Corviknight
|-damage|p2a: Corviknight|67/100
|-damage|p1a: BronBronBlade|84/100|[from] item: Rocky Helmet|[of] p2a: Corviknight
|
|t:|1743800567
|switch|p1a: 2WayWing|Gliscor, M|100/100|[from] Flip Turn
|
|-status|p1a: 2WayWing|tox|[from] item: Toxic Orb
|upkeep
|turn|11
|
|t:|1743800572
|move|p1a: 2WayWing|Knock Off|p2a: Corviknight
|-damage|p2a: Corviknight|53/100
|-damage|p1a: 2WayWing|84/100 tox|[from] item: Rocky Helmet|[of] p2a: Corviknight
|-enditem|p2a: Corviknight|Rocky Helmet|[from] move: Knock Off|[of] p1a: 2WayWing
|move|p2a: Corviknight|Roost|p2a: Corviknight
|-heal|p2a: Corviknight|100/100
|-singleturn|p2a: Corviknight|move: Roost
|
|-heal|p1a: 2WayWing|97/100 tox|[from] ability: Poison Heal
|upkeep
|turn|12
|
|t:|1743800578
|move|p1a: 2WayWing|Swords Dance|p1a: 2WayWing
|-boost|p1a: 2WayWing|atk|2
|move|p2a: Corviknight|Defog|p1a: 2WayWing
|-unboost|p1a: 2WayWing|evasion|1
|-sideend|p2: lactoo|Spikes|[from] move: Defog|[of] p2a: Corviknight
|
|-heal|p1a: 2WayWing|100/100 tox|[from] ability: Poison Heal
|upkeep
|turn|13
|
|t:|1743800584
|move|p1a: 2WayWing|Swords Dance|p1a: 2WayWing
|-boost|p1a: 2WayWing|atk|2
|move|p2a: Corviknight|U-turn|p1a: 2WayWing
|-resisted|p1a: 2WayWing
|-damage|p1a: 2WayWing|95/100 tox
|
|t:|1743800588
|switch|p2a: Ogerpon|Ogerpon-Wellspring, F|100/100|[from] U-turn
|
|-heal|p1a: 2WayWing|100/100 tox|[from] ability: Poison Heal
|upkeep
|turn|14
|
|t:|1743800593
|-terastallize|p1a: 2WayWing|Normal
|move|p2a: Ogerpon|Ivy Cudgel|p1a: 2WayWing|[anim] Ivy Cudgel Water
|-damage|p1a: 2WayWing|52/100 tox
|move|p1a: 2WayWing|Facade|p2a: Ogerpon
|-damage|p2a: Ogerpon|0 fnt
|faint|p2a: Ogerpon
|
|-heal|p1a: 2WayWing|64/100 tox|[from] ability: Poison Heal
|upkeep
|
|t:|1743800608
|switch|p2a: Corviknight|Corviknight, F|100/100
|-ability|p2a: Corviknight|Pressure
|turn|15
|
|t:|1743800614
|move|p1a: 2WayWing|Protect|p1a: 2WayWing
|-singleturn|p1a: 2WayWing|Protect
|move|p2a: Corviknight|Brave Bird|p1a: 2WayWing
|-activate|p1a: 2WayWing|move: Protect
|
|-heal|p1a: 2WayWing|77/100 tox|[from] ability: Poison Heal
|upkeep
|turn|16
|
|t:|1743800623
|move|p1a: 2WayWing|Facade|p2a: Corviknight
|-resisted|p2a: Corviknight
|-damage|p2a: Corviknight|61/100
|move|p2a: Corviknight|Brave Bird|p1a: 2WayWing
|-damage|p1a: 2WayWing|49/100 tox
|-damage|p2a: Corviknight|53/100|[from] Recoil
|
|-heal|p1a: 2WayWing|61/100 tox|[from] ability: Poison Heal
|upkeep
|turn|17
|
|t:|1743800631
|move|p1a: 2WayWing|Facade|p2a: Corviknight
|-resisted|p2a: Corviknight
|-damage|p2a: Corviknight|11/100
|move|p2a: Corviknight|Roost|p2a: Corviknight
|-heal|p2a: Corviknight|61/100
|-singleturn|p2a: Corviknight|move: Roost
|
|-heal|p1a: 2WayWing|74/100 tox|[from] ability: Poison Heal
|upkeep
|turn|18
|
|t:|1743800641
|move|p1a: 2WayWing|Swords Dance|p1a: 2WayWing
|-boost|p1a: 2WayWing|atk|2
|move|p2a: Corviknight|Roost|p2a: Corviknight
|-heal|p2a: Corviknight|100/100
|-singleturn|p2a: Corviknight|move: Roost
|
|-heal|p1a: 2WayWing|86/100 tox|[from] ability: Poison Heal
|upkeep
|turn|19
|
|t:|1743800646
|move|p1a: 2WayWing|Protect|p1a: 2WayWing
|-singleturn|p1a: 2WayWing|Protect
|move|p2a: Corviknight|U-turn|p1a: 2WayWing
|-activate|p1a: 2WayWing|move: Protect
|
|-heal|p1a: 2WayWing|99/100 tox|[from] ability: Poison Heal
|upkeep
|turn|20
|
|t:|1743800651
|move|p1a: 2WayWing|Facade|p2a: Corviknight
|-resisted|p2a: Corviknight
|-damage|p2a: Corviknight|44/100
|move|p2a: Corviknight|U-turn|p1a: 2WayWing
|-damage|p1a: 2WayWing|87/100 tox
|
|t:|1743800665
|switch|p2a: Ting-Lu|Ting-Lu|100/100|[from] U-turn
|-ability|p2a: Ting-Lu|Vessel of Ruin
|
|-heal|p1a: 2WayWing|99/100 tox|[from] ability: Poison Heal
|upkeep
|turn|21
|
|t:|1743800670
|move|p1a: 2WayWing|Facade|p2a: Ting-Lu
|-damage|p2a: Ting-Lu|0 fnt
|faint|p2a: Ting-Lu
|
|-heal|p1a: 2WayWing|100/100 tox|[from] ability: Poison Heal
|upkeep
|
|t:|1743800675
|switch|p2a: Iron Crown|Iron Crown|94/100
|turn|22
|
|t:|1743800681
|-terastallize|p2a: Iron Crown|Fighting
|move|p1a: 2WayWing|Knock Off|p2a: Iron Crown
|-resisted|p2a: Iron Crown
|-damage|p2a: Iron Crown|54/100
|-enditem|p2a: Iron Crown|Weakness Policy|[from] move: Knock Off|[of] p1a: 2WayWing
|move|p2a: Iron Crown|Focus Blast|p1a: 2WayWing
|-supereffective|p1a: 2WayWing
|-damage|p1a: 2WayWing|0 fnt
|faint|p1a: 2WayWing
|
|upkeep
|c|☆abhii.g|ahh
|
|t:|1743800699
|switch|p1a: ShaqTing A Fool|Ting-Lu|91/100
|-ability|p1a: ShaqTing A Fool|Vessel of Ruin
|turn|23
|
|t:|1743800708
|-end|p2a: Iron Crown|Quark Drive|[silent]
|switch|p2a: Corviknight|Corviknight, F|44/100
|-ability|p2a: Corviknight|Pressure
|move|p1a: ShaqTing A Fool|Whirlwind|p2a: Corviknight
|drag|p2a: Ceruledge|Ceruledge, M|100/100 par
|
|-heal|p1a: ShaqTing A Fool|97/100|[from] item: Leftovers
|upkeep
|turn|24
|
|t:|1743800717
|switch|p2a: Corviknight|Corviknight, F|44/100
|-ability|p2a: Corviknight|Pressure
|move|p1a: ShaqTing A Fool|Spikes|p2a: Corviknight
|-sidestart|p2: lactoo|Spikes
|
|-heal|p1a: ShaqTing A Fool|100/100|[from] item: Leftovers
|upkeep
|turn|25
|
|t:|1743800725
|move|p2a: Corviknight|Roost|p2a: Corviknight
|-heal|p2a: Corviknight|94/100
|-singleturn|p2a: Corviknight|move: Roost
|move|p1a: ShaqTing A Fool|Ruination|p2a: Corviknight
|-damage|p2a: Corviknight|48/100
|
|upkeep
|turn|26
|
|t:|1743800731
|move|p2a: Corviknight|Defog|p1a: ShaqTing A Fool
|-unboost|p1a: ShaqTing A Fool|evasion|1
|-sideend|p2: lactoo|Spikes|[from] move: Defog|[of] p2a: Corviknight
|move|p1a: ShaqTing A Fool|Spikes|p2a: Corviknight
|-sidestart|p2: lactoo|Spikes
|
|upkeep
|turn|27
|
|t:|1743800735
|move|p2a: Corviknight|Roost|p2a: Corviknight
|-heal|p2a: Corviknight|98/100
|-singleturn|p2a: Corviknight|move: Roost
|move|p1a: ShaqTing A Fool|Whirlwind|p2a: Corviknight
|drag|p2a: Ceruledge|Ceruledge, M|100/100 par
|-damage|p2a: Ceruledge|88/100 par|[from] Spikes
|
|upkeep
|turn|28
|
|t:|1743800744
|move|p1a: ShaqTing A Fool|Spikes|p2a: Ceruledge
|-sidestart|p2: lactoo|Spikes
|cant|p2a: Ceruledge|par
|
|upkeep
|turn|29
|
|t:|1743800748
|move|p2a: Ceruledge|Close Combat|p1a: ShaqTing A Fool
|-supereffective|p1a: ShaqTing A Fool
|-damage|p1a: ShaqTing A Fool|58/100
|-unboost|p2a: Ceruledge|def|1
|-unboost|p2a: Ceruledge|spd|1
|move|p1a: ShaqTing A Fool|Whirlwind|p2a: Ceruledge
|drag|p2a: Kyurem|Kyurem|88/100 par
|-damage|p2a: Kyurem|72/100 par|[from] Spikes
|-ability|p2a: Kyurem|Pressure
|
|-heal|p1a: ShaqTing A Fool|64/100|[from] item: Leftovers
|upkeep
|turn|30
|
|t:|1743800758
|move|p2a: Kyurem|Freeze-Dry|p1a: ShaqTing A Fool
|-supereffective|p1a: ShaqTing A Fool
|-damage|p1a: ShaqTing A Fool|20/100
|move|p1a: ShaqTing A Fool|Earthquake|p2a: Kyurem
|-damage|p2a: Kyurem|35/100 par
|
|-heal|p1a: ShaqTing A Fool|27/100|[from] item: Leftovers
|upkeep
|turn|31
|
|t:|1743800761
|move|p2a: Kyurem|Freeze-Dry|p1a: ShaqTing A Fool
|-supereffective|p1a: ShaqTing A Fool
|-damage|p1a: ShaqTing A Fool|0 fnt
|faint|p1a: ShaqTing A Fool
|
|upkeep
|
|t:|1743800765
|switch|p1a: BronBronBlade|Keldeo|84/100
|turn|32
|
|t:|1743800767
|move|p1a: BronBronBlade|Aura Sphere|p2a: Kyurem
|-supereffective|p2a: Kyurem
|-crit|p2a: Kyurem
|-damage|p2a: Kyurem|0 fnt
|faint|p2a: Kyurem
|
|upkeep
|
|t:|1743800771
|switch|p2a: Ceruledge|Ceruledge, M|88/100 par
|-damage|p2a: Ceruledge|72/100 par|[from] Spikes
|turn|33
|
|t:|1743800775
|move|p1a: BronBronBlade|Surf|p2a: Ceruledge
|-supereffective|p2a: Ceruledge
|-damage|p2a: Ceruledge|18/100 par
|move|p2a: Ceruledge|Poltergeist|p1a: BronBronBlade
|-activate|p1a: BronBronBlade|move: Poltergeist|Heavy-Duty Boots
|-damage|p1a: BronBronBlade|22/100
|
|upkeep
|turn|34
|c|☆abhii.g|goddamn how bulky is this??
|c|☆abhii.g|are u AV?
|c|☆lactoo|heheh
|inactive|abhii.g has 120 seconds left.
|
|t:|1743800810
|switch|p1a: Tea-Mac|Sinistcha|100/100
|cant|p2a: Ceruledge|par
|
|upkeep
|turn|35
|c|☆abhii.g|damn mb
|inactive|abhii.g has 120 seconds left.
|c|☆abhii.g|paras hurting
|c|☆lactoo|:(
|c|☆lactoo|ye
|
|t:|1743800830
|move|p2a: Ceruledge|Shadow Sneak|p1a: Tea-Mac
|-supereffective|p1a: Tea-Mac
|-damage|p1a: Tea-Mac|74/100
|move|p1a: Tea-Mac|Strength Sap|p2a: Ceruledge
|-unboost|p2a: Ceruledge|atk|1
|-heal|p1a: Tea-Mac|100/100
|
|upkeep
|turn|36
|inactive|abhii.g has 120 seconds left.
|
|t:|1743800840
|switch|p2a: Corviknight|Corviknight, F|98/100
|-ability|p2a: Corviknight|Pressure
|move|p1a: Tea-Mac|Strength Sap|p2a: Corviknight
|-unboost|p2a: Corviknight|atk|1
|
|upkeep
|turn|37
|inactive|abhii.g has 120 seconds left.
|
|t:|1743800846
|move|p1a: Tea-Mac|Matcha Gotcha|p2a: Corviknight|[miss]
|-miss|p1a: Tea-Mac|p2a: Corviknight
|move|p2a: Corviknight|Defog|p1a: Tea-Mac
|-unboost|p1a: Tea-Mac|evasion|1
|-sideend|p2: lactoo|Spikes|[from] move: Defog|[of] p2a: Corviknight
|
|upkeep
|turn|38
|c|☆abhii.g|hehe
|
|t:|1743800855
|move|p1a: Tea-Mac|Matcha Gotcha|p2a: Corviknight
|-resisted|p2a: Corviknight
|-damage|p2a: Corviknight|90/100
|move|p2a: Corviknight|U-turn|p1a: Tea-Mac
|-damage|p1a: Tea-Mac|94/100
|
|t:|1743800861
|switch|p2a: Iron Crown|Iron Crown, tera:Fighting|54/100|[from] U-turn
|
|upkeep
|turn|39
|
|t:|1743800872
|move|p2a: Iron Crown|Agility|p2a: Iron Crown
|-boost|p2a: Iron Crown|spe|2
|move|p1a: Tea-Mac|Shadow Ball|p2a: Iron Crown
|-damage|p2a: Iron Crown|25/100
|
|upkeep
|turn|40
|
|t:|1743800883
|move|p2a: Iron Crown|Calm Mind|p2a: Iron Crown
|-boost|p2a: Iron Crown|spa|1
|-boost|p2a: Iron Crown|spd|1
|move|p1a: Tea-Mac|Shadow Ball|p2a: Iron Crown
|-damage|p2a: Iron Crown|7/100
|
|upkeep
|turn|41
|c|☆abhii.g|yk i have espeed right
|
|t:|1743800893
|move|p2a: Iron Crown|Stored Power|p1a: Tea-Mac
|-damage|p1a: Tea-Mac|17/100
|move|p1a: Tea-Mac|Shadow Ball|p2a: Iron Crown
|-damage|p2a: Iron Crown|0 fnt
|faint|p2a: Iron Crown
|-end|p2a: Iron Crown|Quark Drive|[silent]
|
|upkeep
|c|☆lactoo|noooooooooo
|c|☆lactoo|i just wanted to ko the tea
|
|t:|1743800907
|switch|p2a: Ceruledge|Ceruledge, M|18/100 par
|turn|42
|
|t:|1743800911
|move|p2a: Ceruledge|Shadow Sneak|p1a: Tea-Mac
|-supereffective|p1a: Tea-Mac
|-damage|p1a: Tea-Mac|0 fnt
|faint|p1a: Tea-Mac
|
|upkeep
|
|t:|1743800918
|switch|p1a: SkyHookite|Dragonite, M|100/100
|turn|43
|
|t:|1743800924
|move|p2a: Ceruledge|Poltergeist|p1a: SkyHookite
|-activate|p1a: SkyHookite|move: Poltergeist|Heavy-Duty Boots
|-damage|p1a: SkyHookite|76/100
|move|p1a: SkyHookite|Dragon Tail|p2a: Ceruledge
|-damage|p2a: Ceruledge|0 fnt
|faint|p2a: Ceruledge
|
|upkeep
|
|t:|1743800932
|switch|p2a: Corviknight|Corviknight, F|90/100
|-ability|p2a: Corviknight|Pressure
|turn|44
|
|t:|1743800939
|move|p1a: SkyHookite|Roost|p1a: SkyHookite
|-heal|p1a: SkyHookite|100/100
|-singleturn|p1a: SkyHookite|move: Roost
|move|p2a: Corviknight|Brave Bird|p1a: SkyHookite
|-damage|p1a: SkyHookite|83/100
|-damage|p2a: Corviknight|84/100|[from] Recoil
|
|upkeep
|turn|45
|
|t:|1743800949
|move|p2a: Corviknight|Brave Bird|p1a: SkyHookite
|-damage|p1a: SkyHookite|52/100
|-damage|p2a: Corviknight|74/100|[from] Recoil
|move|p1a: SkyHookite|Dragon Tail|p2a: Corviknight
|-resisted|p2a: Corviknight
|-damage|p2a: Corviknight|64/100
|
|upkeep
|turn|46
|
|t:|1743800956
|move|p1a: SkyHookite|Roost|p1a: SkyHookite
|-heal|p1a: SkyHookite|100/100
|-singleturn|p1a: SkyHookite|move: Roost
|move|p2a: Corviknight|Brave Bird|p1a: SkyHookite
|-damage|p1a: SkyHookite|84/100
|-damage|p2a: Corviknight|59/100|[from] Recoil
|
|upkeep
|turn|47
|
|t:|1743800964
|move|p2a: Corviknight|Brave Bird|p1a: SkyHookite
|-damage|p1a: SkyHookite|52/100
|-damage|p2a: Corviknight|49/100|[from] Recoil
|move|p1a: SkyHookite|Dragon Tail|p2a: Corviknight
|-resisted|p2a: Corviknight
|-damage|p2a: Corviknight|38/100
|
|upkeep
|turn|48
|
|t:|1743800972
|move|p1a: SkyHookite|Roost|p1a: SkyHookite
|-heal|p1a: SkyHookite|100/100
|-singleturn|p1a: SkyHookite|move: Roost
|move|p2a: Corviknight|Brave Bird|p1a: SkyHookite
|-damage|p1a: SkyHookite|85/100
|-damage|p2a: Corviknight|34/100|[from] Recoil
|
|upkeep
|turn|49
|
|t:|1743800981
|move|p2a: Corviknight|Roost|p2a: Corviknight
|-heal|p2a: Corviknight|84/100
|-singleturn|p2a: Corviknight|move: Roost
|move|p1a: SkyHookite|Dragon Tail|p2a: Corviknight
|-resisted|p2a: Corviknight
|-damage|p2a: Corviknight|74/100
|
|upkeep
|turn|50
|
|t:|1743800996
|move|p1a: SkyHookite|Roost|p1a: SkyHookite
|-heal|p1a: SkyHookite|100/100
|-singleturn|p1a: SkyHookite|move: Roost
|move|p2a: Corviknight|Brave Bird|p1a: SkyHookite
|-damage|p1a: SkyHookite|85/100
|-damage|p2a: Corviknight|69/100|[from] Recoil
|
|upkeep
|turn|51
|
|t:|1743801004
|move|p2a: Corviknight|Brave Bird|p1a: SkyHookite
|-damage|p1a: SkyHookite|50/100
|-damage|p2a: Corviknight|58/100|[from] Recoil
|move|p1a: SkyHookite|Dragon Tail|p2a: Corviknight
|-resisted|p2a: Corviknight
|-damage|p2a: Corviknight|47/100
|
|upkeep
|turn|52
|
|t:|1743801023
|move|p1a: SkyHookite|Roost|p1a: SkyHookite
|-heal|p1a: SkyHookite|99/100
|-singleturn|p1a: SkyHookite|move: Roost
|move|p2a: Corviknight|Brave Bird|p1a: SkyHookite
|-damage|p1a: SkyHookite|69/100
|-damage|p2a: Corviknight|37/100|[from] Recoil
|
|upkeep
|turn|53
|
|t:|1743801032
|move|p2a: Corviknight|Roost|p2a: Corviknight
|-heal|p2a: Corviknight|87/100
|-singleturn|p2a: Corviknight|move: Roost
|move|p1a: SkyHookite|Dragon Tail|p2a: Corviknight
|-resisted|p2a: Corviknight
|-damage|p2a: Corviknight|76/100
|
|upkeep
|turn|54
|
|t:|1743801041
|move|p2a: Corviknight|Brave Bird|p1a: SkyHookite
|-damage|p1a: SkyHookite|37/100
|-damage|p2a: Corviknight|66/100|[from] Recoil
|move|p1a: SkyHookite|Dragon Tail|p2a: Corviknight
|-resisted|p2a: Corviknight
|-damage|p2a: Corviknight|56/100
|
|upkeep
|turn|55
|
|t:|1743801046
|move|p1a: SkyHookite|Roost|p1a: SkyHookite
|-heal|p1a: SkyHookite|87/100
|-singleturn|p1a: SkyHookite|move: Roost
|move|p2a: Corviknight|Brave Bird|p1a: SkyHookite
|-damage|p1a: SkyHookite|55/100
|-damage|p2a: Corviknight|46/100|[from] Recoil
|
|upkeep
|turn|56
|
|t:|1743801053
|move|p1a: SkyHookite|Roost|p1a: SkyHookite
|-heal|p1a: SkyHookite|100/100
|-singleturn|p1a: SkyHookite|move: Roost
|move|p2a: Corviknight|Brave Bird|p1a: SkyHookite
|-damage|p1a: SkyHookite|83/100
|-damage|p2a: Corviknight|40/100|[from] Recoil
|
|upkeep
|turn|57
|
|t:|1743801061
|move|p2a: Corviknight|Brave Bird|p1a: SkyHookite
|-damage|p1a: SkyHookite|53/100
|-damage|p2a: Corviknight|31/100|[from] Recoil
|move|p1a: SkyHookite|Dragon Tail|p2a: Corviknight
|-resisted|p2a: Corviknight
|-damage|p2a: Corviknight|20/100
|
|upkeep
|turn|58
|
|t:|1743801069
|move|p2a: Corviknight|Roost|p2a: Corviknight
|-heal|p2a: Corviknight|70/100
|-singleturn|p2a: Corviknight|move: Roost
|move|p1a: SkyHookite|Dragon Tail|p2a: Corviknight
|-resisted|p2a: Corviknight
|-damage|p2a: Corviknight|61/100
|
|upkeep
|turn|59
|
|t:|1743801077
|move|p1a: SkyHookite|Extreme Speed|p2a: Corviknight
|-resisted|p2a: Corviknight
|-damage|p2a: Corviknight|51/100
|move|p2a: Corviknight|Brave Bird|p1a: SkyHookite
|-damage|p1a: SkyHookite|17/100
|-damage|p2a: Corviknight|40/100|[from] Recoil
|
|upkeep
|turn|60
|
|t:|1743801082
|move|p1a: SkyHookite|Roost|p1a: SkyHookite
|-heal|p1a: SkyHookite|67/100
|-singleturn|p1a: SkyHookite|move: Roost
|move|p2a: Corviknight|Brave Bird|p1a: SkyHookite
|-damage|p1a: SkyHookite|31/100
|-damage|p2a: Corviknight|28/100|[from] Recoil
|
|upkeep
|turn|61
|c|☆lactoo|gg
|
|t:|1743801088
|move|p1a: SkyHookite|Extreme Speed|p2a: Corviknight
|-resisted|p2a: Corviknight
|-damage|p2a: Corviknight|20/100
|move|p2a: Corviknight|Brave Bird|p1a: SkyHookite
|-damage|p1a: SkyHookite|0 fnt
|faint|p1a: SkyHookite
|-damage|p2a: Corviknight|10/100|[from] Recoil
|
|upkeep
|c|☆abhii.g|gg
|
|t:|1743801097
|switch|p1a: BronBronBlade|Keldeo|22/100
|turn|62
|
|t:|1743801100
|move|p1a: BronBronBlade|Surf|p2a: Corviknight
|-damage|p2a: Corviknight|0 fnt
|faint|p2a: Corviknight
|
|win|abhii.g
|raw|abhii.g's rating: 1422 &rarr; <strong>1438</strong><br />(+16 for winning)
|raw|lactoo's rating: 1352 &rarr; <strong>1336</strong><br />(-16 for losing)
