|j|☆poloniumew
|j|☆mabdabbablab
|t:|1743811230
|gametype|singles
|player|p1|poloniumew|101|1538
|player|p2|mabdabbablab|ninjaboy|1542
|teamsize|p1|6
|teamsize|p2|6
|gen|9
|tier|[Gen 9] OU
|rated|
|rule|HP Percentage Mod: HP is shown in percentages
|rule|Endless Battle Clause: Forcing endless battles is banned
|rule|Species Clause: Limit one of each Pokémon
|rule|OHKO Clause: OHKO moves are banned
|rule|Evasion Items Clause: Evasion items are banned
|rule|Evasion Moves Clause: Evasion moves are banned
|rule|Sleep Moves Clause: Sleep-inducing moves are banned
|clearpoke
|poke|p1|Dragapult, M|
|poke|p1|Primarina, M|
|poke|p1|Iron Crown|
|poke|p1|Samurott-Hisui, M|
|poke|p1|Kingambit, F|
|poke|p1|Landorus-Therian, M|
|poke|p2|Iron Hands|
|poke|p2|Corviknight, F|
|poke|p2|Primarina, F|
|poke|p2|Gliscor, F|
|poke|p2|Dragapult, M|
|poke|p2|Entei|
|teampreview
|inactive|Battle timer is ON: inactive players will automatically lose when time's up. (requested by poloniumew)
|
|t:|1743811246
|start
|switch|p1a: Iron Brown|Iron Crown|100/100
|switch|p2a: Iron Hands|Iron Hands|100/100
|turn|1
|
|t:|1743811253
|move|p2a: Iron Hands|Fake Out|p1a: Iron Brown
|-resisted|p1a: Iron Brown
|-damage|p1a: Iron Brown|92/100
|cant|p1a: Iron Brown|flinch
|
|upkeep
|turn|2
|
|t:|1743811277
|-end|p2a: Iron Hands|Quark Drive|[silent]
|switch|p2a: Primarina|Primarina, F|100/100
|move|p1a: Iron Brown|Future Sight|p2a: Primarina
|-start|p1a: Iron Brown|move: Future Sight
|
|upkeep
|turn|3
|
|t:|1743811285
|move|p1a: Iron Brown|Tachyon Cutter|p2a: Primarina
|-damage|p2a: Primarina|84/100
|-damage|p2a: Primarina|67/100
|-hitcount|p2a: Primarina|2
|move|p2a: Primarina|Surf|p1a: Iron Brown
|-damage|p1a: Iron Brown|58/100
|
|upkeep
|turn|4
|
|t:|1743811309
|move|p1a: Iron Brown|Volt Switch|p2a: Primarina
|-supereffective|p2a: Primarina
|-damage|p2a: Primarina|37/100
|
|t:|1743811315
|-end|p1a: Iron Brown|Quark Drive|[silent]
|switch|p1a: Primarinate|Primarina, M|100/100|[from] Volt Switch
|move|p2a: Primarina|Flip Turn|p1a: Primarinate
|-resisted|p1a: Primarinate
|-damage|p1a: Primarinate|92/100
|inactive|mabdabbablab has 120 seconds left.
|
|t:|1743811338
|switch|p2a: Iron Hands|Iron Hands|100/100|[from] Flip Turn
|
|-end|p2a: Iron Hands|move: Future Sight
|-supereffective|p2a: Iron Hands
|-damage|p2a: Iron Hands|39/100
|upkeep
|turn|5
|inactive|mabdabbablab has 120 seconds left.
|
|t:|1743811346
|move|p2a: Iron Hands|Fake Out|p1a: Primarinate
|-damage|p1a: Primarinate|73/100
|cant|p1a: Primarinate|flinch
|
|upkeep
|turn|6
|
|t:|1743811351
|move|p1a: Primarinate|Moonblast|p2a: Iron Hands
|-supereffective|p2a: Iron Hands
|-damage|p2a: Iron Hands|0 fnt
|faint|p2a: Iron Hands
|-end|p2a: Iron Hands|Quark Drive|[silent]
|
|upkeep
|inactive|mabdabbablab has 120 seconds left.
|
|t:|1743811366
|switch|p2a: Entei|Entei|100/100
|turn|7
|
|t:|1743811374
|-terastallize|p2a: Entei|Normal
|move|p2a: Entei|Sacred Fire|p1a: Primarinate
|-resisted|p1a: Primarinate
|-damage|p1a: Primarinate|25/100
|-status|p1a: Primarinate|brn
|move|p1a: Primarinate|Surf|p2a: Entei
|-damage|p2a: Entei|28/100
|
|-damage|p1a: Primarinate|19/100 brn|[from] brn
|upkeep
|turn|8
|
|t:|1743811384
|move|p2a: Entei|Sacred Fire|p1a: Primarinate
|-resisted|p1a: Primarinate
|-damage|p1a: Primarinate|0 fnt
|faint|p1a: Primarinate
|
|upkeep
|
|t:|1743811391
|switch|p1a: Dragooner|Dragapult, M, shiny|100/100
|turn|9
|
|t:|1743811398
|switch|p2a: Primarina|Primarina, F|37/100
|move|p1a: Dragooner|U-turn|p2a: Primarina
|-resisted|p2a: Primarina
|-crit|p2a: Primarina
|-damage|p2a: Primarina|3/100
|
|t:|1743811404
|switch|p1a: Iron Brown|Iron Crown|58/100|[from] U-turn
|
|upkeep
|turn|10
|
|t:|1743811414
|move|p1a: Iron Brown|Tachyon Cutter|p2a: Primarina
|-damage|p2a: Primarina|0 fnt
|faint|p2a: Primarina
|-hitcount|p2: Primarina|1
|
|upkeep
|
|t:|1743811421
|switch|p2a: Gliscor|Gliscor, F|100/100
|turn|11
|
|t:|1743811426
|move|p2a: Gliscor|Protect|p2a: Gliscor
|-singleturn|p2a: Gliscor|Protect
|move|p1a: Iron Brown|Future Sight|p2a: Gliscor
|-start|p1a: Iron Brown|move: Future Sight
|
|-status|p2a: Gliscor|tox|[from] item: Toxic Orb
|upkeep
|turn|12
|
|t:|1743811433
|move|p1a: Iron Brown|Tachyon Cutter|p2a: Gliscor
|-damage|p2a: Gliscor|70/100 tox
|-damage|p2a: Gliscor|41/100 tox
|-hitcount|p2a: Gliscor|2
|move|p2a: Gliscor|Knock Off|p1a: Iron Brown
|-supereffective|p1a: Iron Brown
|-damage|p1a: Iron Brown|11/100
|-enditem|p1a: Iron Brown|Assault Vest|[from] move: Knock Off|[of] p2a: Gliscor
|
|-heal|p2a: Gliscor|54/100 tox|[from] ability: Poison Heal
|upkeep
|turn|13
|
|t:|1743811444
|move|p2a: Gliscor|Protect|p2a: Gliscor
|-singleturn|p2a: Gliscor|Protect
|move|p1a: Iron Brown|Tachyon Cutter|p2a: Gliscor
|-activate|p2a: Gliscor|move: Protect
|
|-end|p2a: Gliscor|move: Future Sight
|-damage|p2a: Gliscor|0 fnt
|faint|p2a: Gliscor
|upkeep
|
|t:|1743811452
|switch|p2a: Dragapult|Dragapult, M|100/100
|turn|14
|
|t:|1743811461
|move|p2a: Dragapult|Dragon Darts|p1a: Iron Brown
|-resisted|p1a: Iron Brown
|-damage|p1a: Iron Brown|0 fnt
|faint|p1a: Iron Brown
|-end|p1a: Iron Brown|Quark Drive|[silent]
|
|upkeep
|
|t:|1743811469
|switch|p1a: Brainrott|Samurott-Hisui, M|100/100
|turn|15
|
|t:|1743811473
|move|p2a: Dragapult|Will-O-Wisp|p1a: Brainrott
|-status|p1a: Brainrott|brn
|move|p1a: Brainrott|Knock Off|p2a: Dragapult
|-supereffective|p2a: Dragapult
|-damage|p2a: Dragapult|42/100
|-enditem|p2a: Dragapult|Heavy-Duty Boots|[from] move: Knock Off|[of] p1a: Brainrott
|
|-damage|p1a: Brainrott|94/100 brn|[from] brn
|upkeep
|turn|16
|
|t:|1743811482
|move|p2a: Dragapult|U-turn|p1a: Brainrott
|-supereffective|p1a: Brainrott
|-damage|p1a: Brainrott|44/100 brn
|
|t:|1743811485
|switch|p2a: Corviknight|Corviknight, F|100/100|[from] U-turn
|-ability|p2a: Corviknight|Pressure
|move|p1a: Brainrott|Ceaseless Edge|p2a: Corviknight
|-damage|p2a: Corviknight|88/100
|-damage|p1a: Brainrott|28/100 brn|[from] item: Rocky Helmet|[of] p2a: Corviknight
|-sidestart|p2: mabdabbablab|Spikes
|
|-damage|p1a: Brainrott|22/100 brn|[from] brn
|upkeep
|turn|17
|
|t:|1743811495
|move|p1a: Brainrott|Knock Off|p2a: Corviknight
|-damage|p2a: Corviknight|73/100
|-damage|p1a: Brainrott|5/100 brn|[from] item: Rocky Helmet|[of] p2a: Corviknight
|-enditem|p2a: Corviknight|Rocky Helmet|[from] move: Knock Off|[of] p1a: Brainrott
|move|p2a: Corviknight|Defog|p1a: Brainrott
|-unboost|p1a: Brainrott|evasion|1
|-sideend|p2: mabdabbablab|Spikes|[from] move: Defog|[of] p2a: Corviknight
|
|-damage|p1a: Brainrott|0 fnt|[from] brn
|faint|p1a: Brainrott
|upkeep
|
|t:|1743811516
|switch|p1a: Kingdamnit|Kingambit, F|100/100
|-activate|p1a: Kingdamnit|ability: Supreme Overlord
|-start|p1a: Kingdamnit|fallen3|[silent]
|turn|18
|
|t:|1743811524
|-terastallize|p1a: Kingdamnit|Ghost
|move|p2a: Corviknight|U-turn|p1a: Kingdamnit
|-resisted|p1a: Kingdamnit
|-damage|p1a: Kingdamnit|95/100
|
|t:|1743811533
|switch|p2a: Entei|Entei, tera:Normal|28/100|[from] U-turn
|move|p1a: Kingdamnit|Swords Dance|p1a: Kingdamnit
|-boost|p1a: Kingdamnit|atk|2
|
|-heal|p1a: Kingdamnit|100/100|[from] item: Leftovers
|upkeep
|turn|19
|
|t:|1743811547
|switch|p2a: Corviknight|Corviknight, F|73/100
|-ability|p2a: Corviknight|Pressure
|move|p1a: Kingdamnit|Sucker Punch||[still]
|-fail|p1a: Kingdamnit
|
|upkeep
|turn|20
|
|t:|1743811555
|move|p2a: Corviknight|Brave Bird|p1a: Kingdamnit
|-damage|p1a: Kingdamnit|71/100
|-damage|p2a: Corviknight|64/100|[from] Recoil
|move|p1a: Kingdamnit|Kowtow Cleave|p2a: Corviknight
|-damage|p2a: Corviknight|0 fnt
|faint|p2a: Corviknight
|
|-heal|p1a: Kingdamnit|78/100|[from] item: Leftovers
|upkeep
|
|t:|1743811564
|switch|p2a: Dragapult|Dragapult, M|42/100
|turn|21
|
|t:|1743811569
|move|p2a: Dragapult|Will-O-Wisp|p1a: Kingdamnit
|-status|p1a: Kingdamnit|brn
|move|p1a: Kingdamnit|Kowtow Cleave|p2a: Dragapult
|-supereffective|p2a: Dragapult
|-damage|p2a: Dragapult|0 fnt
|faint|p2a: Dragapult
|
|-heal|p1a: Kingdamnit|84/100 brn|[from] item: Leftovers
|-damage|p1a: Kingdamnit|78/100 brn|[from] brn
|upkeep
|
|t:|1743811578
|switch|p2a: Entei|Entei, tera:Normal|28/100
|turn|22
|
|t:|1743811583
|move|p1a: Kingdamnit|Sucker Punch|p2a: Entei
|-damage|p2a: Entei|0 fnt
|faint|p2a: Entei
|
|win|poloniumew
|raw|poloniumew's rating: 1538 &rarr; <strong>1558</strong><br />(+20 for winning)
|raw|mabdabbablab's rating: 1542 &rarr; <strong>1522</strong><br />(-20 for losing)
|l|☆mabdabbablab
|player|p2|
|l|☆poloniumew
|player|p1|
