|j|☆grem2220
|j|☆Kevers200
|t:|1743791732
|gametype|singles
|player|p1|grem2220|265|1079
|player|p2|Kevers200|170|1115
|teamsize|p1|6
|teamsize|p2|6
|gen|9
|tier|[Gen 9] OU
|rated|
|rule|HP Percentage Mod: HP is shown in percentages
|rule|Endless Battle Clause: Forcing endless battles is banned
|rule|Species Clause: Limit one of each Pokémon
|rule|OHKO Clause: OHKO moves are banned
|rule|Evasion Items Clause: Evasion items are banned
|rule|Evasion Moves Clause: Evasion moves are banned
|rule|Sleep Moves Clause: Sleep-inducing moves are banned
|clearpoke
|poke|p1|Meowscarada, M|
|poke|p1|Iron Crown|
|poke|p1|Great Tusk|
|poke|p1|Landorus-Therian, M|
|poke|p1|Raging Bolt|
|poke|p1|Ogerpon-Wellspring, F|
|poke|p2|Iron Treads|
|poke|p2|Pelipper, F|
|poke|p2|Kingdra, F|
|poke|p2|Rillaboom, F|
|poke|p2|Basculegion, M|
|poke|p2|Raging Bolt|
|teampreview
|
|t:|1743791746
|start
|switch|p1a: Landorus|Landorus-Therian, M|100/100
|switch|p2a: Pelipper|Pelipper, F|100/100
|-ability|p1a: Landorus|Intimidate|boost
|-unboost|p2a: Pelipper|atk|1
|-weather|RainDance|[from] ability: Drizzle|[of] p2a: Pelipper
|turn|1
|
|t:|1743791759
|move|p1a: Landorus|Stealth Rock|p2a: Pelipper
|-sidestart|p2: Kevers200|move: Stealth Rock
|move|p2a: Pelipper|Weather Ball|p1a: Landorus
|-supereffective|p1a: Landorus
|-damage|p1a: Landorus|0 fnt
|faint|p1a: Landorus
|
|-weather|RainDance|[upkeep]
|upkeep
|
|t:|1743791769
|switch|p1a: Raging Bolt|Raging Bolt|100/100
|-enditem|p1a: Raging Bolt|Booster Energy
|-activate|p1a: Raging Bolt|ability: Protosynthesis|[fromitem]
|-start|p1a: Raging Bolt|protosynthesisspa
|turn|2
|
|t:|1743791774
|switch|p2a: Iron Treads|Iron Treads|100/100
|-damage|p2a: Iron Treads|97/100|[from] Stealth Rock
|-enditem|p2a: Iron Treads|Booster Energy
|-activate|p2a: Iron Treads|ability: Quark Drive|[fromitem]
|-start|p2a: Iron Treads|quarkdrivespe
|move|p1a: Raging Bolt|Calm Mind|p1a: Raging Bolt
|-boost|p1a: Raging Bolt|spa|1
|-boost|p1a: Raging Bolt|spd|1
|
|-weather|RainDance|[upkeep]
|upkeep
|turn|3
|
|t:|1743791789
|move|p2a: Iron Treads|Rapid Spin|p1a: Raging Bolt
|-damage|p1a: Raging Bolt|90/100
|-boost|p2a: Iron Treads|spe|1
|-sideend|p2: Kevers200|Stealth Rock|[from] move: Rapid Spin|[of] p2a: Iron Treads
|move|p1a: Raging Bolt|Calm Mind|p1a: Raging Bolt
|-boost|p1a: Raging Bolt|spa|1
|-boost|p1a: Raging Bolt|spd|1
|
|-weather|RainDance|[upkeep]
|upkeep
|turn|4
|
|t:|1743791802
|move|p2a: Iron Treads|Earth Power|p1a: Raging Bolt
|-supereffective|p1a: Raging Bolt
|-damage|p1a: Raging Bolt|60/100
|move|p1a: Raging Bolt|Dragon Pulse|p2a: Iron Treads
|-resisted|p2a: Iron Treads
|-damage|p2a: Iron Treads|2/100
|
|-weather|RainDance|[upkeep]
|upkeep
|turn|5
|
|t:|1743791831
|move|p2a: Iron Treads|Earth Power|p1a: Raging Bolt
|-supereffective|p1a: Raging Bolt
|-damage|p1a: Raging Bolt|27/100
|move|p1a: Raging Bolt|Dragon Pulse|p2a: Iron Treads
|-resisted|p2a: Iron Treads
|-damage|p2a: Iron Treads|0 fnt
|faint|p2a: Iron Treads
|-end|p2a: Iron Treads|Quark Drive|[silent]
|
|-weather|RainDance|[upkeep]
|upkeep
|
|t:|1743791832
|switch|p2a: Kingdra|Kingdra, F|100/100
|turn|6
|
|t:|1743791848
|move|p2a: Kingdra|Draco Meteor|p1a: Raging Bolt
|-supereffective|p1a: Raging Bolt
|-damage|p1a: Raging Bolt|0 fnt
|-unboost|p2a: Kingdra|spa|2
|faint|p1a: Raging Bolt
|-end|p1a: Raging Bolt|Protosynthesis|[silent]
|-damage|p2a: Kingdra|91/100|[from] item: Life Orb
|
|-weather|RainDance|[upkeep]
|upkeep
|inactive|Battle timer is ON: inactive players will automatically lose when time's up. (requested by Kevers200)
|
|t:|1743791872
|switch|p1a: Meowscarada|Meowscarada, M|100/100
|turn|7
|
|t:|1743791877
|move|p2a: Kingdra|Hurricane|p1a: Meowscarada
|-supereffective|p1a: Meowscarada
|-damage|p1a: Meowscarada|41/100
|-start|p1a: Meowscarada|confusion
|-damage|p2a: Kingdra|81/100|[from] item: Life Orb
|-activate|p1a: Meowscarada|confusion
|move|p1a: Meowscarada|Play Rough|p2a: Kingdra
|-start|p1a: Meowscarada|typechange|Fairy|[from] ability: Protean
|-supereffective|p2a: Kingdra
|-crit|p2a: Kingdra
|-damage|p2a: Kingdra|0 fnt
|faint|p2a: Kingdra
|
|-weather|RainDance|[upkeep]
|upkeep
|
|t:|1743791893
|switch|p2a: Basculegion|Basculegion, M|100/100
|turn|8
|
|t:|1743791900
|switch|p1a: Ogerpon|Ogerpon-Wellspring, F|100/100
|move|p2a: Basculegion|Flip Turn|p1a: Ogerpon
|-immune|p1a: Ogerpon|[from] ability: Water Absorb
|
|-weather|none
|upkeep
|turn|9
|
|t:|1743791912
|switch|p2a: Pelipper|Pelipper, F|100/100
|-weather|RainDance|[from] ability: Drizzle|[of] p2a: Pelipper
|move|p1a: Ogerpon|Swords Dance|p1a: Ogerpon
|-boost|p1a: Ogerpon|atk|2
|
|-weather|RainDance|[upkeep]
|upkeep
|turn|10
|
|t:|1743791921
|move|p1a: Ogerpon|Play Rough|p2a: Pelipper
|-damage|p2a: Pelipper|42/100
|-unboost|p2a: Pelipper|atk|1
|move|p2a: Pelipper|Hurricane|p1a: Ogerpon
|-supereffective|p1a: Ogerpon
|-damage|p1a: Ogerpon|9/100
|-start|p1a: Ogerpon|confusion
|
|-weather|RainDance|[upkeep]
|upkeep
|turn|11
|inactive|Kevers200 has 120 seconds left.
|
|t:|1743791955
|switch|p2a: Raging Bolt|Raging Bolt|100/100
|-activate|p1a: Ogerpon|confusion
|move|p1a: Ogerpon|Play Rough|p2a: Raging Bolt
|-supereffective|p2a: Raging Bolt
|-damage|p2a: Raging Bolt|0 fnt
|faint|p2a: Raging Bolt
|-end|p2a: Raging Bolt|Protosynthesis|[silent]
|
|-weather|RainDance|[upkeep]
|upkeep
|
|t:|1743791957
|switch|p2a: Rillaboom|Rillaboom, F|100/100
|-fieldstart|move: Grassy Terrain|[from] ability: Grassy Surge|[of] p2a: Rillaboom
|turn|12
|
|t:|1743791973
|move|p2a: Rillaboom|Grassy Glide|p1a: Ogerpon
|-damage|p1a: Ogerpon|0 fnt
|faint|p1a: Ogerpon
|
|-weather|RainDance|[upkeep]
|upkeep
|
|t:|1743791986
|switch|p1a: Iron Crown|Iron Crown|100/100
|turn|13
|
|t:|1743792000
|move|p1a: Iron Crown|Tachyon Cutter|p2a: Rillaboom
|-damage|p2a: Rillaboom|82/100
|-damage|p2a: Rillaboom|62/100
|-hitcount|p2a: Rillaboom|2
|move|p2a: Rillaboom|U-turn|p1a: Iron Crown
|-damage|p1a: Iron Crown|73/100
|
|t:|1743792014
|switch|p2a: Pelipper|Pelipper, F|42/100|[from] U-turn
|
|-weather|RainDance|[upkeep]
|-heal|p1a: Iron Crown|79/100|[from] Grassy Terrain
|upkeep
|turn|14
|
|t:|1743792022
|move|p1a: Iron Crown|Volt Switch|p2a: Pelipper
|-supereffective|p2a: Pelipper
|-damage|p2a: Pelipper|0 fnt
|faint|p2a: Pelipper
|
|t:|1743792029
|-end|p1a: Iron Crown|Quark Drive|[silent]
|switch|p1a: Meowscarada|Meowscarada, M|41/100|[from] Volt Switch
|
|-weather|RainDance|[upkeep]
|-heal|p1a: Meowscarada|47/100|[from] Grassy Terrain
|upkeep
|
|t:|1743792031
|switch|p2a: Basculegion|Basculegion, M|100/100
|turn|15
|
|t:|1743792043
|move|p2a: Basculegion|Ice Fang|p1a: Meowscarada
|-supereffective|p1a: Meowscarada
|-damage|p1a: Meowscarada|0 fnt
|faint|p1a: Meowscarada
|
|-weather|RainDance|[upkeep]
|upkeep
|
|t:|1743792063
|switch|p1a: Great Tusk|Great Tusk|100/100
|turn|16
|
|t:|1743792072
|move|p2a: Basculegion|Ice Fang|p1a: Great Tusk
|-supereffective|p1a: Great Tusk
|-damage|p1a: Great Tusk|54/100
|move|p1a: Great Tusk|Headlong Rush|p2a: Basculegion
|-damage|p2a: Basculegion|27/100
|-unboost|p1a: Great Tusk|def|1
|-unboost|p1a: Great Tusk|spd|1
|
|-weather|none
|-heal|p2a: Basculegion|33/100|[from] Grassy Terrain
|-heal|p1a: Great Tusk|60/100|[from] Grassy Terrain
|-fieldend|move: Grassy Terrain
|upkeep
|turn|17
|
|t:|1743792086
|move|p1a: Great Tusk|Headlong Rush|p2a: Basculegion
|-damage|p2a: Basculegion|0 fnt
|-unboost|p1a: Great Tusk|def|1
|-unboost|p1a: Great Tusk|spd|1
|faint|p2a: Basculegion
|
|upkeep
|
|t:|1743792087
|switch|p2a: Rillaboom|Rillaboom, F|62/100
|-fieldstart|move: Grassy Terrain|[from] ability: Grassy Surge|[of] p2a: Rillaboom
|turn|18
|
|t:|1743792096
|move|p2a: Rillaboom|Grassy Glide|p1a: Great Tusk
|-supereffective|p1a: Great Tusk
|-damage|p1a: Great Tusk|0 fnt
|faint|p1a: Great Tusk
|-end|p1a: Great Tusk|Protosynthesis|[silent]
|
|-heal|p2a: Rillaboom|69/100|[from] Grassy Terrain
|upkeep
|
|t:|1743792104
|switch|p1a: Iron Crown|Iron Crown|79/100
|turn|19
|
|t:|1743792111
|-terastallize|p2a: Rillaboom|Steel
|move|p1a: Iron Crown|Tachyon Cutter|p2a: Rillaboom
|-resisted|p2a: Rillaboom
|-damage|p2a: Rillaboom|59/100
|-resisted|p2a: Rillaboom
|-damage|p2a: Rillaboom|50/100
|-hitcount|p2a: Rillaboom|2
|move|p2a: Rillaboom|Low Kick|p1a: Iron Crown
|-damage|p1a: Iron Crown|40/100
|
|-heal|p1a: Iron Crown|47/100|[from] Grassy Terrain
|-heal|p2a: Rillaboom|56/100|[from] Grassy Terrain
|upkeep
|turn|20
|
|t:|1743792126
|-terastallize|p1a: Iron Crown|Fighting
|move|p1a: Iron Crown|Focus Blast|p2a: Rillaboom
|-supereffective|p2a: Rillaboom
|-damage|p2a: Rillaboom|0 fnt
|faint|p2a: Rillaboom
|
|win|grem2220
|raw|grem2220's rating: 1079 &rarr; <strong>1110</strong><br />(+31 for winning)
|raw|Kevers200's rating: 1115 &rarr; <strong>1087</strong><br />(-28 for losing)
