|j|☆FiveTomatoes
|j|☆esteostrali
|t:|1743780292
|gametype|singles
|player|p1|FiveTomatoes|1|1604
|player|p2|esteostrali|dragontamer|1571
|teamsize|p1|6
|teamsize|p2|6
|gen|9
|tier|[Gen 9] OU
|rated|
|rule|HP Percentage Mod: HP is shown in percentages
|rule|Endless Battle Clause: Forcing endless battles is banned
|rule|Species Clause: Limit one of each Pokémon
|rule|OHKO Clause: OHKO moves are banned
|rule|Evasion Items Clause: Evasion items are banned
|rule|Evasion Moves Clause: Evasion moves are banned
|rule|Sleep Moves Clause: Sleep-inducing moves are banned
|clearpoke
|poke|p1|Greninja-*, M|
|poke|p1|Rotom-Wash|
|poke|p1|Rillaboom, M|
|poke|p1|Glimmora, F|
|poke|p1|Garganacl, F|
|poke|p1|Dragapult, F|
|poke|p2|Great Tusk|
|poke|p2|Iron Valiant|
|poke|p2|Kyurem|
|poke|p2|Raging Bolt|
|poke|p2|Samurott-Hisui, F|
|poke|p2|Pecharunt|
|teampreview
|inactive|Battle timer is ON: inactive players will automatically lose when time's up. (requested by FiveTomatoes)
|
|t:|1743780312
|start
|switch|p1a: Garganacl|Garganacl, F|100/100
|switch|p2a: Raging Bolt|Raging Bolt|100/100
|turn|1
|
|t:|1743780329
|move|p2a: Raging Bolt|Calm Mind|p2a: Raging Bolt
|-boost|p2a: Raging Bolt|spa|1
|-boost|p2a: Raging Bolt|spd|1
|move|p1a: Garganacl|Salt Cure|p2a: Raging Bolt
|-damage|p2a: Raging Bolt|89/100
|-start|p2a: Raging Bolt|Salt Cure
|
|-heal|p2a: Raging Bolt|95/100|[from] item: Leftovers
|-damage|p2a: Raging Bolt|82/100|[from] Salt Cure
|upkeep
|turn|2
|
|t:|1743780335
|move|p1a: Garganacl|Protect|p1a: Garganacl
|-singleturn|p1a: Garganacl|Protect
|move|p2a: Raging Bolt|Thunderbolt|p1a: Garganacl
|-activate|p1a: Garganacl|move: Protect
|
|-heal|p2a: Raging Bolt|89/100|[from] item: Leftovers
|-damage|p2a: Raging Bolt|76/100|[from] Salt Cure
|upkeep
|turn|3
|
|t:|1743780347
|move|p2a: Raging Bolt|Thunderbolt|p1a: Garganacl
|-damage|p1a: Garganacl|32/100
|move|p1a: Garganacl|Recover|p1a: Garganacl
|-heal|p1a: Garganacl|82/100
|
|-heal|p2a: Raging Bolt|82/100|[from] item: Leftovers
|-heal|p1a: Garganacl|88/100|[from] item: Leftovers
|-damage|p2a: Raging Bolt|70/100|[from] Salt Cure
|upkeep
|turn|4
|
|t:|1743780353
|switch|p1a: Dragapult|Dragapult, F|100/100
|move|p2a: Raging Bolt|Calm Mind|p2a: Raging Bolt
|-boost|p2a: Raging Bolt|spa|1
|-boost|p2a: Raging Bolt|spd|1
|
|-heal|p2a: Raging Bolt|76/100|[from] item: Leftovers
|-damage|p2a: Raging Bolt|64/100|[from] Salt Cure
|upkeep
|turn|5
|
|t:|1743780358
|move|p1a: Dragapult|Substitute|p1a: Dragapult
|-start|p1a: Dragapult|Substitute
|-damage|p1a: Dragapult|76/100
|move|p2a: Raging Bolt|Dragon Pulse|p1a: Dragapult
|-supereffective|p1a: Dragapult
|-end|p1a: Dragapult|Substitute
|
|-heal|p1a: Dragapult|82/100|[from] item: Leftovers
|-heal|p2a: Raging Bolt|70/100|[from] item: Leftovers
|-damage|p2a: Raging Bolt|58/100|[from] Salt Cure
|upkeep
|turn|6
|
|t:|1743780372
|move|p1a: Dragapult|Substitute|p1a: Dragapult
|-start|p1a: Dragapult|Substitute
|-damage|p1a: Dragapult|57/100
|move|p2a: Raging Bolt|Dragon Pulse|p1a: Dragapult
|-supereffective|p1a: Dragapult
|-end|p1a: Dragapult|Substitute
|
|-heal|p1a: Dragapult|63/100|[from] item: Leftovers
|-heal|p2a: Raging Bolt|64/100|[from] item: Leftovers
|-damage|p2a: Raging Bolt|52/100|[from] Salt Cure
|upkeep
|turn|7
|
|t:|1743780377
|move|p1a: Dragapult|Dragon Darts|p2a: Raging Bolt
|-supereffective|p2a: Raging Bolt
|-damage|p2a: Raging Bolt|17/100
|-anim|p1a: Dragapult|Dragon Darts|p2a: Raging Bolt
|-supereffective|p2a: Raging Bolt
|-damage|p2a: Raging Bolt|0 fnt
|faint|p2a: Raging Bolt
|-end|p2a: Raging Bolt|Protosynthesis|[silent]
|
|-heal|p1a: Dragapult|69/100|[from] item: Leftovers
|upkeep
|
|t:|1743780382
|switch|p2a: Iron Valiant|Iron Valiant|100/100
|-enditem|p2a: Iron Valiant|Booster Energy
|-activate|p2a: Iron Valiant|ability: Quark Drive|[fromitem]
|-start|p2a: Iron Valiant|quarkdrivespe
|turn|8
|
|t:|1743780386
|switch|p1a: Glimmora|Glimmora, F|100/100
|move|p2a: Iron Valiant|Moonblast|p1a: Glimmora
|-resisted|p1a: Glimmora
|-damage|p1a: Glimmora|75/100
|
|upkeep
|turn|9
|
|t:|1743780396
|move|p2a: Iron Valiant|Calm Mind|p2a: Iron Valiant
|-boost|p2a: Iron Valiant|spa|1
|-boost|p2a: Iron Valiant|spd|1
|move|p1a: Glimmora|Mortal Spin|p2a: Iron Valiant
|-supereffective|p2a: Iron Valiant
|-damage|p2a: Iron Valiant|86/100
|-status|p2a: Iron Valiant|psn
|
|-damage|p2a: Iron Valiant|74/100 psn|[from] psn
|upkeep
|turn|10
|
|t:|1743780402
|move|p2a: Iron Valiant|Shadow Ball|p1a: Glimmora
|-damage|p1a: Glimmora|29/100
|-unboost|p1a: Glimmora|spd|1
|move|p1a: Glimmora|Stealth Rock|p2a: Iron Valiant
|-sidestart|p2: esteostrali|move: Stealth Rock
|
|-damage|p2a: Iron Valiant|61/100 psn|[from] psn
|upkeep
|turn|11
|
|t:|1743780410
|move|p1a: Glimmora|Spiky Shield|p1a: Glimmora
|-singleturn|p1a: Glimmora|move: Protect
|move|p2a: Iron Valiant|Shadow Ball|p1a: Glimmora
|-activate|p1a: Glimmora|move: Protect
|
|-damage|p2a: Iron Valiant|49/100 psn|[from] psn
|upkeep
|turn|12
|
|t:|1743780414
|move|p1a: Glimmora|Spiky Shield|p1a: Glimmora
|-singleturn|p1a: Glimmora|move: Protect
|move|p2a: Iron Valiant|Shadow Ball|p1a: Glimmora
|-activate|p1a: Glimmora|move: Protect
|
|-damage|p2a: Iron Valiant|36/100 psn|[from] psn
|upkeep
|turn|13
|c|☆esteostrali|Fdp
|
|t:|1743780423
|move|p1a: Glimmora|Spiky Shield||[still]
|-fail|p1a: Glimmora
|move|p2a: Iron Valiant|Shadow Ball|p1a: Glimmora
|-damage|p1a: Glimmora|0 fnt
|faint|p1a: Glimmora
|
|-damage|p2a: Iron Valiant|24/100 psn|[from] psn
|upkeep
|
|t:|1743780425
|switch|p1a: Rillaboom|Rillaboom, M|100/100
|-fieldstart|move: Grassy Terrain|[from] ability: Grassy Surge|[of] p1a: Rillaboom
|turn|14
|
|t:|1743780430
|move|p1a: Rillaboom|Grassy Glide|p2a: Iron Valiant
|-damage|p2a: Iron Valiant|0 fnt
|faint|p2a: Iron Valiant
|-end|p2a: Iron Valiant|Quark Drive|[silent]
|-damage|p1a: Rillaboom|91/100|[from] item: Life Orb
|
|-heal|p1a: Rillaboom|97/100|[from] Grassy Terrain
|upkeep
|
|t:|1743780435
|switch|p2a: Kyurem|Kyurem|100/100
|-damage|p2a: Kyurem|76/100|[from] Stealth Rock
|-ability|p2a: Kyurem|Pressure
|turn|15
|
|t:|1743780440
|switch|p1a: Garganacl|Garganacl, F|88/100
|move|p2a: Kyurem|Dragon Dance|p2a: Kyurem
|-boost|p2a: Kyurem|atk|1
|-boost|p2a: Kyurem|spe|1
|
|-heal|p2a: Kyurem|82/100|[from] Grassy Terrain
|-heal|p1a: Garganacl|95/100|[from] Grassy Terrain
|-heal|p1a: Garganacl|100/100|[from] item: Leftovers
|upkeep
|turn|16
|
|t:|1743780454
|-terastallize|p2a: Kyurem|Ghost
|move|p2a: Kyurem|Substitute|p2a: Kyurem
|-start|p2a: Kyurem|Substitute
|-damage|p2a: Kyurem|57/100
|move|p1a: Garganacl|Salt Cure|p2a: Kyurem
|-activate|p2a: Kyurem|move: Substitute|[damage]
|
|-heal|p2a: Kyurem|63/100|[from] Grassy Terrain
|upkeep
|turn|17
|
|t:|1743780463
|move|p2a: Kyurem|Dragon Dance|p2a: Kyurem
|-boost|p2a: Kyurem|atk|1
|-boost|p2a: Kyurem|spe|1
|move|p1a: Garganacl|Curse|p1a: Garganacl
|-unboost|p1a: Garganacl|spe|1
|-boost|p1a: Garganacl|atk|1
|-boost|p1a: Garganacl|def|1
|
|-heal|p2a: Kyurem|69/100|[from] Grassy Terrain
|upkeep
|turn|18
|
|t:|1743780469
|move|p2a: Kyurem|Scale Shot|p1a: Garganacl
|-damage|p1a: Garganacl|90/100
|-damage|p1a: Garganacl|79/100
|-damage|p1a: Garganacl|70/100
|-damage|p1a: Garganacl|60/100
|-damage|p1a: Garganacl|51/100
|-hitcount|p1a: Garganacl|5
|-unboost|p2a: Kyurem|def|1
|-boost|p2a: Kyurem|spe|1
|move|p1a: Garganacl|Curse|p1a: Garganacl
|-unboost|p1a: Garganacl|spe|1
|-boost|p1a: Garganacl|atk|1
|-boost|p1a: Garganacl|def|1
|
|-heal|p2a: Kyurem|75/100|[from] Grassy Terrain
|-heal|p1a: Garganacl|57/100|[from] Grassy Terrain
|-heal|p1a: Garganacl|63/100|[from] item: Leftovers
|-fieldend|move: Grassy Terrain
|upkeep
|turn|19
|
|t:|1743780492
|move|p2a: Kyurem|Dragon Dance|p2a: Kyurem
|-boost|p2a: Kyurem|atk|1
|-boost|p2a: Kyurem|spe|1
|move|p1a: Garganacl|Curse|p1a: Garganacl
|-unboost|p1a: Garganacl|spe|1
|-boost|p1a: Garganacl|atk|1
|-boost|p1a: Garganacl|def|1
|
|-heal|p1a: Garganacl|69/100|[from] item: Leftovers
|upkeep
|turn|20
|
|t:|1743780498
|move|p2a: Kyurem|Dragon Dance|p2a: Kyurem
|-boost|p2a: Kyurem|atk|1
|-boost|p2a: Kyurem|spe|1
|move|p1a: Garganacl|Curse|p1a: Garganacl
|-unboost|p1a: Garganacl|spe|1
|-boost|p1a: Garganacl|atk|1
|-boost|p1a: Garganacl|def|1
|
|-heal|p1a: Garganacl|75/100|[from] item: Leftovers
|upkeep
|turn|21
|
|t:|1743780501
|move|p2a: Kyurem|Dragon Dance|p2a: Kyurem
|-boost|p2a: Kyurem|atk|1
|-boost|p2a: Kyurem|spe|1
|move|p1a: Garganacl|Curse|p1a: Garganacl
|-unboost|p1a: Garganacl|spe|1
|-boost|p1a: Garganacl|atk|1
|-boost|p1a: Garganacl|def|1
|
|-heal|p1a: Garganacl|82/100|[from] item: Leftovers
|upkeep
|turn|22
|
|t:|1743780505
|move|p2a: Kyurem|Dragon Dance|p2a: Kyurem
|-boost|p2a: Kyurem|atk|1
|-boost|p2a: Kyurem|spe|0
|move|p1a: Garganacl|Curse|p1a: Garganacl
|-unboost|p1a: Garganacl|spe|1
|-boost|p1a: Garganacl|atk|1
|-boost|p1a: Garganacl|def|1
|
|-heal|p1a: Garganacl|88/100|[from] item: Leftovers
|upkeep
|turn|23
|
|t:|1743780513
|move|p1a: Garganacl|Protect|p1a: Garganacl
|-singleturn|p1a: Garganacl|Protect
|move|p2a: Kyurem|Icicle Spear|p1a: Garganacl
|-activate|p1a: Garganacl|move: Protect
|
|-heal|p1a: Garganacl|94/100|[from] item: Leftovers
|upkeep
|turn|24
|
|t:|1743780520
|move|p2a: Kyurem|Icicle Spear|p1a: Garganacl
|-damage|p1a: Garganacl|86/100
|-damage|p1a: Garganacl|78/100
|-damage|p1a: Garganacl|70/100
|-damage|p1a: Garganacl|62/100
|-damage|p1a: Garganacl|54/100
|-hitcount|p1a: Garganacl|5
|move|p1a: Garganacl|Salt Cure|p2a: Kyurem
|-end|p2a: Kyurem|Substitute
|
|-heal|p1a: Garganacl|60/100|[from] item: Leftovers
|upkeep
|turn|25
|
|t:|1743780530
|move|p2a: Kyurem|Substitute|p2a: Kyurem
|-start|p2a: Kyurem|Substitute
|-damage|p2a: Kyurem|51/100
|move|p1a: Garganacl|Salt Cure|p2a: Kyurem
|-end|p2a: Kyurem|Substitute
|
|-heal|p1a: Garganacl|67/100|[from] item: Leftovers
|upkeep
|turn|26
|
|t:|1743780540
|move|p1a: Garganacl|Protect|p1a: Garganacl
|-singleturn|p1a: Garganacl|Protect
|move|p2a: Kyurem|Icicle Spear|p1a: Garganacl
|-activate|p1a: Garganacl|move: Protect
|
|-heal|p1a: Garganacl|73/100|[from] item: Leftovers
|upkeep
|turn|27
|
|t:|1743780545
|move|p2a: Kyurem|Icicle Spear|p1a: Garganacl
|-damage|p1a: Garganacl|65/100
|-damage|p1a: Garganacl|58/100
|-damage|p1a: Garganacl|50/100
|-damage|p1a: Garganacl|43/100
|-damage|p1a: Garganacl|35/100
|-hitcount|p1a: Garganacl|5
|move|p1a: Garganacl|Recover|p1a: Garganacl
|-heal|p1a: Garganacl|85/100
|
|-heal|p1a: Garganacl|91/100|[from] item: Leftovers
|upkeep
|turn|28
|
|t:|1743780555
|move|p2a: Kyurem|Substitute|p2a: Kyurem
|-start|p2a: Kyurem|Substitute
|-damage|p2a: Kyurem|26/100
|move|p1a: Garganacl|Salt Cure|p2a: Kyurem
|-end|p2a: Kyurem|Substitute
|
|-heal|p1a: Garganacl|97/100|[from] item: Leftovers
|upkeep
|turn|29
|
|t:|1743780565
|move|p2a: Kyurem|Substitute|p2a: Kyurem
|-start|p2a: Kyurem|Substitute
|-damage|p2a: Kyurem|1/100
|move|p1a: Garganacl|Salt Cure|p2a: Kyurem
|-end|p2a: Kyurem|Substitute
|
|-heal|p1a: Garganacl|100/100|[from] item: Leftovers
|upkeep
|turn|30
|c|☆esteostrali|J'espère ta mère Anne fdp
|inactive|FiveTomatoes has 120 seconds left.
|
|t:|1743780596
|move|p2a: Kyurem|Icicle Spear|p1a: Garganacl
|-damage|p1a: Garganacl|93/100
|-damage|p1a: Garganacl|85/100
|-damage|p1a: Garganacl|78/100
|-damage|p1a: Garganacl|70/100
|-damage|p1a: Garganacl|62/100
|-hitcount|p1a: Garganacl|5
|move|p1a: Garganacl|Salt Cure|p2a: Kyurem
|-damage|p2a: Kyurem|0 fnt
|faint|p2a: Kyurem
|
|-heal|p1a: Garganacl|68/100|[from] item: Leftovers
|upkeep
|-message|esteostrali forfeited.
|
|win|FiveTomatoes
