|j|☆Etouraptamere
|j|☆Aleph501!
|t:|1743887952
|gametype|singles
|player|p1|Etouraptamere|265|1466
|player|p2|Aleph501!|265|1484
|teamsize|p1|6
|teamsize|p2|6
|gen|9
|tier|[Gen 9] OU
|rated|
|rule|HP Percentage Mod: HP is shown in percentages
|rule|Endless Battle Clause: Forcing endless battles is banned
|rule|Species Clause: Limit one of each Pokémon
|rule|OHKO Clause: OHKO moves are banned
|rule|Evasion Items Clause: Evasion items are banned
|rule|Evasion Moves Clause: Evasion moves are banned
|rule|Sleep Moves Clause: Sleep-inducing moves are banned
|clearpoke
|poke|p1|Dragapult, M|
|poke|p1|Raging Bolt|
|poke|p1|Great Tusk|
|poke|p1|Samurott-Hisui, F|
|poke|p1|Moltres|
|poke|p1|Iron Crown|
|poke|p2|Blastoise, F|
|poke|p2|Kleavor, M|
|poke|p2|Zapdos|
|poke|p2|Mamoswine, M|
|poke|p2|Conkeldurr, M|
|poke|p2|Skeledirge, M|
|teampreview
|inactive|Battle timer is ON: inactive players will automatically lose when time's up. (requested by Aleph501!)
|
|t:|1743887962
|start
|switch|p1a: Dragapult|Dragapult, M|100/100
|switch|p2a: Kleavor|Kleavor, M|100/100
|turn|1
|inactive|Etouraptamere also wants the timer to be on.
|
|t:|1743887969
|move|p2a: Kleavor|Night Slash|p1a: Dragapult
|-supereffective|p1a: Dragapult
|-damage|p1a: Dragapult|0 fnt
|faint|p1a: Dragapult
|
|upkeep
|
|t:|1743887978
|switch|p1a: Samurott|Samurott-Hisui, F, shiny|100/100
|turn|2
|
|t:|1743887989
|switch|p2a: Zapdos|Zapdos|100/100
|move|p1a: Samurott|Ceaseless Edge|p2a: Zapdos
|-crit|p2a: Zapdos
|-damage|p2a: Zapdos|50/100
|-status|p1a: Samurott|par|[from] ability: Static|[of] p2a: Zapdos
|-sidestart|p2: Aleph501!|Spikes
|
|upkeep
|turn|3
|inactive|Etouraptamere has 120 seconds left.
|
|t:|1743888020
|switch|p1a: Raging Bolt|Raging Bolt|100/100
|-enditem|p1a: Raging Bolt|Booster Energy
|-activate|p1a: Raging Bolt|ability: Protosynthesis|[fromitem]
|-start|p1a: Raging Bolt|protosynthesisspa
|move|p2a: Zapdos|Roost|p2a: Zapdos
|-heal|p2a: Zapdos|99/100
|-singleturn|p2a: Zapdos|move: Roost
|
|upkeep
|turn|4
|
|t:|1743888033
|switch|p2a: Mamoswine|Mamoswine, M|100/100
|-damage|p2a: Mamoswine|88/100|[from] Spikes
|move|p1a: Raging Bolt|Dragon Pulse|p2a: Mamoswine
|-damage|p2a: Mamoswine|33/100
|
|upkeep
|turn|5
|
|t:|1743888041
|-end|p1a: Raging Bolt|Protosynthesis|[silent]
|switch|p1a: Samurott|Samurott-Hisui, F, shiny|100/100 par
|move|p2a: Mamoswine|Earthquake|p1a: Samurott
|-damage|p1a: Samurott|25/100 par
|
|upkeep
|turn|6
|
|t:|1743888051
|move|p2a: Mamoswine|Trailblaze|p1a: Samurott
|-supereffective|p1a: Samurott
|-damage|p1a: Samurott|0 fnt
|-boost|p2a: Mamoswine|spe|1
|faint|p1a: Samurott
|
|upkeep
|
|t:|1743888062
|switch|p1a: Great Tusk|Great Tusk|100/100
|turn|7
|
|t:|1743888072
|switch|p2a: Zapdos|Zapdos|99/100
|-terastallize|p1a: Great Tusk|Steel
|move|p1a: Great Tusk|Rapid Spin|p2a: Zapdos
|-damage|p2a: Zapdos|89/100
|-boost|p1a: Great Tusk|spe|1
|-status|p1a: Great Tusk|par|[from] ability: Static|[of] p2a: Zapdos
|
|upkeep
|turn|8
|
|t:|1743888083
|move|p2a: Zapdos|Heat Wave|p1a: Great Tusk
|-supereffective|p1a: Great Tusk
|-damage|p1a: Great Tusk|37/100 par
|move|p1a: Great Tusk|Ice Spinner|p2a: Zapdos
|-supereffective|p2a: Zapdos
|-damage|p2a: Zapdos|55/100
|
|upkeep
|turn|9
|
|t:|1743888095
|-end|p1a: Great Tusk|Protosynthesis|[silent]
|switch|p1a: Raging Bolt|Raging Bolt|100/100
|move|p2a: Zapdos|Heat Wave|p1a: Raging Bolt
|-resisted|p1a: Raging Bolt
|-crit|p1a: Raging Bolt
|-damage|p1a: Raging Bolt|85/100
|
|upkeep
|turn|10
|
|t:|1743888115
|switch|p2a: Mamoswine|Mamoswine, M|33/100
|-damage|p2a: Mamoswine|20/100|[from] Spikes
|move|p1a: Raging Bolt|Dragon Pulse|p2a: Mamoswine
|-damage|p2a: Mamoswine|0 fnt
|faint|p2a: Mamoswine
|
|upkeep
|
|t:|1743888124
|switch|p2a: Conkeldurr|Conkeldurr, M|100/100
|-damage|p2a: Conkeldurr|88/100|[from] Spikes
|turn|11
|
|t:|1743888129
|move|p1a: Raging Bolt|Thunderbolt|p2a: Conkeldurr
|-damage|p2a: Conkeldurr|47/100
|move|p2a: Conkeldurr|Knock Off|p1a: Raging Bolt
|-damage|p1a: Raging Bolt|62/100
|
|upkeep
|turn|12
|
|t:|1743888136
|move|p1a: Raging Bolt|Thunderbolt|p2a: Conkeldurr
|-damage|p2a: Conkeldurr|9/100
|move|p2a: Conkeldurr|Earthquake|p1a: Raging Bolt
|-supereffective|p1a: Raging Bolt
|-damage|p1a: Raging Bolt|0 fnt
|faint|p1a: Raging Bolt
|-end|p1a: Raging Bolt|Protosynthesis|[silent]
|
|upkeep
|
|t:|1743888141
|switch|p1a: Moltres|Moltres|100/100
|turn|13
|
|t:|1743888148
|switch|p2a: Blastoise|Blastoise, F|100/100
|-damage|p2a: Blastoise|88/100|[from] Spikes
|move|p1a: Moltres|Flamethrower|p2a: Blastoise
|-resisted|p2a: Blastoise
|-damage|p2a: Blastoise|69/100
|
|upkeep
|turn|14
|
|t:|1743888156
|move|p2a: Blastoise|Rapid Spin|p1a: Moltres
|-damage|p1a: Moltres|92/100
|-boost|p2a: Blastoise|spe|1
|-sideend|p2: Aleph501!|Spikes|[from] move: Rapid Spin|[of] p2a: Blastoise
|move|p1a: Moltres|Roar|p2a: Blastoise
|drag|p2a: Kleavor|Kleavor, M|100/100
|
|upkeep
|turn|15
|
|t:|1743888164
|switch|p1a: Great Tusk|Great Tusk, tera:Steel|37/100 par
|move|p2a: Kleavor|Stone Axe|p1a: Great Tusk
|-resisted|p1a: Great Tusk
|-damage|p1a: Great Tusk|19/100 par
|-damage|p2a: Kleavor|84/100|[from] item: Rocky Helmet|[of] p1a: Great Tusk
|-sidestart|p1: Etouraptamere|move: Stealth Rock
|
|upkeep
|turn|16
|
|t:|1743888176
|switch|p2a: Blastoise|Blastoise, F|69/100
|move|p1a: Great Tusk|Rapid Spin|p2a: Blastoise
|-damage|p2a: Blastoise|53/100
|-boost|p1a: Great Tusk|spe|1
|-sideend|p1: Etouraptamere|Stealth Rock|[from] move: Rapid Spin|[of] p1a: Great Tusk
|
|upkeep
|turn|17
|
|t:|1743888185
|move|p2a: Blastoise|Surf|p1a: Great Tusk
|-damage|p1a: Great Tusk|0 fnt
|faint|p1a: Great Tusk
|-end|p1a: Great Tusk|Protosynthesis|[silent]
|
|upkeep
|
|t:|1743888187
|switch|p1a: Iron Crown|Iron Crown|100/100
|turn|18
|
|t:|1743888199
|move|p1a: Iron Crown|Psychic Noise|p2a: Blastoise
|-damage|p2a: Blastoise|25/100
|-start|p2a: Blastoise|move: Heal Block
|move|p2a: Blastoise|Dark Pulse|p1a: Iron Crown
|-supereffective|p1a: Iron Crown
|-damage|p1a: Iron Crown|71/100
|
|upkeep
|turn|19
|
|t:|1743888214
|move|p1a: Iron Crown|Psychic Noise|p2a: Blastoise
|-damage|p2a: Blastoise|0 fnt
|faint|p2a: Blastoise
|
|upkeep
|
|t:|1743888222
|switch|p2a: Kleavor|Kleavor, M|84/100
|turn|20
|
|t:|1743888227
|-end|p1a: Iron Crown|Quark Drive|[silent]
|switch|p1a: Moltres|Moltres|92/100
|move|p2a: Kleavor|U-turn|p1a: Moltres
|-resisted|p1a: Moltres
|-damage|p1a: Moltres|82/100
|-status|p2a: Kleavor|brn|[from] ability: Flame Body|[of] p1a: Moltres
|
|t:|1743888239
|switch|p2a: Zapdos|Zapdos|55/100|[from] U-turn
|
|upkeep
|turn|21
|
|t:|1743888244
|move|p2a: Zapdos|Discharge|p1a: Moltres
|-supereffective|p1a: Moltres
|-damage|p1a: Moltres|15/100
|move|p1a: Moltres|Flamethrower|p2a: Zapdos
|-damage|p2a: Zapdos|5/100
|
|upkeep
|turn|22
|
|t:|1743888252
|move|p2a: Zapdos|Discharge|p1a: Moltres
|-supereffective|p1a: Moltres
|-damage|p1a: Moltres|0 fnt
|faint|p1a: Moltres
|
|upkeep
|
|t:|1743888254
|switch|p1a: Iron Crown|Iron Crown|71/100
|turn|23
|
|t:|1743888260
|move|p1a: Iron Crown|Tachyon Cutter|p2a: Zapdos
|-resisted|p2a: Zapdos
|-damage|p2a: Zapdos|0 fnt
|faint|p2a: Zapdos
|-hitcount|p2: Zapdos|1
|
|upkeep
|
|t:|1743888266
|switch|p2a: Kleavor|Kleavor, M|84/100 brn
|turn|24
|
|t:|1743888270
|move|p2a: Kleavor|Night Slash|p1a: Iron Crown
|-supereffective|p1a: Iron Crown
|-crit|p1a: Iron Crown
|-damage|p1a: Iron Crown|7/100
|move|p1a: Iron Crown|Tachyon Cutter|p2a: Kleavor
|-supereffective|p2a: Kleavor
|-damage|p2a: Kleavor|1/100 brn
|-supereffective|p2a: Kleavor
|-damage|p2a: Kleavor|0 fnt
|faint|p2a: Kleavor
|-hitcount|p2: Kleavor|2
|
|upkeep
|
|t:|1743888280
|switch|p2a: Conkeldurr|Conkeldurr, M|9/100
|turn|25
|
|t:|1743888284
|move|p2a: Conkeldurr|Mach Punch|p1a: Iron Crown
|-damage|p1a: Iron Crown|0 fnt
|faint|p1a: Iron Crown
|-end|p1a: Iron Crown|Quark Drive|[silent]
|
|win|Aleph501!
|raw|Etouraptamere's rating: 1466 &rarr; <strong>1447</strong><br />(-19 for losing)
|raw|Aleph501!'s rating: 1484 &rarr; <strong>1503</strong><br />(+19 for winning)
|l|☆Etouraptamere
|player|p1|
|l|☆Aleph501!
|player|p2|
