|j|☆Pedro_Gil_2502
|j|☆mynameislarfkeagon
|t:|1743898734
|gametype|singles
|player|p1|Pedro_Gil_2502|byron|1650
|player|p2|mynameislarfkeagon|parasollady-gen4|1647
|teamsize|p1|6
|teamsize|p2|6
|gen|9
|tier|[Gen 9] OU
|rated|
|rule|HP Percentage Mod: HP is shown in percentages
|rule|Endless Battle Clause: Forcing endless battles is banned
|rule|Species Clause: Limit one of each Pokémon
|rule|OHKO Clause: OHKO moves are banned
|rule|Evasion Items Clause: Evasion items are banned
|rule|Evasion Moves Clause: Evasion moves are banned
|rule|Sleep Moves Clause: Sleep-inducing moves are banned
|clearpoke
|poke|p1|Ting-Lu|
|poke|p1|Kyurem|
|poke|p1|Great Tusk|
|poke|p1|Ogerpon-Cornerstone, F|
|poke|p1|Samurott-Hisui, F|
|poke|p1|Pecharunt|
|poke|p2|Scizor, F|
|poke|p2|Great Tusk|
|poke|p2|Glimmora, M|
|poke|p2|Primarina, M|
|poke|p2|Ninetales-Alola, M|
|poke|p2|Dragonite, M|
|teampreview
|inactive|Battle timer is ON: inactive players will automatically lose when time's up. (requested by Pedro_Gil_2502)
|c|☆Pedro_Gil_2502|Hf!
|c|☆mynameislarfkeagon|u2
|
|t:|1743898750
|start
|switch|p1a: Tige-la|Ting-Lu|100/100
|switch|p2a: Ninetales|Ninetales-Alola, M|100/100
|-weather|Snowscape|[from] ability: Snow Warning|[of] p2a: Ninetales
|-ability|p1a: Tige-la|Vessel of Ruin
|turn|1
|
|t:|1743898755
|move|p2a: Ninetales|Aurora Veil|p2a: Ninetales
|-sidestart|p2: mynameislarfkeagon|move: Aurora Veil
|move|p1a: Tige-la|Stealth Rock|p2a: Ninetales
|-sidestart|p2: mynameislarfkeagon|move: Stealth Rock
|
|-weather|Snowscape|[upkeep]
|upkeep
|turn|2
|
|t:|1743898763
|move|p2a: Ninetales|Encore|p1a: Tige-la
|-start|p1a: Tige-la|Encore
|move|p1a: Tige-la|Stealth Rock||[still]
|-fail|p1a: Tige-la
|
|-weather|Snowscape|[upkeep]
|upkeep
|turn|3
|
|t:|1743898767
|switch|p2a: Scizor|Scizor, F|100/100
|-damage|p2a: Scizor|88/100|[from] Stealth Rock
|switch|p1a: Pêssego|Pecharunt|100/100
|
|-weather|Snowscape|[upkeep]
|upkeep
|turn|4
|
|t:|1743898771
|move|p1a: Pêssego|Parting Shot|p2a: Scizor
|-unboost|p2a: Scizor|atk|1
|-unboost|p2a: Scizor|spa|1
|
|t:|1743898775
|switch|p1a: Tige-la|Ting-Lu|100/100|[from] Parting Shot
|-ability|p1a: Tige-la|Vessel of Ruin
|move|p2a: Scizor|Swords Dance|p2a: Scizor
|-boost|p2a: Scizor|atk|2
|
|-weather|Snowscape|[upkeep]
|upkeep
|turn|5
|
|t:|1743898778
|move|p2a: Scizor|Close Combat|p1a: Tige-la
|-supereffective|p1a: Tige-la
|-damage|p1a: Tige-la|8/100
|-unboost|p2a: Scizor|def|1
|-unboost|p2a: Scizor|spd|1
|-damage|p2a: Scizor|78/100|[from] item: Life Orb
|move|p1a: Tige-la|Whirlwind|p2a: Scizor
|drag|p2a: Great Tusk|Great Tusk|100/100
|-damage|p2a: Great Tusk|98/100|[from] Stealth Rock
|-enditem|p2a: Great Tusk|Booster Energy
|-activate|p2a: Great Tusk|ability: Protosynthesis|[fromitem]
|-start|p2a: Great Tusk|protosynthesisspe
|
|-weather|none
|-heal|p1a: Tige-la|14/100|[from] item: Leftovers
|upkeep
|turn|6
|
|t:|1743898784
|move|p2a: Great Tusk|Headlong Rush|p1a: Tige-la
|-damage|p1a: Tige-la|0 fnt
|-unboost|p2a: Great Tusk|def|1
|-unboost|p2a: Great Tusk|spd|1
|faint|p1a: Tige-la
|
|upkeep
|
|t:|1743898802
|switch|p1a: Mamute Pequenino|Great Tusk|100/100
|turn|7
|
|t:|1743898808
|move|p2a: Great Tusk|Bulk Up|p2a: Great Tusk
|-boost|p2a: Great Tusk|atk|1
|-boost|p2a: Great Tusk|def|1
|move|p1a: Mamute Pequenino|Rapid Spin|p2a: Great Tusk
|-damage|p2a: Great Tusk|92/100
|-boost|p1a: Mamute Pequenino|spe|1
|
|upkeep
|turn|8
|
|t:|1743898817
|move|p2a: Great Tusk|Bulk Up|p2a: Great Tusk
|-boost|p2a: Great Tusk|atk|1
|-boost|p2a: Great Tusk|def|1
|move|p1a: Mamute Pequenino|Earthquake|p2a: Great Tusk
|-crit|p2a: Great Tusk
|-damage|p2a: Great Tusk|42/100
|
|-sideend|p2: mynameislarfkeagon|move: Aurora Veil
|upkeep
|turn|9
|
|t:|1743898826
|move|p2a: Great Tusk|Ice Spinner|p1a: Mamute Pequenino
|-supereffective|p1a: Mamute Pequenino
|-damage|p1a: Mamute Pequenino|38/100
|move|p1a: Mamute Pequenino|Earthquake|p2a: Great Tusk
|-damage|p2a: Great Tusk|19/100
|
|-heal|p1a: Mamute Pequenino|44/100|[from] item: Leftovers
|upkeep
|turn|10
|
|t:|1743898830
|move|p2a: Great Tusk|Ice Spinner|p1a: Mamute Pequenino
|-supereffective|p1a: Mamute Pequenino
|-damage|p1a: Mamute Pequenino|0 fnt
|faint|p1a: Mamute Pequenino
|-end|p1a: Mamute Pequenino|Protosynthesis|[silent]
|
|upkeep
|
|t:|1743898834
|switch|p1a: Ronin do Interior|Samurott-Hisui, F|100/100
|turn|11
|
|t:|1743898839
|move|p2a: Great Tusk|Headlong Rush|p1a: Ronin do Interior
|-enditem|p1a: Ronin do Interior|Focus Sash
|-damage|p1a: Ronin do Interior|1/100
|-unboost|p2a: Great Tusk|def|1
|-unboost|p2a: Great Tusk|spd|1
|move|p1a: Ronin do Interior|Razor Shell|p2a: Great Tusk
|-supereffective|p2a: Great Tusk
|-damage|p2a: Great Tusk|0 fnt
|faint|p2a: Great Tusk
|-end|p2a: Great Tusk|Protosynthesis|[silent]
|
|upkeep
|
|t:|1743898846
|switch|p2a: Glimmora|Glimmora, M|100/100
|-damage|p2a: Glimmora|88/100|[from] Stealth Rock
|turn|12
|
|t:|1743898849
|move|p2a: Glimmora|Mortal Spin|p1a: Ronin do Interior
|-damage|p1a: Ronin do Interior|0 fnt
|-sideend|p2: mynameislarfkeagon|Stealth Rock|[from] move: Mortal Spin|[of] p2a: Glimmora
|faint|p1a: Ronin do Interior
|
|upkeep
|
|t:|1743898854
|switch|p1a: Dagrão duzOio Azul|Kyurem|100/100
|-ability|p1a: Dagrão duzOio Azul|Pressure
|turn|13
|
|t:|1743898859
|switch|p2a: Ninetales|Ninetales-Alola, M|100/100
|-weather|Snowscape|[from] ability: Snow Warning|[of] p2a: Ninetales
|move|p1a: Dagrão duzOio Azul|Earth Power|p2a: Ninetales
|-damage|p2a: Ninetales|69/100
|
|-weather|Snowscape|[upkeep]
|upkeep
|turn|14
|
|t:|1743898862
|switch|p1a: Pilastra|Ogerpon-Cornerstone, F|100/100
|move|p2a: Ninetales|Aurora Veil|p2a: Ninetales
|-sidestart|p2: mynameislarfkeagon|move: Aurora Veil
|
|-weather|Snowscape|[upkeep]
|upkeep
|turn|15
|
|t:|1743898866
|switch|p2a: Glimmora|Glimmora, M|88/100
|move|p1a: Pilastra|Swords Dance|p1a: Pilastra
|-boost|p1a: Pilastra|atk|2
|
|-weather|Snowscape|[upkeep]
|upkeep
|turn|16
|
|t:|1743898873
|move|p1a: Pilastra|Swords Dance|p1a: Pilastra
|-boost|p1a: Pilastra|atk|2
|move|p2a: Glimmora|Power Gem|p1a: Pilastra
|-damage|p1a: Pilastra|52/100
|
|-weather|Snowscape|[upkeep]
|upkeep
|turn|17
|
|t:|1743898880
|move|p1a: Pilastra|Horn Leech|p2a: Glimmora
|-damage|p2a: Glimmora|13/100
|-heal|p1a: Pilastra|91/100|[from] drain|[of] p2a: Glimmora
|-activate|p2a: Glimmora|ability: Toxic Debris
|-sidestart|p1: Pedro_Gil_2502|move: Toxic Spikes
|-enditem|p2a: Glimmora|Red Card|[of] p1a: Pilastra
|drag|p1a: Dagrão duzOio Azul|Kyurem|100/100
|-ability|p1a: Dagrão duzOio Azul|Pressure
|move|p2a: Glimmora|Power Gem|p1a: Dagrão duzOio Azul
|-supereffective|p1a: Dagrão duzOio Azul
|-damage|p1a: Dagrão duzOio Azul|25/100
|
|-weather|none
|upkeep
|turn|18
|
|t:|1743898889
|move|p1a: Dagrão duzOio Azul|Scale Shot|p2a: Glimmora
|-damage|p2a: Glimmora|7/100
|-activate|p2a: Glimmora|ability: Toxic Debris
|-sidestart|p1: Pedro_Gil_2502|move: Toxic Spikes
|-damage|p2a: Glimmora|1/100
|-hitcount|p2a: Glimmora|2
|-unboost|p1a: Dagrão duzOio Azul|def|1
|-boost|p1a: Dagrão duzOio Azul|spe|1
|move|p2a: Glimmora|Power Gem|p1a: Dagrão duzOio Azul
|-supereffective|p1a: Dagrão duzOio Azul
|-damage|p1a: Dagrão duzOio Azul|0 fnt
|faint|p1a: Dagrão duzOio Azul
|
|upkeep
|-message|Pedro_Gil_2502 forfeited.
|
|win|mynameislarfkeagon
|raw|Pedro_Gil_2502's rating: 1650 &rarr; <strong>1630</strong><br />(-20 for losing)
|raw|mynameislarfkeagon's rating: 1647 &rarr; <strong>1667</strong><br />(+20 for winning)
|l|☆Pedro_Gil_2502
|player|p1|
|c|☆mynameislarfkeagon|gg
|l|☆mynameislarfkeagon
|player|p2|
