|j|☆King Keita
|j|☆mathiak
|t:|1743786221
|gametype|singles
|player|p1|King Keita|dancer|1177
|player|p2|mathiak|channeler-gen1rb|1151
|teamsize|p1|6
|teamsize|p2|6
|gen|9
|tier|[Gen 9] OU
|rated|
|rule|HP Percentage Mod: HP is shown in percentages
|rule|Endless Battle Clause: Forcing endless battles is banned
|rule|Species Clause: Limit one of each Pokémon
|rule|OHKO Clause: OHKO moves are banned
|rule|Evasion Items Clause: Evasion items are banned
|rule|Evasion Moves Clause: Evasion moves are banned
|rule|Sleep Moves Clause: Sleep-inducing moves are banned
|clearpoke
|poke|p1|Hitmonchan, M|
|poke|p1|Shiftry, M|
|poke|p1|Typhlosion, M|
|poke|p1|Vikavolt, M|
|poke|p1|Noivern, M|
|poke|p1|Porygon-Z|
|poke|p2|Zamazenta-*|
|poke|p2|Great Tusk|
|poke|p2|Kingambit, M|
|poke|p2|Ogerpon-Wellspring, F|
|poke|p2|Glimmora, F|
|poke|p2|Gholdengo|
|teampreview
|inactive|Battle timer is ON: inactive players will automatically lose when time's up. (requested by King Keita)
|
|t:|1743786232
|start
|switch|p1a: Vikavolt|Vikavolt, M, shiny|100/100
|switch|p2a: Glimmora|Glimmora, F|100/100
|turn|1
|
|t:|1743786238
|move|p2a: Glimmora|Meteor Beam||[still]
|-prepare|p2a: Glimmora|Meteor Beam
|-boost|p2a: Glimmora|spa|1
|-enditem|p2a: Glimmora|Power Herb
|-anim|p2a: Glimmora|Meteor Beam|p1a: Vikavolt|[miss]
|-miss|p2a: Glimmora|p1a: Vikavolt
|move|p1a: Vikavolt|Discharge|p2a: Glimmora
|-damage|p2a: Glimmora|40/100
|
|upkeep
|turn|2
|c|☆King Keita|Rng
|
|t:|1743786248
|move|p2a: Glimmora|Earth Power|p1a: Vikavolt
|-immune|p1a: Vikavolt|[from] ability: Levitate
|move|p1a: Vikavolt|Flash Cannon|p2a: Glimmora
|-supereffective|p2a: Glimmora
|-damage|p2a: Glimmora|0 fnt
|faint|p2a: Glimmora
|
|upkeep
|
|t:|1743786270
|switch|p2a: Great Tusk|Great Tusk|100/100
|turn|3
|
|t:|1743786276
|move|p2a: Great Tusk|Ice Spinner|p1a: Vikavolt
|-damage|p1a: Vikavolt|72/100
|move|p1a: Vikavolt|Energy Ball|p2a: Great Tusk
|-supereffective|p2a: Great Tusk
|-damage|p2a: Great Tusk|0 fnt
|faint|p2a: Great Tusk
|-end|p2a: Great Tusk|Protosynthesis|[silent]
|
|upkeep
|
|t:|1743786286
|switch|p2a: Zamazenta|Zamazenta|100/100
|-ability|p2a: Zamazenta|Dauntless Shield|boost
|-boost|p2a: Zamazenta|def|1
|turn|4
|
|t:|1743786291
|move|p2a: Zamazenta|Stone Edge|p1a: Vikavolt
|-supereffective|p1a: Vikavolt
|-crit|p1a: Vikavolt
|-damage|p1a: Vikavolt|0 fnt
|faint|p1a: Vikavolt
|-damage|p2a: Zamazenta|91/100|[from] item: Life Orb
|
|upkeep
|
|t:|1743786299
|switch|p1a: Porygon-Z|Porygon-Z, shiny|100/100
|-ability|p1a: Porygon-Z|Download|boost
|-boost|p1a: Porygon-Z|spa|1
|turn|5
|
|t:|1743786306
|-terastallize|p1a: Porygon-Z|Ghost
|move|p2a: Zamazenta|Close Combat|p1a: Porygon-Z
|-immune|p1a: Porygon-Z
|move|p1a: Porygon-Z|Psychic|p2a: Zamazenta
|-supereffective|p2a: Zamazenta
|-damage|p2a: Zamazenta|0 fnt
|faint|p2a: Zamazenta
|
|upkeep
|
|t:|1743786314
|switch|p2a: Gholdengo|Gholdengo|100/100
|turn|6
|
|t:|1743786317
|move|p2a: Gholdengo|Shadow Ball|p1a: Porygon-Z
|-supereffective|p1a: Porygon-Z
|-damage|p1a: Porygon-Z|0 fnt
|faint|p1a: Porygon-Z
|
|upkeep
|
|t:|1743786323
|switch|p1a: Shiftry|Shiftry, M, shiny|100/100
|turn|7
|
|t:|1743786327
|switch|p2a: Ogerpon|Ogerpon-Wellspring, F|100/100
|move|p1a: Shiftry|Tailwind|p1a: Shiftry
|-sidestart|p1: King Keita|move: Tailwind
|-ability|p1a: Shiftry|Wind Rider|boost
|-boost|p1a: Shiftry|atk|1
|
|upkeep
|turn|8
|
|t:|1743786336
|move|p1a: Shiftry|Bullet Seed|p2a: Ogerpon
|-damage|p2a: Ogerpon|81/100
|-damage|p2a: Ogerpon|57/100
|-crit|p2a: Ogerpon
|-damage|p2a: Ogerpon|22/100
|-damage|p2a: Ogerpon|0 fnt
|faint|p2a: Ogerpon
|-hitcount|p2: Ogerpon|4
|
|upkeep
|
|t:|1743786343
|switch|p2a: Kingambit|Kingambit, M|100/100
|-activate|p2a: Kingambit|ability: Supreme Overlord
|-start|p2a: Kingambit|fallen4|[silent]
|turn|9
|c|☆King Keita|Rng
|
|t:|1743786353
|move|p1a: Shiftry|Knock Off|p2a: Kingambit
|-resisted|p2a: Kingambit
|-damage|p2a: Kingambit|75/100
|-enditem|p2a: Kingambit|Leftovers|[from] move: Knock Off|[of] p1a: Shiftry
|move|p2a: Kingambit|Swords Dance|p2a: Kingambit
|-boost|p2a: Kingambit|atk|2
|
|upkeep
|turn|10
|
|t:|1743786365
|switch|p1a: Hitmonchan|Hitmonchan, M, shiny|100/100
|move|p2a: Kingambit|Sucker Punch||[still]
|-fail|p2a: Kingambit
|
|-sideend|p1: King Keita|move: Tailwind
|upkeep
|turn|11
|
|t:|1743786372
|-terastallize|p2a: Kingambit|Ghost
|move|p2a: Kingambit|Sucker Punch|p1a: Hitmonchan
|-resisted|p1a: Hitmonchan
|-damage|p1a: Hitmonchan|29/100
|move|p1a: Hitmonchan|Drain Punch|p2a: Kingambit
|-immune|p2a: Kingambit
|
|upkeep
|turn|12
|
|t:|1743786381
|move|p1a: Hitmonchan|Bullet Punch|p2a: Kingambit
|-damage|p2a: Kingambit|62/100
|move|p2a: Kingambit|Swords Dance|p2a: Kingambit
|-boost|p2a: Kingambit|atk|2
|
|upkeep
|turn|13
|
|t:|1743786388
|move|p1a: Hitmonchan|Bullet Punch|p2a: Kingambit
|-damage|p2a: Kingambit|50/100
|move|p2a: Kingambit|Sucker Punch||[still]
|-fail|p2a: Kingambit
|
|upkeep
|turn|14
|
|t:|1743786396
|move|p1a: Hitmonchan|Ice Punch|p2a: Kingambit
|-damage|p2a: Kingambit|26/100
|-status|p2a: Kingambit|frz
|cant|p2a: Kingambit|frz
|
|upkeep
|turn|15
|c|☆mathiak|hax ain't on my side
|
|t:|1743786414
|move|p1a: Hitmonchan|Bullet Punch|p2a: Kingambit
|-damage|p2a: Kingambit|12/100 frz
|cant|p2a: Kingambit|frz
|
|upkeep
|turn|16
|
|t:|1743786420
|move|p1a: Hitmonchan|Bullet Punch|p2a: Kingambit
|-damage|p2a: Kingambit|0 fnt
|faint|p2a: Kingambit
|-end|p2a: Kingambit|fallen4|[silent]
|
|upkeep
|
|t:|1743786423
|switch|p2a: Gholdengo|Gholdengo|100/100
|turn|17
|c|☆King Keita|Rng
|c|☆mathiak|yh
|c|☆King Keita|I hate it wgen its against me and love when its for me
|
|t:|1743786450
|move|p2a: Gholdengo|Trick|p1a: Hitmonchan
|-activate|p2a: Gholdengo|move: Trick|[of] p1a: Hitmonchan
|-item|p1a: Hitmonchan|Choice Scarf|[from] move: Trick
|-item|p2a: Gholdengo|Punching Glove|[from] move: Trick
|move|p1a: Hitmonchan|Thunder Punch|p2a: Gholdengo
|-damage|p2a: Gholdengo|65/100
|
|upkeep
|turn|18
|
|t:|1743786464
|move|p2a: Gholdengo|Shadow Ball|p1a: Hitmonchan
|-damage|p1a: Hitmonchan|0 fnt
|faint|p1a: Hitmonchan
|
|upkeep
|
|t:|1743786470
|switch|p1a: Typhlosion|Typhlosion, M, shiny|100/100
|turn|19
|c|☆King Keita|Ggs
|
|t:|1743786479
|move|p1a: Typhlosion|Eruption|p2a: Gholdengo
|-supereffective|p2a: Gholdengo
|-damage|p2a: Gholdengo|0 fnt
|faint|p2a: Gholdengo
|
|win|King Keita
|raw|King Keita's rating: 1177 &rarr; <strong>1200</strong><br />(+23 for winning)
|raw|mathiak's rating: 1151 &rarr; <strong>1128</strong><br />(-23 for losing)
|l|☆mathiak
|player|p2|
|l|☆King Keita
|player|p1|
