|j|☆pounana
|j|☆fadfadadfadf
|t:|1743798082
|gametype|singles
|player|p1|pounana|265|1128
|player|p2|fadfadadfadf|rocketgruntf|1160
|teamsize|p1|6
|teamsize|p2|6
|gen|9
|tier|[Gen 9] OU
|rated|
|rule|HP Percentage Mod: HP is shown in percentages
|rule|Endless Battle Clause: Forcing endless battles is banned
|rule|Species Clause: Limit one of each Pokémon
|rule|OHKO Clause: OHKO moves are banned
|rule|Evasion Items Clause: Evasion items are banned
|rule|Evasion Moves Clause: Evasion moves are banned
|rule|Sleep Moves Clause: Sleep-inducing moves are banned
|clearpoke
|poke|p1|Squawkabilly, F|
|poke|p1|Blissey, F|
|poke|p1|Gliscor, F|
|poke|p1|Araquanid, F|
|poke|p1|Corviknight, F|
|poke|p1|Brambleghast, F|
|poke|p2|Dragapult, M|
|poke|p2|Kingambit, F|
|poke|p2|Landorus-Therian, M|
|poke|p2|Slowking-Galar, M|
|poke|p2|Primarina, M|
|poke|p2|Ogerpon, F|
|teampreview
|inactive|Battle timer is ON: inactive players will automatically lose when time's up. (requested by fadfadadfadf)
|
|t:|1743798096
|start
|switch|p1a: Squawkabilly|Squawkabilly, F, shiny|100/100
|switch|p2a: Landorus|Landorus-Therian, M|100/100
|-ability|p2a: Landorus|Intimidate|boost
|-unboost|p1a: Squawkabilly|atk|1
|turn|1
|
|t:|1743798111
|move|p2a: Landorus|Stealth Rock|p1a: Squawkabilly
|-sidestart|p1: pounana|move: Stealth Rock
|move|p1a: Squawkabilly|Lash Out|p2a: Landorus
|-crit|p2a: Landorus
|-damage|p2a: Landorus|32/100
|-damage|p1a: Squawkabilly|84/100|[from] item: Rocky Helmet|[of] p2a: Landorus
|
|-status|p1a: Squawkabilly|brn|[from] item: Flame Orb
|upkeep
|turn|2
|
|t:|1743798123
|move|p1a: Squawkabilly|Quick Attack|p2a: Landorus
|-damage|p2a: Landorus|15/100
|-damage|p1a: Squawkabilly|68/100 brn|[from] item: Rocky Helmet|[of] p2a: Landorus
|move|p2a: Landorus|U-turn|p1a: Squawkabilly
|-resisted|p1a: Squawkabilly
|-damage|p1a: Squawkabilly|48/100 brn
|
|t:|1743798134
|switch|p2a: Ogerpon|Ogerpon, F|100/100|[from] U-turn
|
|-damage|p1a: Squawkabilly|42/100 brn|[from] brn
|upkeep
|turn|3
|
|t:|1743798139
|move|p2a: Ogerpon|Knock Off|p1a: Squawkabilly
|-damage|p1a: Squawkabilly|0 fnt
|-enditem|p1a: Squawkabilly|Flame Orb|[from] move: Knock Off|[of] p2a: Ogerpon
|faint|p1a: Squawkabilly
|
|upkeep
|
|t:|1743798156
|switch|p1a: Gliscor|Gliscor, F|100/100
|-damage|p1a: Gliscor|88/100|[from] Stealth Rock
|turn|4
|
|t:|1743798163
|move|p2a: Ogerpon|Knock Off|p1a: Gliscor
|-damage|p1a: Gliscor|68/100
|-enditem|p1a: Gliscor|Toxic Orb|[from] move: Knock Off|[of] p2a: Ogerpon
|move|p1a: Gliscor|Stealth Rock|p2a: Ogerpon
|-sidestart|p2: fadfadadfadf|move: Stealth Rock
|
|upkeep
|turn|5
|
|t:|1743798170
|move|p2a: Ogerpon|Swords Dance|p2a: Ogerpon
|-boost|p2a: Ogerpon|atk|2
|move|p1a: Gliscor|Tailwind|p1a: Gliscor
|-sidestart|p1: pounana|move: Tailwind
|
|upkeep
|turn|6
|
|t:|1743798177
|move|p1a: Gliscor|U-turn|p2a: Ogerpon
|-supereffective|p2a: Ogerpon
|-damage|p2a: Ogerpon|57/100
|
|t:|1743798187
|switch|p1a: Corviknight|Corviknight, F|100/100|[from] U-turn
|-damage|p1a: Corviknight|88/100|[from] Stealth Rock
|-ability|p1a: Corviknight|Pressure
|move|p2a: Ogerpon|Knock Off|p1a: Corviknight
|-damage|p1a: Corviknight|51/100
|-enditem|p1a: Corviknight|Lagging Tail|[from] move: Knock Off|[of] p2a: Ogerpon
|
|upkeep
|turn|7
|
|t:|1743798205
|switch|p2a: Primarina|Primarina, M|100/100
|move|p1a: Corviknight|Body Slam|p2a: Primarina
|-damage|p2a: Primarina|76/100
|
|upkeep
|turn|8
|
|t:|1743798216
|move|p1a: Corviknight|Body Slam|p2a: Primarina
|-damage|p2a: Primarina|53/100
|-status|p2a: Primarina|par
|move|p2a: Primarina|Flip Turn|p1a: Corviknight
|-crit|p1a: Corviknight
|-damage|p1a: Corviknight|39/100
|
|t:|1743798231
|switch|p2a: Dragapult|Dragapult, M|100/100|[from] Flip Turn
|-damage|p2a: Dragapult|88/100|[from] Stealth Rock
|
|-sideend|p1: pounana|move: Tailwind
|upkeep
|turn|9
|
|t:|1743798238
|move|p2a: Dragapult|Draco Meteor|p1a: Corviknight
|-resisted|p1a: Corviknight
|-damage|p1a: Corviknight|1/100
|-unboost|p2a: Dragapult|spa|2
|move|p1a: Corviknight|Roost|p1a: Corviknight
|-heal|p1a: Corviknight|51/100
|-singleturn|p1a: Corviknight|move: Roost
|
|upkeep
|turn|10
|
|t:|1743798252
|switch|p2a: Primarina|Primarina, M|53/100 par
|move|p1a: Corviknight|Roost|p1a: Corviknight
|-heal|p1a: Corviknight|100/100
|-singleturn|p1a: Corviknight|move: Roost
|
|upkeep
|turn|11
|
|t:|1743798259
|move|p1a: Corviknight|Tailwind|p1a: Corviknight
|-sidestart|p1: pounana|move: Tailwind
|move|p2a: Primarina|Flip Turn|p1a: Corviknight
|-damage|p1a: Corviknight|92/100
|
|t:|1743798266
|switch|p2a: Dragapult|Dragapult, M|88/100|[from] Flip Turn
|-damage|p2a: Dragapult|76/100|[from] Stealth Rock
|
|upkeep
|turn|12
|
|t:|1743798273
|move|p2a: Dragapult|Flamethrower|p1a: Corviknight
|-supereffective|p1a: Corviknight
|-damage|p1a: Corviknight|14/100
|-status|p1a: Corviknight|brn
|move|p1a: Corviknight|Body Slam|p2a: Dragapult
|-immune|p2a: Dragapult
|
|-damage|p1a: Corviknight|8/100 brn|[from] brn
|upkeep
|turn|13
|
|t:|1743798282
|move|p2a: Dragapult|Flamethrower|p1a: Corviknight
|-supereffective|p1a: Corviknight
|-damage|p1a: Corviknight|0 fnt
|faint|p1a: Corviknight
|
|upkeep
|
|t:|1743798300
|switch|p1a: Araquanid|Araquanid, F|100/100
|-damage|p1a: Araquanid|75/100|[from] Stealth Rock
|turn|14
|
|t:|1743798313
|move|p2a: Dragapult|Flamethrower|p1a: Araquanid
|-damage|p1a: Araquanid|47/100
|move|p1a: Araquanid|Body Slam|p2a: Dragapult
|-immune|p2a: Dragapult
|
|-sideend|p1: pounana|move: Tailwind
|upkeep
|turn|15
|
|t:|1743798326
|switch|p2a: Kingambit|Kingambit, F|100/100
|-damage|p2a: Kingambit|94/100|[from] Stealth Rock
|move|p1a: Araquanid|Infestation|p2a: Kingambit
|-damage|p2a: Kingambit|91/100
|-activate|p2a: Kingambit|move: Infestation|[of] p1a: Araquanid
|
|-heal|p2a: Kingambit|97/100|[from] item: Leftovers
|-damage|p2a: Kingambit|84/100|[from] move: Infestation|[partiallytrapped]
|upkeep
|turn|16
|
|t:|1743798336
|move|p2a: Kingambit|Swords Dance|p2a: Kingambit
|-boost|p2a: Kingambit|atk|2
|move|p1a: Araquanid|Body Slam|p2a: Kingambit
|-resisted|p2a: Kingambit
|-damage|p2a: Kingambit|75/100
|-status|p2a: Kingambit|par
|
|-heal|p2a: Kingambit|81/100 par|[from] item: Leftovers
|-damage|p2a: Kingambit|69/100 par|[from] move: Infestation|[partiallytrapped]
|upkeep
|turn|17
|
|t:|1743798347
|move|p1a: Araquanid|Chilling Water|p2a: Kingambit
|-damage|p2a: Kingambit|59/100 par
|-unboost|p2a: Kingambit|atk|1
|cant|p2a: Kingambit|par
|
|-heal|p2a: Kingambit|66/100 par|[from] item: Leftovers
|-damage|p2a: Kingambit|53/100 par|[from] move: Infestation|[partiallytrapped]
|upkeep
|turn|18
|
|t:|1743798355
|move|p1a: Araquanid|Chilling Water|p2a: Kingambit
|-damage|p2a: Kingambit|43/100 par
|-unboost|p2a: Kingambit|atk|1
|move|p2a: Kingambit|Kowtow Cleave|p1a: Araquanid
|-damage|p1a: Araquanid|1/100
|
|-heal|p2a: Kingambit|49/100 par|[from] item: Leftovers
|-damage|p2a: Kingambit|37/100 par|[from] move: Infestation|[partiallytrapped]
|upkeep
|turn|19
|
|t:|1743798367
|move|p1a: Araquanid|Chilling Water|p2a: Kingambit
|-damage|p2a: Kingambit|27/100 par
|-unboost|p2a: Kingambit|atk|1
|cant|p2a: Kingambit|par
|
|-heal|p2a: Kingambit|33/100 par|[from] item: Leftovers
|-damage|p2a: Kingambit|21/100 par|[from] move: Infestation|[partiallytrapped]
|upkeep
|turn|20
|
|t:|1743798378
|move|p2a: Kingambit|Sucker Punch|p1a: Araquanid
|-damage|p1a: Araquanid|0 fnt
|faint|p1a: Araquanid
|
|-heal|p2a: Kingambit|27/100 par|[from] item: Leftovers
|-end|p2a: Kingambit|Infestation|[partiallytrapped]|[silent]
|upkeep
|
|t:|1743798393
|switch|p1a: Gliscor|Gliscor, F|68/100
|-damage|p1a: Gliscor|56/100|[from] Stealth Rock
|turn|21
|
|t:|1743798399
|move|p1a: Gliscor|U-turn|p2a: Kingambit
|-damage|p2a: Kingambit|13/100 par
|
|t:|1743798402
|switch|p1a: Blissey|Blissey, F|100/100|[from] U-turn
|-damage|p1a: Blissey|88/100|[from] Stealth Rock
|move|p2a: Kingambit|Kowtow Cleave|p1a: Blissey
|-damage|p1a: Blissey|59/100
|-damage|p2a: Kingambit|0 fnt|[from] item: Rocky Helmet|[of] p1a: Blissey
|faint|p2a: Kingambit
|-end|p2a: Kingambit|fallenundefined|[silent]
|
|upkeep
|
|t:|1743798420
|switch|p2a: Landorus|Landorus-Therian, M|15/100
|-damage|p2a: Landorus|3/100|[from] Stealth Rock
|-ability|p2a: Landorus|Intimidate|boost
|-unboost|p1a: Blissey|atk|1
|turn|22
|
|t:|1743798428
|move|p2a: Landorus|Earthquake|p1a: Blissey
|-damage|p1a: Blissey|13/100
|move|p1a: Blissey|Ice Beam|p2a: Landorus
|-supereffective|p2a: Landorus
|-crit|p2a: Landorus
|-damage|p2a: Landorus|0 fnt
|faint|p2a: Landorus
|
|upkeep
|
|t:|1743798439
|switch|p2a: Dragapult|Dragapult, M|76/100
|-damage|p2a: Dragapult|64/100|[from] Stealth Rock
|turn|23
|
|t:|1743798445
|switch|p1a: Gliscor|Gliscor, F|56/100
|-damage|p1a: Gliscor|43/100|[from] Stealth Rock
|move|p2a: Dragapult|Flamethrower|p1a: Gliscor
|-damage|p1a: Gliscor|0 fnt
|faint|p1a: Gliscor
|
|upkeep
|
|t:|1743798452
|switch|p1a: Brambleghast|Brambleghast, F|100/100
|-damage|p1a: Brambleghast|88/100|[from] Stealth Rock
|turn|24
|
|t:|1743798466
|-terastallize|p1a: Brambleghast|Fairy
|move|p2a: Dragapult|Flamethrower|p1a: Brambleghast
|-damage|p1a: Brambleghast|17/100
|-status|p1a: Brambleghast|brn
|move|p1a: Brambleghast|Leech Seed|p2a: Dragapult
|-start|p2a: Dragapult|move: Leech Seed
|
|-damage|p2a: Dragapult|51/100|[from] Leech Seed|[of] p1a: Brambleghast
|-heal|p1a: Brambleghast|32/100 brn|[silent]
|-damage|p1a: Brambleghast|26/100 brn|[from] brn
|upkeep
|turn|25
|
|t:|1743798476
|move|p2a: Dragapult|Flamethrower|p1a: Brambleghast
|-damage|p1a: Brambleghast|0 fnt
|faint|p1a: Brambleghast
|
|upkeep
|
|t:|1743798481
|switch|p1a: Blissey|Blissey, F|13/100
|-damage|p1a: Blissey|1/100|[from] Stealth Rock
|turn|26
|
|t:|1743798486
|move|p2a: Dragapult|Flamethrower|p1a: Blissey
|-damage|p1a: Blissey|0 fnt
|faint|p1a: Blissey
|
|win|fadfadadfadf
|raw|pounana's rating: 1128 &rarr; <strong>1105</strong><br />(-23 for losing)
|raw|fadfadadfadf's rating: 1160 &rarr; <strong>1183</strong><br />(+23 for winning)
|l|☆pounana
|player|p1|
|l|☆fadfadadfadf
|player|p2|
