|j|☆emoney666
|j|☆Baby Monster MAGA
|t:|1743936716
|gametype|singles
|player|p1|emoney666|266|1407
|player|p2|Baby Monster MAGA|265|1479
|teamsize|p1|6
|teamsize|p2|6
|gen|9
|tier|[Gen 9] OU
|rated|
|rule|HP Percentage Mod: HP is shown in percentages
|rule|Endless Battle Clause: Forcing endless battles is banned
|rule|Species Clause: Limit one of each Pokémon
|rule|OHKO Clause: OHKO moves are banned
|rule|Evasion Items Clause: Evasion items are banned
|rule|Evasion Moves Clause: Evasion moves are banned
|rule|Sleep Moves Clause: Sleep-inducing moves are banned
|clearpoke
|poke|p1|Feraligatr, M|
|poke|p1|Ribombee, F|
|poke|p1|Tentacruel, F|
|poke|p1|Ceruledge, M|
|poke|p1|Raging Bolt|
|poke|p1|Kyurem|
|poke|p2|Torkoal, M|
|poke|p2|Walking Wake|
|poke|p2|Great Tusk|
|poke|p2|Venusaur, M|
|poke|p2|Garchomp, M|
|poke|p2|Goodra-Hisui, F|
|teampreview
|inactive|Battle timer is ON: inactive players will automatically lose when time's up. (requested by emoney666)
|
|t:|1743936740
|start
|switch|p1a: Ribombee|Ribombee, F|100/100
|switch|p2a: Torkoal|Torkoal, M|100/100
|-weather|SunnyDay|[from] ability: Drought|[of] p2a: Torkoal
|turn|1
|
|t:|1743936765
|switch|p1a: Tentacruel|Tentacruel, F, shiny|100/100
|-item|p1a: Tentacruel|Air Balloon
|move|p2a: Torkoal|Rapid Spin|p1a: Tentacruel
|-damage|p1a: Tentacruel|86/100
|-boost|p2a: Torkoal|spe|1
|-enditem|p1a: Tentacruel|Air Balloon
|
|-weather|SunnyDay|[upkeep]
|upkeep
|turn|2
|
|t:|1743936772
|switch|p2a: Garchomp|Garchomp, M|100/100
|move|p1a: Tentacruel|Hydro Pump|p2a: Garchomp
|-damage|p2a: Garchomp|87/100
|
|-weather|SunnyDay|[upkeep]
|upkeep
|turn|3
|
|t:|1743936778
|move|p2a: Garchomp|Stealth Rock|p1a: Tentacruel
|-sidestart|p1: emoney666|move: Stealth Rock
|move|p1a: Tentacruel|Knock Off|p2a: Garchomp
|-damage|p2a: Garchomp|77/100
|-damage|p1a: Tentacruel|74/100|[from] ability: Rough Skin|[of] p2a: Garchomp
|-damage|p1a: Tentacruel|58/100|[from] item: Rocky Helmet|[of] p2a: Garchomp
|-enditem|p2a: Garchomp|Rocky Helmet|[from] move: Knock Off|[of] p1a: Tentacruel
|
|-weather|SunnyDay|[upkeep]
|upkeep
|turn|4
|
|t:|1743936797
|switch|p1a: Ribombee|Ribombee, F|100/100
|-damage|p1a: Ribombee|76/100|[from] Stealth Rock
|move|p2a: Garchomp|Earthquake|p1a: Ribombee
|-resisted|p1a: Ribombee
|-damage|p1a: Ribombee|33/100
|
|-weather|SunnyDay|[upkeep]
|upkeep
|turn|5
|
|t:|1743936806
|switch|p2a: Torkoal|Torkoal, M|100/100
|move|p1a: Ribombee|Moonblast|p2a: Torkoal
|-resisted|p2a: Torkoal
|-damage|p2a: Torkoal|72/100
|
|-weather|SunnyDay|[upkeep]
|upkeep
|turn|6
|
|t:|1743936811
|move|p1a: Ribombee|Sticky Web|p2a: Torkoal
|-sidestart|p2: Baby Monster MAGA|move: Sticky Web
|move|p2a: Torkoal|Rapid Spin|p1a: Ribombee
|-damage|p1a: Ribombee|14/100
|-boost|p2a: Torkoal|spe|1
|-sideend|p2: Baby Monster MAGA|Sticky Web|[from] move: Rapid Spin|[of] p2a: Torkoal
|
|-weather|SunnyDay|[upkeep]
|upkeep
|turn|7
|
|t:|1743936816
|move|p1a: Ribombee|Sticky Web|p2a: Torkoal
|-sidestart|p2: Baby Monster MAGA|move: Sticky Web
|move|p2a: Torkoal|Rapid Spin|p1a: Ribombee
|-damage|p1a: Ribombee|0 fnt
|-boost|p2a: Torkoal|spe|1
|-sideend|p2: Baby Monster MAGA|Sticky Web|[from] move: Rapid Spin|[of] p2a: Torkoal
|faint|p1a: Ribombee
|
|-weather|SunnyDay|[upkeep]
|upkeep
|
|t:|1743936819
|switch|p1a: Hellblade|Ceruledge, M|100/100
|-damage|p1a: Hellblade|76/100|[from] Stealth Rock
|turn|8
|
|t:|1743936823
|move|p1a: Hellblade|Swords Dance|p1a: Hellblade
|-boost|p1a: Hellblade|atk|2
|move|p2a: Torkoal|Earth Power|p1a: Hellblade
|-supereffective|p1a: Hellblade
|-damage|p1a: Hellblade|34/100
|
|-weather|none
|upkeep
|turn|9
|
|t:|1743936832
|switch|p2a: Garchomp|Garchomp, M|77/100
|move|p1a: Hellblade|Bitter Blade|p2a: Garchomp
|-resisted|p2a: Garchomp
|-damage|p2a: Garchomp|46/100
|-heal|p1a: Hellblade|57/100|[from] drain|[of] p2a: Garchomp
|-damage|p1a: Hellblade|44/100|[from] ability: Rough Skin|[of] p2a: Garchomp
|
|upkeep
|turn|10
|
|t:|1743936847
|move|p1a: Hellblade|Shadow Sneak|p2a: Garchomp
|-damage|p2a: Garchomp|18/100
|-damage|p1a: Hellblade|32/100|[from] ability: Rough Skin|[of] p2a: Garchomp
|move|p2a: Garchomp|Earthquake|p1a: Hellblade
|-supereffective|p1a: Hellblade
|-damage|p1a: Hellblade|0 fnt
|faint|p1a: Hellblade
|
|upkeep
|
|t:|1743936852
|switch|p1a: Tentacruel|Tentacruel, F, shiny|58/100
|-damage|p1a: Tentacruel|45/100|[from] Stealth Rock
|turn|11
|
|t:|1743936859
|move|p2a: Garchomp|Earthquake|p1a: Tentacruel
|-supereffective|p1a: Tentacruel
|-damage|p1a: Tentacruel|0 fnt
|faint|p1a: Tentacruel
|
|upkeep
|
|t:|1743936871
|switch|p1a: Freshwater|Feraligatr, M|100/100
|-damage|p1a: Freshwater|88/100|[from] Stealth Rock
|turn|12
|
|t:|1743936883
|move|p1a: Freshwater|Ice Punch|p2a: Garchomp
|-supereffective|p2a: Garchomp
|-damage|p2a: Garchomp|0 fnt
|-damage|p1a: Freshwater|76/100|[from] ability: Rough Skin|[of] p2a: Garchomp
|faint|p2a: Garchomp
|
|upkeep
|
|t:|1743936890
|switch|p2a: Walking Wake|Walking Wake|100/100
|turn|13
|
|t:|1743936897
|move|p2a: Walking Wake|Dragon Pulse|p1a: Freshwater
|-damage|p1a: Freshwater|0 fnt
|faint|p1a: Freshwater
|
|upkeep
|
|t:|1743936901
|switch|p1a: Zeus|Raging Bolt|100/100
|-damage|p1a: Zeus|88/100|[from] Stealth Rock
|-enditem|p1a: Zeus|Booster Energy
|-activate|p1a: Zeus|ability: Protosynthesis|[fromitem]
|-start|p1a: Zeus|protosynthesisspa
|turn|14
|-message|emoney666 forfeited.
|
|win|Baby Monster MAGA
|raw|emoney666's rating: 1407 &rarr; <strong>1391</strong><br />(-16 for losing)
|raw|Baby Monster MAGA's rating: 1479 &rarr; <strong>1495</strong><br />(+16 for winning)
|l|☆emoney666
|player|p1|
|l|☆Baby Monster MAGA
|player|p2|
