|j|☆Mreow
|j|☆Scarlet Firefly
|t:|1743869303
|gametype|singles
|player|p1|Mreow|pokemaniac|1502
|player|p2|Scarlet Firefly|klara|1583
|teamsize|p1|6
|teamsize|p2|6
|gen|9
|tier|[Gen 9] OU
|rated|
|rule|HP Percentage Mod: HP is shown in percentages
|rule|Endless Battle Clause: Forcing endless battles is banned
|rule|Species Clause: Limit one of each Pokémon
|rule|OHKO Clause: OHKO moves are banned
|rule|Evasion Items Clause: Evasion items are banned
|rule|Evasion Moves Clause: Evasion moves are banned
|rule|Sleep Moves Clause: Sleep-inducing moves are banned
|clearpoke
|poke|p1|Shiftry, M|
|poke|p1|Kommo-o, M|
|poke|p1|Hoopa-Unbound|
|poke|p1|Landorus-Therian, M|
|poke|p1|Zamazenta-*|
|poke|p1|Hatterene, F|
|poke|p2|Cinderace, F|
|poke|p2|Kingambit, M|
|poke|p2|Great Tusk|
|poke|p2|Hatterene, F|
|poke|p2|Pecharunt|
|poke|p2|Garchomp, M|
|teampreview
|
|t:|1743869348
|start
|switch|p1a: Weedy|Shiftry, M|100/100
|switch|p2a: Hatterene|Hatterene, F|100/100
|turn|1
|
|t:|1743869364
|move|p1a: Weedy|Tailwind|p1a: Weedy
|-sidestart|p1: Mreow|move: Tailwind
|-ability|p1a: Weedy|Wind Rider|boost
|-boost|p1a: Weedy|atk|1
|move|p2a: Hatterene|Draining Kiss|p1a: Weedy
|-supereffective|p1a: Weedy
|-damage|p1a: Weedy|3/100
|
|upkeep
|turn|2
|
|t:|1743869373
|switch|p2a: Garchomp|Garchomp, M|100/100
|move|p1a: Weedy|Explosion|p2a: Garchomp
|-damage|p2a: Garchomp|0 fnt
|faint|p1a: Weedy
|faint|p2a: Garchomp
|
|upkeep
|
|t:|1743869385
|switch|p2a: Hatterene|Hatterene, F|100/100
|switch|p1a: Tigrou|Landorus-Therian, M|100/100
|-ability|p1a: Tigrou|Intimidate|boost
|-unboost|p2a: Hatterene|atk|1
|turn|3
|inactive|Battle timer is ON: inactive players will automatically lose when time's up. (requested by Mreow)
|
|t:|1743869416
|-terastallize|p2a: Hatterene|Flying
|move|p1a: Tigrou|Earthquake|p2a: Hatterene
|-immune|p2a: Hatterene
|move|p2a: Hatterene|Psychic Noise|p1a: Tigrou
|-damage|p1a: Tigrou|32/100
|-start|p1a: Tigrou|move: Heal Block
|
|upkeep
|turn|4
|
|t:|1743869430
|switch|p1a: Shady|Hoopa-Unbound|100/100
|move|p2a: Hatterene|Nuzzle|p1a: Shady
|-damage|p1a: Shady|97/100
|-status|p1a: Shady|par
|
|-sideend|p1: Mreow|move: Tailwind
|upkeep
|turn|5
|
|t:|1743869440
|switch|p2a: Pecharunt|Pecharunt|100/100
|cant|p1a: Shady|par
|
|upkeep
|turn|6
|
|t:|1743869444
|move|p2a: Pecharunt|Hex|p1a: Shady
|-damage|p1a: Shady|51/100 par
|move|p1a: Shady|Psychic|p2a: Pecharunt
|-supereffective|p2a: Pecharunt
|-damage|p2a: Pecharunt|0 fnt
|faint|p2a: Pecharunt
|
|upkeep
|
|t:|1743869452
|switch|p2a: Cinderace|Cinderace, F|100/100
|turn|7
|
|t:|1743869455
|switch|p1a: Tigrou|Landorus-Therian, M|32/100
|-ability|p1a: Tigrou|Intimidate|boost
|-unboost|p2a: Cinderace|atk|1
|move|p2a: Cinderace|Pyro Ball|p1a: Tigrou
|-damage|p1a: Tigrou|0 fnt
|faint|p1a: Tigrou
|-damage|p2a: Cinderace|91/100|[from] item: Life Orb
|
|upkeep
|
|t:|1743869463
|switch|p1a: Dragoboi|Kommo-o, M|100/100
|turn|8
|
|t:|1743869472
|move|p2a: Cinderace|Pyro Ball|p1a: Dragoboi
|-immune|p1a: Dragoboi|[from] ability: Bulletproof
|move|p1a: Dragoboi|Clangorous Soul|p1a: Dragoboi
|-boost|p1a: Dragoboi|atk|1
|-boost|p1a: Dragoboi|def|1
|-boost|p1a: Dragoboi|spa|1
|-boost|p1a: Dragoboi|spd|1
|-boost|p1a: Dragoboi|spe|1
|-damage|p1a: Dragoboi|68/100
|-enditem|p1a: Dragoboi|Throat Spray
|-boost|p1a: Dragoboi|spa|1|[from] item: Throat Spray
|
|upkeep
|turn|9
|c|☆Scarlet Firefly|wtf
|c|☆Scarlet Firefly|wtf lol
|
|t:|1743869491
|-terastallize|p1a: Dragoboi|Normal
|move|p1a: Dragoboi|Boomburst|p2a: Cinderace
|-damage|p2a: Cinderace|0 fnt
|faint|p2a: Cinderace
|
|upkeep
|inactive|Scarlet Firefly has 120 seconds left.
|
|t:|1743869522
|switch|p2a: Hatterene|Hatterene, F, tera:Flying|100/100
|turn|10
|
|t:|1743869538
|move|p1a: Dragoboi|Boomburst|p2a: Hatterene
|-enditem|p2a: Hatterene|Focus Sash
|-damage|p2a: Hatterene|1/100
|move|p2a: Hatterene|Nuzzle|p1a: Dragoboi
|-damage|p1a: Dragoboi|65/100
|-status|p1a: Dragoboi|par
|
|upkeep
|turn|11
|
|t:|1743869544
|move|p1a: Dragoboi|Boomburst|p2a: Hatterene
|-damage|p2a: Hatterene|0 fnt
|faint|p2a: Hatterene
|
|upkeep
|
|t:|1743869547
|switch|p2a: Kingambit|Kingambit, M|100/100
|-activate|p2a: Kingambit|ability: Supreme Overlord
|-start|p2a: Kingambit|fallen4|[silent]
|turn|12
|
|t:|1743869553
|move|p1a: Dragoboi|Flamethrower|p2a: Kingambit
|-supereffective|p2a: Kingambit
|-damage|p2a: Kingambit|0 fnt
|faint|p2a: Kingambit
|-end|p2a: Kingambit|fallen4|[silent]
|
|upkeep
|
|t:|1743869556
|switch|p2a: Great Tusk|Great Tusk|100/100
|turn|13
|
|t:|1743869560
|move|p2a: Great Tusk|Bulk Up|p2a: Great Tusk
|-boost|p2a: Great Tusk|atk|1
|-boost|p2a: Great Tusk|def|1
|move|p1a: Dragoboi|Boomburst|p2a: Great Tusk
|-damage|p2a: Great Tusk|0 fnt
|faint|p2a: Great Tusk
|-end|p2a: Great Tusk|Protosynthesis|[silent]
|
|win|Mreow
|raw|Mreow's rating: 1502 &rarr; <strong>1528</strong><br />(+26 for winning)
|raw|Scarlet Firefly's rating: 1606 &rarr; <strong>1580</strong><br />(-26 for losing)
|l|☆Mreow
|player|p1|
|l|☆Scarlet Firefly
|player|p2|
