|j|☆Ill Leave
|j|☆sushi_hater2007
|t:|1743826614
|gametype|singles
|player|p1|Ill Leave|li|1590
|player|p2|sushi_hater2007|ethan|1626
|teamsize|p1|6
|teamsize|p2|6
|gen|9
|tier|[Gen 9] OU
|rated|
|rule|HP Percentage Mod: HP is shown in percentages
|rule|Endless Battle Clause: Forcing endless battles is banned
|rule|Species Clause: Limit one of each Pokémon
|rule|OHKO Clause: OHKO moves are banned
|rule|Evasion Items Clause: Evasion items are banned
|rule|Evasion Moves Clause: Evasion moves are banned
|rule|Sleep Moves Clause: Sleep-inducing moves are banned
|clearpoke
|poke|p1|Ursaluna, F|
|poke|p1|Alomomola, M|
|poke|p1|Skarmory, M|
|poke|p1|Heatran, M|
|poke|p1|Garganacl, F|
|poke|p1|Mandibuzz, F|
|poke|p2|Dragapult, F|
|poke|p2|Great Tusk|
|poke|p2|Samurott-Hisui, F|
|poke|p2|Gholdengo|
|poke|p2|Tinkaton, F|
|poke|p2|Zapdos|
|teampreview
|inactive|Battle timer is ON: inactive players will automatically lose when time's up. (requested by sushi_hater2007)
|
|t:|1743826625
|start
|switch|p1a: Alomomola|Alomomola, M|100/100
|switch|p2a: Samurott|Samurott-Hisui, F|100/100
|turn|1
|
|t:|1743826628
|move|p2a: Samurott|Ceaseless Edge|p1a: Alomomola
|-crit|p1a: Alomomola
|-damage|p1a: Alomomola|59/100
|-sidestart|p1: Ill Leave|Spikes
|move|p1a: Alomomola|Scald|p2a: Samurott
|-resisted|p2a: Samurott
|-crit|p2a: Samurott
|-damage|p2a: Samurott|85/100
|-status|p2a: Samurott|brn
|
|-damage|p2a: Samurott|79/100 brn|[from] brn
|upkeep
|turn|2
|
|t:|1743826634
|move|p2a: Samurott|Ceaseless Edge|p1a: Alomomola
|-damage|p1a: Alomomola|45/100
|-sidestart|p1: Ill Leave|Spikes
|move|p1a: Alomomola|Wish|p1a: Alomomola
|
|-damage|p2a: Samurott|73/100 brn|[from] brn
|upkeep
|turn|3
|
|t:|1743826641
|move|p2a: Samurott|Ceaseless Edge|p1a: Alomomola
|-damage|p1a: Alomomola|31/100
|-sidestart|p1: Ill Leave|Spikes
|move|p1a: Alomomola|Flip Turn|p2a: Samurott
|-resisted|p2a: Samurott
|-damage|p2a: Samurott|62/100 brn
|
|t:|1743826644
|switch|p1a: Mandibuzz|Mandibuzz, F|100/100|[from] Flip Turn
|
|-damage|p2a: Samurott|56/100 brn|[from] brn
|upkeep
|turn|4
|
|t:|1743826651
|switch|p2a: Gholdengo|Gholdengo|100/100
|move|p1a: Mandibuzz|Knock Off|p2a: Gholdengo
|-supereffective|p2a: Gholdengo
|-damage|p2a: Gholdengo|54/100
|-enditem|p2a: Gholdengo|Choice Scarf|[from] move: Knock Off|[of] p1a: Mandibuzz
|
|upkeep
|turn|5
|
|t:|1743826657
|move|p2a: Gholdengo|Make It Rain|p1a: Mandibuzz
|-damage|p1a: Mandibuzz|42/100
|-unboost|p2a: Gholdengo|spa|1
|move|p1a: Mandibuzz|Knock Off|p2a: Gholdengo
|-supereffective|p2a: Gholdengo
|-damage|p2a: Gholdengo|25/100
|
|upkeep
|turn|6
|
|t:|1743826677
|move|p2a: Gholdengo|Make It Rain|p1a: Mandibuzz
|-damage|p1a: Mandibuzz|4/100
|-unboost|p2a: Gholdengo|spa|1
|move|p1a: Mandibuzz|Roost|p1a: Mandibuzz
|-heal|p1a: Mandibuzz|54/100
|-singleturn|p1a: Mandibuzz|move: Roost
|
|upkeep
|turn|7
|
|t:|1743826689
|switch|p2a: Zapdos|Zapdos|100/100
|move|p1a: Mandibuzz|Roost|p1a: Mandibuzz
|-heal|p1a: Mandibuzz|100/100
|-singleturn|p1a: Mandibuzz|move: Roost
|
|upkeep
|turn|8
|
|t:|1743826695
|move|p2a: Zapdos|Discharge|p1a: Mandibuzz
|-supereffective|p1a: Mandibuzz
|-damage|p1a: Mandibuzz|48/100
|move|p1a: Mandibuzz|Defog|p2a: Zapdos
|-unboost|p2a: Zapdos|evasion|1
|-sideend|p1: Ill Leave|Spikes|[from] move: Defog|[of] p1a: Mandibuzz
|
|upkeep
|turn|9
|
|t:|1743826701
|switch|p1a: Heatran|Heatran, M|100/100
|move|p2a: Zapdos|U-turn|p1a: Heatran
|-resisted|p1a: Heatran
|-damage|p1a: Heatran|98/100
|
|t:|1743826708
|switch|p2a: Samurott|Samurott-Hisui, F|56/100 brn|[from] U-turn
|
|-heal|p1a: Heatran|100/100|[from] item: Leftovers
|-damage|p2a: Samurott|49/100 brn|[from] brn
|upkeep
|turn|10
|
|t:|1743826716
|move|p2a: Samurott|Ceaseless Edge|p1a: Heatran
|-damage|p1a: Heatran|82/100
|-sidestart|p1: Ill Leave|Spikes
|move|p1a: Heatran|Earth Power|p2a: Samurott
|-damage|p2a: Samurott|14/100 brn
|-unboost|p2a: Samurott|spd|1
|
|-heal|p1a: Heatran|88/100|[from] item: Leftovers
|-damage|p2a: Samurott|8/100 brn|[from] brn
|upkeep
|turn|11
|
|t:|1743826732
|move|p2a: Samurott|Knock Off|p1a: Heatran
|-damage|p1a: Heatran|69/100
|-enditem|p1a: Heatran|Leftovers|[from] move: Knock Off|[of] p2a: Samurott
|move|p1a: Heatran|Stealth Rock|p2a: Samurott
|-sidestart|p2: sushi_hater2007|move: Stealth Rock
|
|-damage|p2a: Samurott|1/100 brn|[from] brn
|upkeep
|turn|12
|
|t:|1743826737
|move|p2a: Samurott|Ceaseless Edge|p1a: Heatran
|-damage|p1a: Heatran|49/100
|-sidestart|p1: Ill Leave|Spikes
|move|p1a: Heatran|Earth Power|p2a: Samurott
|-damage|p2a: Samurott|0 fnt
|faint|p2a: Samurott
|
|upkeep
|
|t:|1743826755
|switch|p2a: Great Tusk|Great Tusk|100/100
|turn|13
|
|t:|1743826769
|switch|p1a: Skarmory|Skarmory, M|100/100
|move|p2a: Great Tusk|Rapid Spin|p1a: Skarmory
|-resisted|p1a: Skarmory
|-damage|p1a: Skarmory|96/100
|-boost|p2a: Great Tusk|spe|1
|-damage|p2a: Great Tusk|84/100|[from] item: Rocky Helmet|[of] p1a: Skarmory
|-sideend|p2: sushi_hater2007|Stealth Rock|[from] move: Rapid Spin|[of] p2a: Great Tusk
|
|upkeep
|turn|14
|
|t:|1743826779
|-end|p2a: Great Tusk|Protosynthesis|[silent]
|switch|p2a: Zapdos|Zapdos|100/100
|move|p1a: Skarmory|Spikes|p2a: Zapdos
|-sidestart|p2: sushi_hater2007|Spikes
|
|upkeep
|turn|15
|
|t:|1743826787
|switch|p1a: Garganacl|Garganacl, F|100/100
|-damage|p1a: Garganacl|84/100|[from] Spikes
|move|p2a: Zapdos|Discharge|p1a: Garganacl
|-damage|p1a: Garganacl|63/100
|
|-heal|p1a: Garganacl|69/100|[from] item: Leftovers
|upkeep
|turn|16
|
|t:|1743826792
|move|p2a: Zapdos|U-turn|p1a: Garganacl
|-damage|p1a: Garganacl|61/100
|
|t:|1743826794
|switch|p2a: Tinkaton|Tinkaton, F|100/100|[from] U-turn
|-item|p2a: Tinkaton|Air Balloon
|move|p1a: Garganacl|Salt Cure|p2a: Tinkaton
|-resisted|p2a: Tinkaton
|-damage|p2a: Tinkaton|92/100
|-start|p2a: Tinkaton|Salt Cure
|-enditem|p2a: Tinkaton|Air Balloon
|
|-heal|p1a: Garganacl|68/100|[from] item: Leftovers
|-damage|p2a: Tinkaton|68/100|[from] Salt Cure
|upkeep
|turn|17
|
|t:|1743826800
|switch|p1a: Skarmory|Skarmory, M|96/100
|move|p2a: Tinkaton|Stealth Rock|p1a: Skarmory
|-sidestart|p1: Ill Leave|move: Stealth Rock
|
|-damage|p2a: Tinkaton|43/100|[from] Salt Cure
|upkeep
|turn|18
|
|t:|1743826809
|switch|p2a: Zapdos|Zapdos|100/100
|move|p1a: Skarmory|Spikes|p2a: Zapdos
|-sidestart|p2: sushi_hater2007|Spikes
|
|upkeep
|turn|19
|
|t:|1743826817
|switch|p1a: Ursaluna|Ursaluna, F|100/100
|-damage|p1a: Ursaluna|84/100|[from] Spikes
|-damage|p1a: Ursaluna|78/100|[from] Stealth Rock
|move|p2a: Zapdos|Discharge|p1a: Ursaluna
|-immune|p1a: Ursaluna
|
|-heal|p1a: Ursaluna|84/100|[from] item: Leftovers
|upkeep
|turn|20
|
|t:|1743826823
|move|p2a: Zapdos|Hurricane|p1a: Ursaluna|[miss]
|-miss|p2a: Zapdos|p1a: Ursaluna
|move|p1a: Ursaluna|Bulk Up|p1a: Ursaluna
|-boost|p1a: Ursaluna|atk|1
|-boost|p1a: Ursaluna|def|1
|
|-heal|p1a: Ursaluna|90/100|[from] item: Leftovers
|upkeep
|turn|21
|
|t:|1743826831
|move|p2a: Zapdos|Hurricane|p1a: Ursaluna
|-damage|p1a: Ursaluna|55/100
|move|p1a: Ursaluna|Bulk Up|p1a: Ursaluna
|-boost|p1a: Ursaluna|atk|1
|-boost|p1a: Ursaluna|def|1
|
|-heal|p1a: Ursaluna|61/100|[from] item: Leftovers
|upkeep
|turn|22
|
|t:|1743826841
|move|p2a: Zapdos|Hurricane|p1a: Ursaluna
|-damage|p1a: Ursaluna|30/100
|-start|p1a: Ursaluna|confusion
|-activate|p1a: Ursaluna|confusion
|move|p1a: Ursaluna|Facade|p2a: Zapdos
|-damage|p2a: Zapdos|54/100
|
|-heal|p1a: Ursaluna|36/100|[from] item: Leftovers
|upkeep
|turn|23
|
|t:|1743826851
|move|p2a: Zapdos|Hurricane|p1a: Ursaluna
|-damage|p1a: Ursaluna|4/100
|-activate|p1a: Ursaluna|confusion
|-damage|p1a: Ursaluna|0 fnt|[from] confusion
|faint|p1a: Ursaluna
|
|upkeep
|
|t:|1743826857
|switch|p1a: Garganacl|Garganacl, F|68/100
|-damage|p1a: Garganacl|51/100|[from] Spikes
|-damage|p1a: Garganacl|39/100|[from] Stealth Rock
|turn|24
|
|t:|1743826863
|move|p2a: Zapdos|Roost|p2a: Zapdos
|-heal|p2a: Zapdos|100/100
|-singleturn|p2a: Zapdos|move: Roost
|move|p1a: Garganacl|Recover|p1a: Garganacl
|-heal|p1a: Garganacl|89/100
|
|-heal|p1a: Garganacl|95/100|[from] item: Leftovers
|upkeep
|turn|25
|
|t:|1743826867
|move|p2a: Zapdos|Discharge|p1a: Garganacl
|-damage|p1a: Garganacl|70/100
|move|p1a: Garganacl|Curse|p1a: Garganacl
|-unboost|p1a: Garganacl|spe|1
|-boost|p1a: Garganacl|atk|1
|-boost|p1a: Garganacl|def|1
|
|-heal|p1a: Garganacl|76/100|[from] item: Leftovers
|upkeep
|turn|26
|
|t:|1743826871
|move|p2a: Zapdos|Discharge|p1a: Garganacl
|-damage|p1a: Garganacl|55/100
|move|p1a: Garganacl|Salt Cure|p2a: Zapdos
|-supereffective|p2a: Zapdos
|-damage|p2a: Zapdos|70/100
|-start|p2a: Zapdos|Salt Cure
|
|-heal|p1a: Garganacl|62/100|[from] item: Leftovers
|-damage|p2a: Zapdos|58/100|[from] Salt Cure
|upkeep
|turn|27
|
|t:|1743826879
|move|p2a: Zapdos|Roost|p2a: Zapdos
|-heal|p2a: Zapdos|100/100
|-singleturn|p2a: Zapdos|move: Roost
|move|p1a: Garganacl|Salt Cure|p2a: Zapdos
|-damage|p2a: Zapdos|85/100
|
|-heal|p1a: Garganacl|68/100|[from] item: Leftovers
|-damage|p2a: Zapdos|72/100|[from] Salt Cure
|upkeep
|turn|28
|
|t:|1743826883
|move|p2a: Zapdos|U-turn|p1a: Garganacl
|-damage|p1a: Garganacl|62/100
|
|t:|1743826885
|switch|p2a: Great Tusk|Great Tusk|84/100|[from] U-turn
|move|p1a: Garganacl|Salt Cure|p2a: Great Tusk
|-resisted|p2a: Great Tusk
|-damage|p2a: Great Tusk|81/100
|-start|p2a: Great Tusk|Salt Cure
|
|-heal|p1a: Garganacl|69/100|[from] item: Leftovers
|-damage|p2a: Great Tusk|68/100|[from] Salt Cure
|upkeep
|turn|29
|
|t:|1743826898
|move|p2a: Great Tusk|Headlong Rush|p1a: Garganacl
|-supereffective|p1a: Garganacl
|-damage|p1a: Garganacl|23/100
|-unboost|p2a: Great Tusk|def|1
|-unboost|p2a: Great Tusk|spd|1
|move|p1a: Garganacl|Curse|p1a: Garganacl
|-unboost|p1a: Garganacl|spe|1
|-boost|p1a: Garganacl|atk|1
|-boost|p1a: Garganacl|def|1
|
|-heal|p1a: Garganacl|29/100|[from] item: Leftovers
|-damage|p2a: Great Tusk|56/100|[from] Salt Cure
|upkeep
|turn|30
|
|t:|1743826911
|-terastallize|p1a: Garganacl|Water
|move|p2a: Great Tusk|Headlong Rush|p1a: Garganacl
|-damage|p1a: Garganacl|10/100
|-unboost|p2a: Great Tusk|def|1
|-unboost|p2a: Great Tusk|spd|1
|move|p1a: Garganacl|Recover|p1a: Garganacl
|-heal|p1a: Garganacl|60/100
|
|-heal|p1a: Garganacl|66/100|[from] item: Leftovers
|-damage|p2a: Great Tusk|43/100|[from] Salt Cure
|upkeep
|turn|31
|
|t:|1743826926
|move|p2a: Great Tusk|Knock Off|p1a: Garganacl
|-damage|p1a: Garganacl|58/100
|-enditem|p1a: Garganacl|Leftovers|[from] move: Knock Off|[of] p2a: Great Tusk
|move|p1a: Garganacl|Recover|p1a: Garganacl
|-heal|p1a: Garganacl|100/100
|
|-damage|p2a: Great Tusk|31/100|[from] Salt Cure
|upkeep
|turn|32
|
|t:|1743826928
|move|p2a: Great Tusk|Rapid Spin|p1a: Garganacl
|-damage|p1a: Garganacl|96/100
|-boost|p2a: Great Tusk|spe|1
|-sideend|p2: sushi_hater2007|Spikes|[from] move: Rapid Spin|[of] p2a: Great Tusk
|move|p1a: Garganacl|Salt Cure|p2a: Great Tusk
|-resisted|p2a: Great Tusk
|-damage|p2a: Great Tusk|22/100
|
|-damage|p2a: Great Tusk|9/100|[from] Salt Cure
|upkeep
|turn|33
|
|t:|1743826933
|move|p2a: Great Tusk|Headlong Rush|p1a: Garganacl
|-damage|p1a: Garganacl|79/100
|-unboost|p2a: Great Tusk|def|1
|-unboost|p2a: Great Tusk|spd|1
|move|p1a: Garganacl|Recover|p1a: Garganacl
|-heal|p1a: Garganacl|100/100
|
|-damage|p2a: Great Tusk|0 fnt|[from] Salt Cure
|faint|p2a: Great Tusk
|-end|p2a: Great Tusk|Protosynthesis|[silent]
|upkeep
|
|t:|1743826941
|switch|p2a: Tinkaton|Tinkaton, F|43/100
|turn|34
|
|t:|1743826947
|switch|p1a: Skarmory|Skarmory, M|96/100
|-damage|p1a: Skarmory|84/100|[from] Stealth Rock
|move|p2a: Tinkaton|Encore||[still]
|-fail|p2a: Tinkaton
|
|upkeep
|turn|35
|
|t:|1743826954
|move|p2a: Tinkaton|Thunder Wave|p1a: Skarmory
|-status|p1a: Skarmory|par
|cant|p1a: Skarmory|par
|
|upkeep
|turn|36
|
|t:|1743826956
|switch|p2a: Zapdos|Zapdos|72/100
|move|p1a: Skarmory|Spikes|p2a: Zapdos
|-sidestart|p2: sushi_hater2007|Spikes
|
|upkeep
|turn|37
|
|t:|1743826969
|move|p2a: Zapdos|Discharge|p1a: Skarmory
|-supereffective|p1a: Skarmory
|-damage|p1a: Skarmory|0 fnt
|faint|p1a: Skarmory
|
|upkeep
|
|t:|1743826972
|switch|p1a: Heatran|Heatran, M|49/100
|-damage|p1a: Heatran|33/100|[from] Spikes
|-damage|p1a: Heatran|20/100|[from] Stealth Rock
|turn|38
|
|t:|1743826979
|switch|p2a: Tinkaton|Tinkaton, F|43/100
|-damage|p2a: Tinkaton|30/100|[from] Spikes
|move|p1a: Heatran|Magma Storm|p2a: Tinkaton
|-supereffective|p2a: Tinkaton
|-damage|p2a: Tinkaton|0 fnt
|faint|p2a: Tinkaton
|
|upkeep
|
|t:|1743826980
|switch|p2a: Dragapult|Dragapult, F|100/100
|-damage|p2a: Dragapult|88/100|[from] Spikes
|turn|39
|
|t:|1743826986
|move|p2a: Dragapult|Dragon Darts|p1a: Heatran
|-resisted|p1a: Heatran
|-damage|p1a: Heatran|3/100
|-anim|p2a: Dragapult|Dragon Darts|p1a: Heatran
|-resisted|p1a: Heatran
|-damage|p1a: Heatran|0 fnt
|faint|p1a: Heatran
|
|upkeep
|
|t:|1743826992
|switch|p1a: Mandibuzz|Mandibuzz, F|48/100
|turn|40
|
|t:|1743826997
|switch|p2a: Gholdengo|Gholdengo|25/100
|-damage|p2a: Gholdengo|13/100|[from] Spikes
|move|p1a: Mandibuzz|Defog|p2a: Gholdengo
|-immune|p2a: Gholdengo|[from] ability: Good as Gold
|
|upkeep
|turn|41
|
|t:|1743827001
|move|p2a: Gholdengo|Make It Rain|p1a: Mandibuzz
|-damage|p1a: Mandibuzz|0 fnt
|-unboost|p2a: Gholdengo|spa|1
|faint|p1a: Mandibuzz
|
|upkeep
|
|t:|1743827010
|switch|p1a: Garganacl|Garganacl, F, tera:Water|100/100
|-damage|p1a: Garganacl|84/100|[from] Spikes
|-damage|p1a: Garganacl|72/100|[from] Stealth Rock
|turn|42
|
|t:|1743827013
|switch|p2a: Zapdos|Zapdos|72/100
|move|p1a: Garganacl|Curse|p1a: Garganacl
|-unboost|p1a: Garganacl|spe|1
|-boost|p1a: Garganacl|atk|1
|-boost|p1a: Garganacl|def|1
|
|upkeep
|turn|43
|
|t:|1743827016
|move|p2a: Zapdos|Discharge|p1a: Garganacl
|-supereffective|p1a: Garganacl
|-damage|p1a: Garganacl|25/100
|move|p1a: Garganacl|Salt Cure|p2a: Zapdos
|-supereffective|p2a: Zapdos
|-damage|p2a: Zapdos|43/100
|-start|p2a: Zapdos|Salt Cure
|
|-damage|p2a: Zapdos|30/100|[from] Salt Cure
|upkeep
|turn|44
|
|t:|1743827019
|move|p2a: Zapdos|Discharge|p1a: Garganacl
|-supereffective|p1a: Garganacl
|-crit|p1a: Garganacl
|-damage|p1a: Garganacl|0 fnt
|faint|p1a: Garganacl
|
|-damage|p2a: Zapdos|18/100|[from] Salt Cure
|upkeep
|c|☆sushi_hater2007|gg
|
|t:|1743827022
|switch|p1a: Alomomola|Alomomola, M|65/100
|turn|45
|
|t:|1743827028
|move|p2a: Zapdos|Discharge|p1a: Alomomola
|-supereffective|p1a: Alomomola
|-damage|p1a: Alomomola|9/100
|move|p1a: Alomomola|Wish|p1a: Alomomola
|
|-damage|p2a: Zapdos|6/100|[from] Salt Cure
|upkeep
|turn|46
|
|t:|1743827037
|move|p1a: Alomomola|Protect|p1a: Alomomola
|-singleturn|p1a: Alomomola|Protect
|move|p2a: Zapdos|Roost|p2a: Zapdos
|-heal|p2a: Zapdos|56/100
|-singleturn|p2a: Zapdos|move: Roost
|
|-heal|p1a: Alomomola|59/100|[from] move: Wish|[wisher] Alomomola
|-damage|p2a: Zapdos|44/100|[from] Salt Cure
|upkeep
|turn|47
|
|t:|1743827040
|move|p2a: Zapdos|Discharge|p1a: Alomomola
|-supereffective|p1a: Alomomola
|-damage|p1a: Alomomola|0 fnt
|faint|p1a: Alomomola
|
|win|sushi_hater2007
|raw|Ill Leave's rating: 1590 &rarr; <strong>1572</strong><br />(-18 for losing)
|raw|sushi_hater2007's rating: 1626 &rarr; <strong>1644</strong><br />(+18 for winning)
|c|☆Ill Leave|luck box
|c|☆sushi_hater2007|?
|l|☆Ill Leave
|player|p1|
|c|☆sushi_hater2007|how was any of that luck lol
