|j|☆arnavgupta
|j|☆Smurf account 6969
|t:|1743860552
|gametype|singles
|player|p1|arnavgupta|steven|1388
|player|p2|Smurf account 6969|169|1354
|teamsize|p1|6
|teamsize|p2|6
|gen|9
|tier|[Gen 9] OU
|rated|
|rule|HP Percentage Mod: HP is shown in percentages
|rule|Endless Battle Clause: Forcing endless battles is banned
|rule|Species Clause: Limit one of each Pokémon
|rule|OHKO Clause: OHKO moves are banned
|rule|Evasion Items Clause: Evasion items are banned
|rule|Evasion Moves Clause: Evasion moves are banned
|rule|Sleep Moves Clause: Sleep-inducing moves are banned
|clearpoke
|poke|p1|Primarina, M|
|poke|p1|Landorus-Therian, M|
|poke|p1|Grimmsnarl, M|
|poke|p1|Dragapult, M|
|poke|p1|Skarmory, M|
|poke|p1|Raging Bolt|
|poke|p2|Dragonite, M|
|poke|p2|Ting-Lu|
|poke|p2|Iron Moth|
|poke|p2|Iron Valiant|
|poke|p2|Kyurem|
|poke|p2|Gholdengo|
|teampreview
|inactive|Battle timer is ON: inactive players will automatically lose when time's up. (requested by arnavgupta)
|
|t:|1743860566
|start
|switch|p1a: Grimmsnarl|Grimmsnarl, M, shiny|100/100
|switch|p2a: Iron Valiant|Iron Valiant|100/100
|-enditem|p2a: Iron Valiant|Booster Energy
|-activate|p2a: Iron Valiant|ability: Quark Drive|[fromitem]
|-start|p2a: Iron Valiant|quarkdrivespe
|turn|1
|
|t:|1743860572
|move|p1a: Grimmsnarl|Thunder Wave|p2a: Iron Valiant
|-status|p2a: Iron Valiant|par
|cant|p2a: Iron Valiant|par
|
|upkeep
|turn|2
|
|t:|1743860576
|move|p2a: Iron Valiant|Moonblast|p1a: Grimmsnarl
|-supereffective|p1a: Grimmsnarl
|-damage|p1a: Grimmsnarl|39/100
|-unboost|p1a: Grimmsnarl|spa|1
|move|p1a: Grimmsnarl|Spirit Break|p2a: Iron Valiant
|-supereffective|p2a: Iron Valiant
|-damage|p2a: Iron Valiant|19/100 par
|-unboost|p2a: Iron Valiant|spa|1
|
|-heal|p1a: Grimmsnarl|45/100|[from] item: Leftovers
|upkeep
|turn|3
|
|t:|1743860587
|move|p1a: Grimmsnarl|Parting Shot|p2a: Iron Valiant
|-unboost|p2a: Iron Valiant|atk|1
|-unboost|p2a: Iron Valiant|spa|1
|
|t:|1743860592
|switch|p1a: Primarina|Primarina, M|100/100|[from] Parting Shot
|move|p2a: Iron Valiant|Moonblast|p1a: Primarina
|-damage|p1a: Primarina|83/100
|
|-heal|p1a: Primarina|89/100|[from] item: Leftovers
|upkeep
|turn|4
|
|t:|1743860596
|cant|p2a: Iron Valiant|par
|move|p1a: Primarina|Psychic Noise|p2a: Iron Valiant
|-damage|p2a: Iron Valiant|0 fnt
|faint|p2a: Iron Valiant
|-end|p2a: Iron Valiant|Quark Drive|[silent]
|
|-heal|p1a: Primarina|95/100|[from] item: Leftovers
|upkeep
|
|t:|1743860605
|switch|p2a: Gholdengo|Gholdengo|100/100
|turn|5
|
|t:|1743860614
|switch|p1a: Landorus|Landorus-Therian, M|100/100
|-ability|p1a: Landorus|Intimidate|boost
|-unboost|p2a: Gholdengo|atk|1
|move|p2a: Gholdengo|Trick|p1a: Landorus
|-activate|p2a: Gholdengo|move: Trick|[of] p1a: Landorus
|-item|p1a: Landorus|Choice Scarf|[from] move: Trick
|-item|p2a: Gholdengo|Rocky Helmet|[from] move: Trick
|
|upkeep
|turn|6
|
|t:|1743860625
|switch|p2a: Ting-Lu|Ting-Lu|100/100
|-ability|p2a: Ting-Lu|Vessel of Ruin
|move|p1a: Landorus|Stealth Rock|p2a: Ting-Lu
|-sidestart|p2: Smurf account 6969|move: Stealth Rock
|
|upkeep
|turn|7
|
|t:|1743860630
|switch|p1a: Skarmory|Skarmory, M|100/100
|move|p2a: Ting-Lu|Stealth Rock|p1a: Skarmory
|-sidestart|p1: arnavgupta|move: Stealth Rock
|
|upkeep
|turn|8
|
|t:|1743860636
|move|p1a: Skarmory|Body Press|p2a: Ting-Lu
|-supereffective|p2a: Ting-Lu
|-damage|p2a: Ting-Lu|65/100
|move|p2a: Ting-Lu|Spikes|p1a: Skarmory
|-sidestart|p1: arnavgupta|Spikes
|
|-heal|p2a: Ting-Lu|72/100|[from] item: Leftovers
|upkeep
|turn|9
|
|t:|1743860643
|move|p1a: Skarmory|Spikes|p2a: Ting-Lu
|-sidestart|p2: Smurf account 6969|Spikes
|move|p2a: Ting-Lu|Spikes|p1a: Skarmory
|-sidestart|p1: arnavgupta|Spikes
|
|-heal|p2a: Ting-Lu|78/100|[from] item: Leftovers
|upkeep
|turn|10
|
|t:|1743860646
|move|p1a: Skarmory|Spikes|p2a: Ting-Lu
|-sidestart|p2: Smurf account 6969|Spikes
|move|p2a: Ting-Lu|Spikes|p1a: Skarmory
|-sidestart|p1: arnavgupta|Spikes
|
|-heal|p2a: Ting-Lu|84/100|[from] item: Leftovers
|upkeep
|turn|11
|
|t:|1743860649
|move|p1a: Skarmory|Spikes|p2a: Ting-Lu
|-sidestart|p2: Smurf account 6969|Spikes
|move|p2a: Ting-Lu|Ruination|p1a: Skarmory
|-damage|p1a: Skarmory|50/100
|
|-heal|p1a: Skarmory|56/100|[from] item: Leftovers
|-heal|p2a: Ting-Lu|90/100|[from] item: Leftovers
|upkeep
|turn|12
|
|t:|1743860657
|move|p1a: Skarmory|Body Press|p2a: Ting-Lu
|-supereffective|p2a: Ting-Lu
|-damage|p2a: Ting-Lu|59/100
|move|p2a: Ting-Lu|Ruination|p1a: Skarmory
|-damage|p1a: Skarmory|29/100
|
|-heal|p1a: Skarmory|35/100|[from] item: Leftovers
|-heal|p2a: Ting-Lu|65/100|[from] item: Leftovers
|upkeep
|turn|13
|
|t:|1743860666
|switch|p2a: Iron Moth|Iron Moth|100/100
|-damage|p2a: Iron Moth|76/100|[from] Stealth Rock
|-damage|p2a: Iron Moth|51/100|[from] Spikes
|-enditem|p2a: Iron Moth|Booster Energy
|-activate|p2a: Iron Moth|ability: Quark Drive|[fromitem]
|-start|p2a: Iron Moth|quarkdrivespe
|move|p1a: Skarmory|Roost|p1a: Skarmory
|-heal|p1a: Skarmory|85/100
|-singleturn|p1a: Skarmory|move: Roost
|
|-heal|p1a: Skarmory|91/100|[from] item: Leftovers
|upkeep
|turn|14
|
|t:|1743860688
|switch|p1a: Landorus|Landorus-Therian, M|100/100
|-damage|p1a: Landorus|88/100|[from] Stealth Rock
|-ability|p1a: Landorus|Intimidate|boost
|-unboost|p2a: Iron Moth|atk|1
|move|p2a: Iron Moth|Substitute|p2a: Iron Moth
|-start|p2a: Iron Moth|Substitute
|-damage|p2a: Iron Moth|26/100
|
|upkeep
|turn|15
|
|t:|1743860694
|move|p2a: Iron Moth|Fiery Dance|p1a: Landorus
|-damage|p1a: Landorus|45/100
|-boost|p2a: Iron Moth|spa|1
|move|p1a: Landorus|Earthquake|p2a: Iron Moth
|-supereffective|p2a: Iron Moth
|-end|p2a: Iron Moth|Substitute
|
|upkeep
|turn|16
|
|t:|1743860705
|switch|p1a: Raging Bolt|Raging Bolt|100/100
|-damage|p1a: Raging Bolt|88/100|[from] Stealth Rock
|-damage|p1a: Raging Bolt|63/100|[from] Spikes
|move|p2a: Iron Moth|Fiery Dance|p1a: Raging Bolt
|-resisted|p1a: Raging Bolt
|-damage|p1a: Raging Bolt|37/100
|-boost|p2a: Iron Moth|spa|1
|
|-heal|p1a: Raging Bolt|43/100|[from] item: Leftovers
|upkeep
|turn|17
|
|t:|1743860710
|move|p1a: Raging Bolt|Thunderclap||[still]
|-fail|p1a: Raging Bolt
|move|p2a: Iron Moth|Substitute|p2a: Iron Moth
|-start|p2a: Iron Moth|Substitute
|-damage|p2a: Iron Moth|1/100
|
|-heal|p1a: Raging Bolt|49/100|[from] item: Leftovers
|upkeep
|turn|18
|
|t:|1743860718
|move|p2a: Iron Moth|Dazzling Gleam|p1a: Raging Bolt
|-supereffective|p1a: Raging Bolt
|-damage|p1a: Raging Bolt|0 fnt
|faint|p1a: Raging Bolt
|-end|p1a: Raging Bolt|Protosynthesis|[silent]
|
|upkeep
|
|t:|1743860720
|switch|p1a: Dragapult|Dragapult, M|100/100
|turn|19
|
|t:|1743860724
|move|p2a: Iron Moth|Dazzling Gleam|p1a: Dragapult
|-supereffective|p1a: Dragapult
|-damage|p1a: Dragapult|0 fnt
|faint|p1a: Dragapult
|
|upkeep
|-message|arnavgupta forfeited.
|
|win|Smurf account 6969
|raw|arnavgupta's rating: 1388 &rarr; <strong>1366</strong><br />(-22 for losing)
|raw|Smurf account 6969's rating: 1354 &rarr; <strong>1376</strong><br />(+22 for winning)
|l|☆arnavgupta
|player|p1|
