|j|☆After_Sh0ck
|j|‽lovelldasecond
|t:|1743845456
|gametype|singles
|player|p1|After_Sh0ck|gentleman-gen4|1373
|player|p2|lovelldasecond|170|1383
|teamsize|p1|6
|teamsize|p2|6
|gen|9
|tier|[Gen 9] OU
|rated|
|rule|HP Percentage Mod: HP is shown in percentages
|rule|Endless Battle Clause: Forcing endless battles is banned
|rule|Species Clause: Limit one of each Pokémon
|rule|OHKO Clause: OHKO moves are banned
|rule|Evasion Items Clause: Evasion items are banned
|rule|Evasion Moves Clause: Evasion moves are banned
|rule|Sleep Moves Clause: Sleep-inducing moves are banned
|clearpoke
|poke|p1|Pelipper, F|
|poke|p1|Barraskewda, F|
|poke|p1|Kilowattrel, M|
|poke|p1|Corviknight, M|
|poke|p1|Overqwil, F|
|poke|p1|Krookodile, F|
|poke|p2|Araquanid, M|
|poke|p2|Iron Treads|
|poke|p2|Cinderace, M|
|poke|p2|Kingambit, M|
|poke|p2|Pecharunt|
|poke|p2|Dragonite, F|
|teampreview
|inactive|Battle timer is ON: inactive players will automatically lose when time's up. (requested by After_Sh0ck)
|
|t:|1743845464
|start
|switch|p1a: Kilowattrel|Kilowattrel, M|100/100
|switch|p2a: Araquanid|Araquanid, M, shiny|100/100
|turn|1
|
|t:|1743845471
|move|p1a: Kilowattrel|Volt Switch|p2a: Araquanid
|-supereffective|p2a: Araquanid
|-damage|p2a: Araquanid|17/100
|
|t:|1743845476
|switch|p1a: Corviknight|Corviknight, M|100/100|[from] Volt Switch
|-ability|p1a: Corviknight|Pressure
|move|p2a: Araquanid|Sticky Web|p1a: Corviknight
|-sidestart|p1: After_Sh0ck|move: Sticky Web
|
|upkeep
|turn|2
|
|t:|1743845485
|move|p1a: Corviknight|Defog|p2a: Araquanid
|-unboost|p2a: Araquanid|evasion|1
|-sideend|p1: After_Sh0ck|Sticky Web|[from] move: Defog|[of] p1a: Corviknight
|move|p2a: Araquanid|Endeavor|p1a: Corviknight
|-damage|p1a: Corviknight|15/100
|
|-heal|p1a: Corviknight|21/100|[from] item: Leftovers
|upkeep
|turn|3
|
|t:|1743845496
|move|p1a: Corviknight|Brave Bird|p2a: Araquanid
|-supereffective|p2a: Araquanid
|-damage|p2a: Araquanid|0 fnt
|faint|p2a: Araquanid
|-damage|p1a: Corviknight|16/100|[from] Recoil
|
|-heal|p1a: Corviknight|22/100|[from] item: Leftovers
|upkeep
|
|t:|1743845503
|switch|p2a: Cinderace|Cinderace, M|100/100
|turn|4
|
|t:|1743845509
|switch|p1a: Overqwil|Overqwil, F|100/100
|-ability|p1a: Overqwil|Intimidate|boost
|-unboost|p2a: Cinderace|atk|1
|move|p2a: Cinderace|Swords Dance|p2a: Cinderace
|-boost|p2a: Cinderace|atk|2
|
|upkeep
|turn|5
|
|t:|1743845527
|move|p2a: Cinderace|Pyro Ball|p1a: Overqwil
|-damage|p1a: Overqwil|9/100
|move|p1a: Overqwil|Barb Barrage|p2a: Cinderace
|-damage|p2a: Cinderace|56/100
|-status|p2a: Cinderace|psn
|
|-heal|p1a: Overqwil|15/100|[from] item: Leftovers
|-damage|p2a: Cinderace|43/100 psn|[from] psn
|upkeep
|turn|6
|
|t:|1743845541
|switch|p1a: Corviknight|Corviknight, M|22/100
|-ability|p1a: Corviknight|Pressure
|move|p2a: Cinderace|Gunk Shot|p1a: Corviknight
|-immune|p1a: Corviknight
|
|-heal|p1a: Corviknight|29/100|[from] item: Leftovers
|-damage|p2a: Cinderace|31/100 psn|[from] psn
|upkeep
|turn|7
|
|t:|1743845552
|-terastallize|p1a: Corviknight|Water
|move|p2a: Cinderace|Pyro Ball|p1a: Corviknight
|-resisted|p1a: Corviknight
|-damage|p1a: Corviknight|0 fnt
|faint|p1a: Corviknight
|
|-damage|p2a: Cinderace|19/100 psn|[from] psn
|upkeep
|
|t:|1743845565
|switch|p1a: Krookodile|Krookodile, F|100/100
|turn|8
|
|t:|1743845573
|move|p1a: Krookodile|Earthquake|p2a: Cinderace
|-supereffective|p2a: Cinderace
|-damage|p2a: Cinderace|0 fnt
|faint|p2a: Cinderace
|-ability|p1a: Krookodile|Moxie|boost
|-boost|p1a: Krookodile|atk|1
|
|upkeep
|
|t:|1743845577
|switch|p2a: Pecharunt|Pecharunt|100/100
|-item|p2a: Pecharunt|Air Balloon
|turn|9
|
|t:|1743845581
|switch|p1a: Overqwil|Overqwil, F|15/100
|-ability|p1a: Overqwil|Intimidate|boost
|-unboost|p2a: Pecharunt|atk|1
|move|p2a: Pecharunt|Nasty Plot|p2a: Pecharunt
|-boost|p2a: Pecharunt|spa|2
|
|-heal|p1a: Overqwil|21/100|[from] item: Leftovers
|upkeep
|turn|10
|
|t:|1743845603
|move|p2a: Pecharunt|Tera Blast|p1a: Overqwil
|-damage|p1a: Overqwil|0 fnt
|faint|p1a: Overqwil
|
|upkeep
|
|t:|1743845614
|switch|p1a: Kilowattrel|Kilowattrel, M|100/100
|turn|11
|
|t:|1743845636
|move|p1a: Kilowattrel|Hurricane|p2a: Pecharunt
|-damage|p2a: Pecharunt|5/100
|-start|p2a: Pecharunt|confusion
|-enditem|p2a: Pecharunt|Air Balloon
|-activate|p2a: Pecharunt|confusion
|-damage|p2a: Pecharunt|1/100|[from] confusion
|
|upkeep
|turn|12
|
|t:|1743845658
|switch|p1a: Krookodile|Krookodile, F|100/100
|-activate|p2a: Pecharunt|confusion
|move|p2a: Pecharunt|Malignant Chain|p1a: Krookodile
|-resisted|p1a: Krookodile
|-damage|p1a: Krookodile|45/100
|-status|p1a: Krookodile|tox
|-start|p1a: Krookodile|confusion|[from] ability: Poison Puppeteer|[of] p2a: Pecharunt
|
|-damage|p1a: Krookodile|39/100 tox|[from] psn
|upkeep
|turn|13
|
|t:|1743845670
|-activate|p1a: Krookodile|confusion
|-damage|p1a: Krookodile|20/100 tox|[from] confusion
|-activate|p2a: Pecharunt|confusion
|move|p2a: Pecharunt|Malignant Chain|p1a: Krookodile
|-resisted|p1a: Krookodile
|-damage|p1a: Krookodile|0 fnt
|faint|p1a: Krookodile
|
|upkeep
|
|t:|1743845678
|switch|p1a: Barraskewda|Barraskewda, F|100/100
|turn|14
|
|t:|1743845682
|move|p1a: Barraskewda|Flip Turn|p2a: Pecharunt
|-crit|p2a: Pecharunt
|-damage|p2a: Pecharunt|0 fnt
|faint|p2a: Pecharunt
|
|t:|1743845687
|switch|p1a: Pelipper|Pelipper, F|100/100|[from] Flip Turn
|-weather|RainDance|[from] ability: Drizzle|[of] p1a: Pelipper
|
|-weather|RainDance|[upkeep]
|upkeep
|
|t:|1743845691
|switch|p2a: Dragonite|Dragonite, F|100/100
|turn|15
|
|t:|1743845696
|move|p2a: Dragonite|Dragon Dance|p2a: Dragonite
|-boost|p2a: Dragonite|atk|1
|-boost|p2a: Dragonite|spe|1
|move|p1a: Pelipper|Hurricane|p2a: Dragonite
|-damage|p2a: Dragonite|59/100
|
|-weather|RainDance|[upkeep]
|upkeep
|turn|16
|
|t:|1743845712
|move|p2a: Dragonite|Ice Spinner|p1a: Pelipper
|-damage|p1a: Pelipper|49/100
|move|p1a: Pelipper|Hurricane|p2a: Dragonite
|-damage|p2a: Dragonite|0 fnt
|faint|p2a: Dragonite
|
|-weather|RainDance|[upkeep]
|upkeep
|
|t:|1743845728
|switch|p2a: Iron Treads|Iron Treads|100/100
|-enditem|p2a: Iron Treads|Booster Energy
|-activate|p2a: Iron Treads|ability: Quark Drive|[fromitem]
|-start|p2a: Iron Treads|quarkdriveatk
|turn|17
|
|t:|1743845747
|switch|p1a: Kilowattrel|Kilowattrel, M|100/100
|-terastallize|p2a: Iron Treads|Ghost
|move|p2a: Iron Treads|Supercell Slam|p1a: Kilowattrel
|-immune|p1a: Kilowattrel|[from] ability: Volt Absorb
|-damage|p2a: Iron Treads|51/100|[from] supercellslam
|
|-weather|RainDance|[upkeep]
|upkeep
|turn|18
|
|t:|1743845763
|move|p1a: Kilowattrel|Weather Ball|p2a: Iron Treads
|-damage|p2a: Iron Treads|0 fnt
|faint|p2a: Iron Treads
|-end|p2a: Iron Treads|Quark Drive|[silent]
|
|-weather|none
|upkeep
|
|t:|1743845767
|switch|p2a: Kingambit|Kingambit, M|100/100
|-activate|p2a: Kingambit|ability: Supreme Overlord
|-start|p2a: Kingambit|fallen5|[silent]
|turn|19
|
|t:|1743845772
|switch|p1a: Pelipper|Pelipper, F|49/100
|-weather|RainDance|[from] ability: Drizzle|[of] p1a: Pelipper
|move|p2a: Kingambit|Swords Dance|p2a: Kingambit
|-boost|p2a: Kingambit|atk|2
|
|-weather|RainDance|[upkeep]
|upkeep
|turn|20
|
|t:|1743845786
|move|p2a: Kingambit|Swords Dance|p2a: Kingambit
|-boost|p2a: Kingambit|atk|2
|move|p1a: Pelipper|Weather Ball|p2a: Kingambit
|-damage|p2a: Kingambit|0 fnt
|faint|p2a: Kingambit
|-end|p2a: Kingambit|fallen5|[silent]
|
|win|After_Sh0ck
|raw|After_Sh0ck's rating: 1373 &rarr; <strong>1394</strong><br />(+21 for winning)
|raw|lovelldasecond's rating: 1383 &rarr; <strong>1362</strong><br />(-21 for losing)
|l|‽lovelldasecond
|player|p2|
|l|☆After_Sh0ck
|player|p1|
