|j|☆mr.diversity
|j|☆BITTER BLADEE
|t:|1743895466
|gametype|singles
|player|p1|mr.diversity|bruno|1791
|player|p2|BITTER BLADEE|lady-gen4|1831
|teamsize|p1|6
|teamsize|p2|6
|gen|9
|tier|[Gen 9] OU
|rated|
|rule|HP Percentage Mod: HP is shown in percentages
|rule|Endless Battle Clause: Forcing endless battles is banned
|rule|Species Clause: Limit one of each Pokémon
|rule|OHKO Clause: OHKO moves are banned
|rule|Evasion Items Clause: Evasion items are banned
|rule|Evasion Moves Clause: Evasion moves are banned
|rule|Sleep Moves Clause: Sleep-inducing moves are banned
|clearpoke
|poke|p1|Landorus-Therian, M|
|poke|p1|Cinderace, M|
|poke|p1|Great Tusk|
|poke|p1|Heatran, F|
|poke|p1|Clodsire, M|
|poke|p1|Armarouge, F|
|poke|p2|Dragonite, M|
|poke|p2|Kingambit, M|
|poke|p2|Cresselia, F|
|poke|p2|Iron Treads|
|poke|p2|Iron Valiant|
|poke|p2|Volcanion|
|teampreview
|inactive|Battle timer is ON: inactive players will automatically lose when time's up. (requested by mr.diversity)
|
|t:|1743895482
|start
|switch|p1a: Landorus|Landorus-Therian, M|100/100
|switch|p2a: VOGUE|Iron Valiant|100/100
|-ability|p1a: Landorus|Intimidate|boost
|-unboost|p2a: VOGUE|atk|1
|turn|1
|
|t:|1743895486
|move|p2a: VOGUE|Moonblast|p1a: Landorus
|-damage|p1a: Landorus|48/100
|move|p1a: Landorus|Earthquake|p2a: VOGUE
|-damage|p2a: VOGUE|0 fnt
|faint|p2a: VOGUE
|-end|p2a: VOGUE|Quark Drive|[silent]
|
|upkeep
|c|☆BITTER BLADEE|ow
|
|t:|1743895493
|switch|p2a: HOUSE PARTY|Dragonite, M|100/100
|turn|2
|
|t:|1743895495
|switch|p1a: Great Tusk|Great Tusk|100/100
|-enditem|p1a: Great Tusk|Booster Energy
|-activate|p1a: Great Tusk|ability: Protosynthesis|[fromitem]
|-start|p1a: Great Tusk|protosynthesisatk
|move|p2a: HOUSE PARTY|Dragon Dance|p2a: HOUSE PARTY
|-boost|p2a: HOUSE PARTY|atk|1
|-boost|p2a: HOUSE PARTY|spe|1
|
|upkeep
|turn|3
|
|t:|1743895500
|move|p2a: HOUSE PARTY|Earthquake|p1a: Great Tusk
|-damage|p1a: Great Tusk|55/100
|move|p1a: Great Tusk|Ice Spinner|p2a: HOUSE PARTY
|-supereffective|p2a: HOUSE PARTY
|-damage|p2a: HOUSE PARTY|19/100
|
|upkeep
|turn|4
|
|t:|1743895503
|switch|p2a: ONE LIFE|Cresselia, F, shiny|100/100
|move|p1a: Great Tusk|Rapid Spin|p2a: ONE LIFE
|-damage|p2a: ONE LIFE|86/100
|-boost|p1a: Great Tusk|spe|1
|-enditem|p2a: ONE LIFE|Red Card|[of] p1a: Great Tusk
|-end|p1a: Great Tusk|Protosynthesis|[silent]
|drag|p1a: Armarouge|Armarouge, F|100/100
|
|upkeep
|turn|5
|
|t:|1743895506
|switch|p1a: Heatran|Heatran, F|100/100
|move|p2a: ONE LIFE|Thunder Wave|p1a: Heatran
|-status|p1a: Heatran|par
|
|upkeep
|turn|6
|
|t:|1743895510
|switch|p2a: G19|Volcanion|100/100
|move|p1a: Heatran|Magma Storm|p2a: G19
|-resisted|p2a: G19
|-damage|p2a: G19|78/100
|-activate|p2a: G19|move: Magma Storm|[of] p1a: Heatran
|
|-damage|p2a: G19|66/100|[from] move: Magma Storm|[partiallytrapped]
|upkeep
|turn|7
|
|t:|1743895513
|switch|p1a: Clodsire|Clodsire, M|100/100
|move|p2a: G19|Steam Eruption|p1a: Clodsire
|-immune|p1a: Clodsire|[from] ability: Water Absorb
|
|-end|p2a: G19|Magma Storm|[partiallytrapped]|[silent]
|upkeep
|turn|8
|
|t:|1743895517
|switch|p2a: PENTHOUSE|Iron Treads|100/100
|-item|p2a: PENTHOUSE|Air Balloon
|move|p1a: Clodsire|Stealth Rock|p2a: PENTHOUSE
|-sidestart|p2: BITTER BLADEE|move: Stealth Rock
|
|upkeep
|turn|9
|
|t:|1743895521
|switch|p1a: Great Tusk|Great Tusk|55/100
|move|p2a: PENTHOUSE|Rapid Spin|p1a: Great Tusk
|-damage|p1a: Great Tusk|44/100
|-boost|p2a: PENTHOUSE|spe|1
|-sideend|p2: BITTER BLADEE|Stealth Rock|[from] move: Rapid Spin|[of] p2a: PENTHOUSE
|
|upkeep
|turn|10
|
|t:|1743895527
|-end|p2a: PENTHOUSE|Quark Drive|[silent]
|switch|p2a: ONE LIFE|Cresselia, F, shiny|86/100
|move|p1a: Great Tusk|Close Combat|p2a: ONE LIFE
|-resisted|p2a: ONE LIFE
|-damage|p2a: ONE LIFE|65/100
|-unboost|p1a: Great Tusk|def|1
|-unboost|p1a: Great Tusk|spd|1
|
|upkeep
|turn|11
|
|t:|1743895532
|-end|p1a: Great Tusk|Protosynthesis|[silent]
|switch|p1a: Heatran|Heatran, F|100/100 par
|move|p2a: ONE LIFE|Moonlight|p2a: ONE LIFE
|-heal|p2a: ONE LIFE|100/100
|
|upkeep
|turn|12
|
|t:|1743895534
|switch|p2a: G19|Volcanion|66/100
|move|p1a: Heatran|Magma Storm|p2a: G19|[miss]
|-miss|p1a: Heatran|p2a: G19
|
|upkeep
|turn|13
|
|t:|1743895538
|move|p2a: G19|Overheat|p1a: Heatran
|-damage|p1a: Heatran|49/100 par
|-unboost|p2a: G19|spa|2
|-enditem|p2a: G19|Eject Pack
|
|t:|1743895543
|switch|p2a: PENTHOUSE|Iron Treads|100/100
|-item|p2a: PENTHOUSE|Air Balloon
|move|p1a: Heatran|Magma Storm|p2a: PENTHOUSE
|-supereffective|p2a: PENTHOUSE
|-damage|p2a: PENTHOUSE|0 fnt
|-enditem|p2a: PENTHOUSE|Air Balloon
|faint|p2a: PENTHOUSE
|-end|p2a: PENTHOUSE|Quark Drive|[silent]
|
|upkeep
|j| killerbluebird
|
|t:|1743895553
|switch|p2a: ONE DEATH|Kingambit, M, shiny|100/100
|-activate|p2a: ONE DEATH|ability: Supreme Overlord
|-start|p2a: ONE DEATH|fallen2|[silent]
|turn|14
|
|t:|1743895557
|move|p2a: ONE DEATH|Kowtow Cleave|p1a: Heatran
|-damage|p1a: Heatran|0 fnt
|faint|p1a: Heatran
|
|upkeep
|
|t:|1743895561
|switch|p1a: Cinderace|Cinderace, M|100/100
|turn|15
|
|t:|1743895565
|-terastallize|p2a: ONE DEATH|Dark
|move|p1a: Cinderace|Pyro Ball|p2a: ONE DEATH
|-damage|p2a: ONE DEATH|32/100
|move|p2a: ONE DEATH|Kowtow Cleave|p1a: Cinderace
|-damage|p1a: Cinderace|0 fnt
|faint|p1a: Cinderace
|
|upkeep
|
|t:|1743895569
|switch|p1a: Great Tusk|Great Tusk|44/100
|turn|16
|j| dilf huntr
|
|t:|1743895585
|-end|p1a: Great Tusk|Protosynthesis|[silent]
|switch|p1a: Landorus|Landorus-Therian, M|48/100
|-ability|p1a: Landorus|Intimidate|boost
|-unboost|p2a: ONE DEATH|atk|1
|-end|p2a: ONE DEATH|fallen2|[silent]
|switch|p2a: ONE LIFE|Cresselia, F, shiny|100/100
|
|upkeep
|turn|17
|
|t:|1743895590
|move|p1a: Landorus|U-turn|p2a: ONE LIFE
|-supereffective|p2a: ONE LIFE
|-crit|p2a: ONE LIFE
|-damage|p2a: ONE LIFE|12/100
|
|t:|1743895592
|switch|p1a: Armarouge|Armarouge, F|100/100|[from] U-turn
|move|p2a: ONE LIFE|Moonlight|p2a: ONE LIFE
|-heal|p2a: ONE LIFE|62/100
|
|upkeep
|turn|18
|
|t:|1743895595
|move|p1a: Armarouge|Armor Cannon|p2a: ONE LIFE
|-damage|p2a: ONE LIFE|30/100
|-unboost|p1a: Armarouge|def|1
|-unboost|p1a: Armarouge|spd|1
|move|p2a: ONE LIFE|Thunder Wave|p1a: Armarouge
|-status|p1a: Armarouge|par
|
|upkeep
|turn|19
|j| mynameislarfkeagon
|
|t:|1743895600
|move|p2a: ONE LIFE|Moonlight|p2a: ONE LIFE
|-heal|p2a: ONE LIFE|80/100
|move|p1a: Armarouge|Armor Cannon|p2a: ONE LIFE
|-damage|p2a: ONE LIFE|50/100
|-unboost|p1a: Armarouge|def|1
|-unboost|p1a: Armarouge|spd|1
|
|upkeep
|turn|20
|
|t:|1743895605
|switch|p1a: Landorus|Landorus-Therian, M|48/100
|-ability|p1a: Landorus|Intimidate|boost
|-unboost|p2a: ONE LIFE|atk|1
|move|p2a: ONE LIFE|Moonlight|p2a: ONE LIFE
|-heal|p2a: ONE LIFE|100/100
|
|upkeep
|turn|21
|
|t:|1743895614
|move|p1a: Landorus|U-turn|p2a: ONE LIFE
|-supereffective|p2a: ONE LIFE
|-damage|p2a: ONE LIFE|47/100
|c| mynameislarfkeagon|my name is larf keagon
|
|t:|1743895618
|switch|p1a: Clodsire|Clodsire, M|100/100|[from] U-turn
|move|p2a: ONE LIFE|Moonlight|p2a: ONE LIFE
|-heal|p2a: ONE LIFE|97/100
|
|upkeep
|turn|22
|c|☆BITTER BLADEE|hello larf
|
|t:|1743895623
|switch|p2a: ONE DEATH|Kingambit, M, shiny, tera:Dark|32/100
|-activate|p2a: ONE DEATH|ability: Supreme Overlord
|-start|p2a: ONE DEATH|fallen2|[silent]
|move|p1a: Clodsire|Toxic|p2a: ONE DEATH
|-status|p2a: ONE DEATH|tox
|
|-damage|p2a: ONE DEATH|25/100 tox|[from] psn
|upkeep
|turn|23
|c|☆mr.diversity|hey larf
|c| killerbluebird|hi larf
|c| mynameislarfkeagon|i must go my planet needs me
|c|☆BITTER BLADEE|noo
|
|t:|1743895640
|switch|p1a: Armarouge|Armarouge, F|100/100 par
|move|p2a: ONE DEATH|Kowtow Cleave|p1a: Armarouge
|-supereffective|p1a: Armarouge
|-damage|p1a: Armarouge|0 fnt
|faint|p1a: Armarouge
|
|-damage|p2a: ONE DEATH|13/100 tox|[from] psn
|upkeep
|c|☆BITTER BLADEE|larf
|l| mynameislarfkeagon
|
|t:|1743895642
|switch|p1a: Great Tusk|Great Tusk|44/100
|turn|24
|
|t:|1743895647
|-end|p2a: ONE DEATH|fallen2|[silent]
|switch|p2a: ONE LIFE|Cresselia, F, shiny|97/100
|move|p1a: Great Tusk|Ice Spinner|p2a: ONE LIFE
|-damage|p2a: ONE LIFE|78/100
|
|upkeep
|turn|25
|
|t:|1743895654
|-end|p1a: Great Tusk|Protosynthesis|[silent]
|switch|p1a: Clodsire|Clodsire, M|100/100
|move|p2a: ONE LIFE|Ice Beam|p1a: Clodsire
|-supereffective|p1a: Clodsire
|-damage|p1a: Clodsire|84/100
|
|-heal|p1a: Clodsire|90/100|[from] item: Leftovers
|upkeep
|turn|26
|
|t:|1743895671
|switch|p2a: G19|Volcanion|66/100
|move|p1a: Clodsire|Earthquake|p2a: G19
|-supereffective|p2a: G19
|-damage|p2a: G19|22/100
|
|-heal|p1a: Clodsire|97/100|[from] item: Leftovers
|upkeep
|turn|27
|
|t:|1743895676
|move|p2a: G19|Will-O-Wisp|p1a: Clodsire
|-status|p1a: Clodsire|brn
|move|p1a: Clodsire|Stealth Rock|p2a: G19
|-sidestart|p2: BITTER BLADEE|move: Stealth Rock
|
|-heal|p1a: Clodsire|100/100 brn|[from] item: Leftovers
|-damage|p1a: Clodsire|94/100 brn|[from] brn
|upkeep
|turn|28
|
|t:|1743895680
|move|p2a: G19|Overheat|p1a: Clodsire
|-damage|p1a: Clodsire|63/100 brn
|-unboost|p2a: G19|spa|2
|move|p1a: Clodsire|Earthquake|p2a: G19
|-supereffective|p2a: G19
|-damage|p2a: G19|3/100
|
|-heal|p1a: Clodsire|69/100 brn|[from] item: Leftovers
|-damage|p1a: Clodsire|63/100 brn|[from] brn
|upkeep
|turn|29
|
|t:|1743895684
|move|p2a: G19|Taunt|p1a: Clodsire
|-start|p1a: Clodsire|move: Taunt
|cant|p1a: Clodsire|move: Taunt|Recover
|
|-heal|p1a: Clodsire|69/100 brn|[from] item: Leftovers
|-damage|p1a: Clodsire|63/100 brn|[from] brn
|upkeep
|turn|30
|
|t:|1743895692
|switch|p2a: HOUSE PARTY|Dragonite, M|19/100
|switch|p1a: Great Tusk|Great Tusk|44/100
|
|upkeep
|turn|31
|
|t:|1743895710
|move|p2a: HOUSE PARTY|Extreme Speed|p1a: Great Tusk
|-damage|p1a: Great Tusk|23/100
|move|p1a: Great Tusk|Ice Spinner|p2a: HOUSE PARTY
|-supereffective|p2a: HOUSE PARTY
|-damage|p2a: HOUSE PARTY|0 fnt
|faint|p2a: HOUSE PARTY
|
|upkeep
|
|t:|1743895713
|switch|p2a: ONE LIFE|Cresselia, F, shiny|78/100
|-damage|p2a: ONE LIFE|66/100|[from] Stealth Rock
|turn|32
|
|t:|1743895717
|-end|p1a: Great Tusk|Protosynthesis|[silent]
|switch|p1a: Clodsire|Clodsire, M|63/100 brn
|move|p2a: ONE LIFE|Ice Beam|p1a: Clodsire
|-supereffective|p1a: Clodsire
|-damage|p1a: Clodsire|47/100 brn
|
|-heal|p1a: Clodsire|54/100 brn|[from] item: Leftovers
|-damage|p1a: Clodsire|47/100 brn|[from] brn
|upkeep
|turn|33
|
|t:|1743895720
|move|p2a: ONE LIFE|Lunar Dance|p2a: ONE LIFE
|faint|p2a: ONE LIFE
|move|p1a: Clodsire|Recover|p1a: Clodsire
|-heal|p1a: Clodsire|97/100 brn
|
|-heal|p1a: Clodsire|100/100 brn|[from] item: Leftovers
|-damage|p1a: Clodsire|94/100 brn|[from] brn
|upkeep
|
|t:|1743895722
|switch|p2a: ONE DEATH|Kingambit, M, shiny, tera:Dark|13/100 tox
|-heal|p2a: ONE DEATH|100/100|[from] move: Lunar Dance
|-damage|p2a: ONE DEATH|88/100|[from] Stealth Rock
|-activate|p2a: ONE DEATH|ability: Supreme Overlord
|-start|p2a: ONE DEATH|fallen4|[silent]
|turn|34
|
|t:|1743895726
|switch|p1a: Landorus|Landorus-Therian, M|48/100
|-ability|p1a: Landorus|Intimidate|boost
|-unboost|p2a: ONE DEATH|atk|1
|move|p2a: ONE DEATH|Kowtow Cleave|p1a: Landorus
|-damage|p1a: Landorus|0 fnt
|faint|p1a: Landorus
|
|upkeep
|
|t:|1743895727
|switch|p1a: Great Tusk|Great Tusk|23/100
|turn|35
|
|t:|1743895730
|-end|p2a: ONE DEATH|fallen4|[silent]
|switch|p2a: G19|Volcanion|3/100
|-damage|p2a: G19|0 fnt|[from] Stealth Rock
|faint|p2a: G19
|move|p1a: Great Tusk|Close Combat|p2: G19|[notarget]
|-fail|p1a: Great Tusk
|
|upkeep
|
|t:|1743895732
|switch|p2a: ONE DEATH|Kingambit, M, shiny, tera:Dark|88/100
|-damage|p2a: ONE DEATH|76/100|[from] Stealth Rock
|-activate|p2a: ONE DEATH|ability: Supreme Overlord
|-start|p2a: ONE DEATH|fallen5|[silent]
|turn|36
|
|t:|1743895735
|move|p2a: ONE DEATH|Sucker Punch|p1a: Great Tusk
|-resisted|p1a: Great Tusk
|-damage|p1a: Great Tusk|0 fnt
|faint|p1a: Great Tusk
|-end|p1a: Great Tusk|Protosynthesis|[silent]
|
|upkeep
|
|t:|1743895737
|switch|p1a: Clodsire|Clodsire, M|94/100 brn
|turn|37
|
|t:|1743895738
|move|p2a: ONE DEATH|Kowtow Cleave|p1a: Clodsire
|-damage|p1a: Clodsire|0 fnt
|faint|p1a: Clodsire
|
|win|BITTER BLADEE
|raw|mr.diversity's rating: 1791 &rarr; <strong>1773</strong><br />(-18 for losing)
|raw|BITTER BLADEE's rating: 1831 &rarr; <strong>1849</strong><br />(+18 for winning)
|l|☆mr.diversity
|player|p1|
|l|☆BITTER BLADEE
|player|p2|
|l| killerbluebird
|l| dilf huntr
