|j|☆witcher7777
|j|‽esteostrali
|t:|1743857347
|gametype|singles
|player|p1|witcher7777|169|1443
|player|p2|esteostrali|dragontamer|1516
|teamsize|p1|6
|teamsize|p2|6
|gen|9
|tier|[Gen 9] OU
|rated|
|rule|HP Percentage Mod: HP is shown in percentages
|rule|Endless Battle Clause: Forcing endless battles is banned
|rule|Species Clause: Limit one of each Pokémon
|rule|OHKO Clause: OHKO moves are banned
|rule|Evasion Items Clause: Evasion items are banned
|rule|Evasion Moves Clause: Evasion moves are banned
|rule|Sleep Moves Clause: Sleep-inducing moves are banned
|clearpoke
|poke|p1|Ogerpon-Wellspring, F|
|poke|p1|Meowscarada, F|
|poke|p1|Great Tusk|
|poke|p1|Enamorus, F|
|poke|p1|Blaziken, F|
|poke|p1|Hatterene, F|
|poke|p2|Cobalion|
|poke|p2|Skeledirge, F|
|poke|p2|Rillaboom, F|
|poke|p2|Great Tusk|
|poke|p2|Pecharunt|
|poke|p2|Zapdos|
|teampreview
|inactive|Battle timer is ON: inactive players will automatically lose when time's up. (requested by esteostrali)
|
|t:|1743857361
|start
|switch|p1a: Meowscarada|Meowscarada, F|100/100
|switch|p2a: Zapdos|Zapdos|100/100
|turn|1
|
|t:|1743857365
|move|p1a: Meowscarada|Triple Axel|p2a: Zapdos
|-start|p1a: Meowscarada|typechange|Ice|[from] ability: Protean
|-supereffective|p2a: Zapdos
|-crit|p2a: Zapdos
|-damage|p2a: Zapdos|54/100
|-status|p1a: Meowscarada|par|[from] ability: Static|[of] p2a: Zapdos
|-supereffective|p2a: Zapdos
|-damage|p2a: Zapdos|0 fnt
|faint|p2a: Zapdos
|-hitcount|p2: Zapdos|2
|
|upkeep
|
|t:|1743857370
|switch|p2a: Cobalion|Cobalion|100/100
|turn|2
|
|t:|1743857377
|switch|p1a: Hatterene|Hatterene, F|100/100
|move|p2a: Cobalion|Stealth Rock|p1a: Hatterene
|move|p1a: Hatterene|Stealth Rock|p2a: Cobalion|[from] ability: Magic Bounce
|-sidestart|p2: esteostrali|move: Stealth Rock
|
|upkeep
|turn|3
|
|t:|1743857388
|switch|p2a: Skeledirge|Skeledirge, F|100/100
|switch|p1a: Great Tusk|Great Tusk|100/100
|
|upkeep
|turn|4
|
|t:|1743857392
|-terastallize|p2a: Skeledirge|Fairy
|move|p1a: Great Tusk|Headlong Rush|p2a: Skeledirge
|-damage|p2a: Skeledirge|59/100
|-unboost|p1a: Great Tusk|def|1
|-unboost|p1a: Great Tusk|spd|1
|move|p2a: Skeledirge|Will-O-Wisp|p1a: Great Tusk
|-status|p1a: Great Tusk|brn
|
|-damage|p1a: Great Tusk|94/100 brn|[from] brn
|upkeep
|turn|5
|
|t:|1743857396
|move|p1a: Great Tusk|Knock Off|p2a: Skeledirge
|-resisted|p2a: Skeledirge
|-damage|p2a: Skeledirge|54/100
|-enditem|p2a: Skeledirge|Heavy-Duty Boots|[from] move: Knock Off|[of] p1a: Great Tusk
|move|p2a: Skeledirge|Slack Off|p2a: Skeledirge
|-heal|p2a: Skeledirge|100/100
|
|-damage|p1a: Great Tusk|88/100 brn|[from] brn
|upkeep
|turn|6
|
|t:|1743857418
|move|p1a: Great Tusk|Headlong Rush|p2a: Skeledirge
|-damage|p2a: Skeledirge|79/100
|-unboost|p1a: Great Tusk|def|1
|-unboost|p1a: Great Tusk|spd|1
|move|p2a: Skeledirge|Torch Song|p1a: Great Tusk
|-damage|p1a: Great Tusk|46/100 brn
|-boost|p2a: Skeledirge|spa|1
|
|-damage|p1a: Great Tusk|40/100 brn|[from] brn
|upkeep
|turn|7
|
|t:|1743857423
|move|p1a: Great Tusk|Headlong Rush|p2a: Skeledirge
|-damage|p2a: Skeledirge|59/100
|-unboost|p1a: Great Tusk|def|1
|-unboost|p1a: Great Tusk|spd|1
|move|p2a: Skeledirge|Slack Off|p2a: Skeledirge
|-heal|p2a: Skeledirge|100/100
|
|-damage|p1a: Great Tusk|34/100 brn|[from] brn
|upkeep
|turn|8
|
|t:|1743857427
|move|p1a: Great Tusk|Headlong Rush|p2a: Skeledirge
|-damage|p2a: Skeledirge|78/100
|-unboost|p1a: Great Tusk|def|1
|-unboost|p1a: Great Tusk|spd|1
|move|p2a: Skeledirge|Torch Song|p1a: Great Tusk
|-damage|p1a: Great Tusk|0 fnt
|-boost|p2a: Skeledirge|spa|1
|faint|p1a: Great Tusk
|-end|p1a: Great Tusk|Protosynthesis|[silent]
|
|upkeep
|
|t:|1743857433
|switch|p1a: Ogerpon|Ogerpon-Wellspring, F|100/100
|turn|9
|
|t:|1743857437
|-terastallize|p1a: Ogerpon|Water
|detailschange|p1a: Ogerpon|Ogerpon-Wellspring-Tera, F, tera:Water
|-ability|p1a: Ogerpon|Embody Aspect (Wellspring)|boost
|-boost|p1a: Ogerpon|spd|1
|move|p1a: Ogerpon|Ivy Cudgel|p2a: Skeledirge|[anim] Ivy Cudgel Water
|-damage|p2a: Skeledirge|18/100
|move|p2a: Skeledirge|Will-O-Wisp|p1a: Ogerpon
|-status|p1a: Ogerpon|brn
|
|-damage|p1a: Ogerpon|95/100 brn|[from] brn
|upkeep
|turn|10
|
|t:|1743857446
|switch|p2a: Rillaboom|Rillaboom, F|100/100
|-fieldstart|move: Grassy Terrain|[from] ability: Grassy Surge|[of] p2a: Rillaboom
|move|p1a: Ogerpon|Ivy Cudgel|p2a: Rillaboom|[anim] Ivy Cudgel Water
|-resisted|p2a: Rillaboom
|-crit|p2a: Rillaboom
|-damage|p2a: Rillaboom|70/100
|
|-heal|p1a: Ogerpon|100/100 brn|[from] Grassy Terrain
|-heal|p2a: Rillaboom|76/100|[from] Grassy Terrain
|-damage|p1a: Ogerpon|95/100 brn|[from] brn
|upkeep
|turn|11
|
|t:|1743857460
|switch|p1a: Meowscarada|Meowscarada, F|100/100 par
|move|p2a: Rillaboom|Grassy Glide|p1a: Meowscarada
|-resisted|p1a: Meowscarada
|-damage|p1a: Meowscarada|71/100 par
|
|-heal|p2a: Rillaboom|82/100|[from] Grassy Terrain
|-heal|p1a: Meowscarada|78/100 par|[from] Grassy Terrain
|upkeep
|turn|12
|
|t:|1743857477
|switch|p2a: Cobalion|Cobalion|100/100
|-damage|p2a: Cobalion|97/100|[from] Stealth Rock
|move|p1a: Meowscarada|U-turn|p2a: Cobalion
|-start|p1a: Meowscarada|typechange|Bug|[from] ability: Protean
|-resisted|p2a: Cobalion
|-damage|p2a: Cobalion|90/100
|
|t:|1743857482
|switch|p1a: Blaziken|Blaziken, F|100/100|[from] U-turn
|-item|p1a: Blaziken|Air Balloon
|
|-heal|p2a: Cobalion|96/100|[from] Grassy Terrain
|-heal|p2a: Cobalion|100/100|[from] item: Leftovers
|upkeep
|turn|13
|
|t:|1743857490
|move|p1a: Blaziken|Swords Dance|p1a: Blaziken
|-boost|p1a: Blaziken|atk|2
|move|p2a: Cobalion|Roar|p1a: Blaziken
|drag|p1a: Hatterene|Hatterene, F|100/100
|
|upkeep
|turn|14
|
|t:|1743857501
|move|p1a: Hatterene|Calm Mind|p1a: Hatterene
|-boost|p1a: Hatterene|spa|1
|-boost|p1a: Hatterene|spd|1
|move|p2a: Cobalion|Roar|p1a: Hatterene
|move|p1a: Hatterene|Roar|p2a: Cobalion|[from] ability: Magic Bounce
|drag|p2a: Skeledirge|Skeledirge, F, tera:Fairy|18/100
|-damage|p2a: Skeledirge|5/100|[from] Stealth Rock
|
|-heal|p2a: Skeledirge|11/100|[from] Grassy Terrain
|-fieldend|move: Grassy Terrain
|upkeep
|turn|15
|
|t:|1743857506
|move|p2a: Skeledirge|Slack Off|p2a: Skeledirge
|-heal|p2a: Skeledirge|61/100
|move|p1a: Hatterene|Psyshock|p2a: Skeledirge
|-damage|p2a: Skeledirge|30/100
|
|upkeep
|turn|16
|
|t:|1743857510
|move|p2a: Skeledirge|Slack Off|p2a: Skeledirge
|-heal|p2a: Skeledirge|80/100
|move|p1a: Hatterene|Mystical Fire|p2a: Skeledirge
|-damage|p2a: Skeledirge|64/100
|-unboost|p2a: Skeledirge|spa|1
|
|upkeep
|turn|17
|
|t:|1743857515
|move|p2a: Skeledirge|Slack Off|p2a: Skeledirge
|-heal|p2a: Skeledirge|100/100
|move|p1a: Hatterene|Mystical Fire|p2a: Skeledirge
|-damage|p2a: Skeledirge|85/100
|-unboost|p2a: Skeledirge|spa|1
|
|upkeep
|turn|18
|
|t:|1743857523
|move|p2a: Skeledirge|Torch Song|p1a: Hatterene
|-damage|p1a: Hatterene|85/100
|-boost|p2a: Skeledirge|spa|1
|move|p1a: Hatterene|Psyshock|p2a: Skeledirge
|-damage|p2a: Skeledirge|56/100
|
|upkeep
|turn|19
|
|t:|1743857527
|move|p2a: Skeledirge|Torch Song|p1a: Hatterene
|-damage|p1a: Hatterene|66/100
|-boost|p2a: Skeledirge|spa|1
|move|p1a: Hatterene|Mystical Fire|p2a: Skeledirge
|-damage|p2a: Skeledirge|41/100
|-unboost|p2a: Skeledirge|spa|1
|
|upkeep
|turn|20
|
|t:|1743857531
|move|p2a: Skeledirge|Slack Off|p2a: Skeledirge
|-heal|p2a: Skeledirge|91/100
|move|p1a: Hatterene|Mystical Fire|p2a: Skeledirge
|-damage|p2a: Skeledirge|75/100
|-unboost|p2a: Skeledirge|spa|1
|
|upkeep
|turn|21
|
|t:|1743857534
|move|p2a: Skeledirge|Torch Song|p1a: Hatterene
|-damage|p1a: Hatterene|49/100
|-boost|p2a: Skeledirge|spa|1
|move|p1a: Hatterene|Draining Kiss|p2a: Skeledirge
|-crit|p2a: Skeledirge
|-damage|p2a: Skeledirge|52/100
|-heal|p1a: Hatterene|72/100|[from] drain|[of] p2a: Skeledirge
|
|upkeep
|turn|22
|
|t:|1743857538
|move|p2a: Skeledirge|Torch Song|p1a: Hatterene
|-damage|p1a: Hatterene|49/100
|-boost|p2a: Skeledirge|spa|1
|move|p1a: Hatterene|Mystical Fire|p2a: Skeledirge
|-damage|p2a: Skeledirge|35/100
|-unboost|p2a: Skeledirge|spa|1
|
|upkeep
|turn|23
|
|t:|1743857541
|move|p2a: Skeledirge|Slack Off|p2a: Skeledirge
|-heal|p2a: Skeledirge|85/100
|move|p1a: Hatterene|Draining Kiss|p2a: Skeledirge
|-damage|p2a: Skeledirge|68/100
|-heal|p1a: Hatterene|66/100|[from] drain|[of] p2a: Skeledirge
|
|upkeep
|turn|24
|
|t:|1743857545
|move|p2a: Skeledirge|Torch Song|p1a: Hatterene
|-damage|p1a: Hatterene|43/100
|-boost|p2a: Skeledirge|spa|1
|move|p1a: Hatterene|Mystical Fire|p2a: Skeledirge
|-damage|p2a: Skeledirge|52/100
|-unboost|p2a: Skeledirge|spa|1
|
|upkeep
|turn|25
|
|t:|1743857549
|move|p2a: Skeledirge|Torch Song|p1a: Hatterene
|-damage|p1a: Hatterene|23/100
|-boost|p2a: Skeledirge|spa|1
|move|p1a: Hatterene|Draining Kiss|p2a: Skeledirge
|-damage|p2a: Skeledirge|35/100
|-heal|p1a: Hatterene|39/100|[from] drain|[of] p2a: Skeledirge
|
|upkeep
|turn|26
|
|t:|1743857553
|move|p2a: Skeledirge|Slack Off|p2a: Skeledirge
|-heal|p2a: Skeledirge|85/100
|move|p1a: Hatterene|Mystical Fire|p2a: Skeledirge
|-damage|p2a: Skeledirge|69/100
|-unboost|p2a: Skeledirge|spa|1
|
|upkeep
|turn|27
|
|t:|1743857558
|move|p2a: Skeledirge|Torch Song|p1a: Hatterene
|-damage|p1a: Hatterene|17/100
|-boost|p2a: Skeledirge|spa|1
|move|p1a: Hatterene|Draining Kiss|p2a: Skeledirge
|-damage|p2a: Skeledirge|54/100
|-heal|p1a: Hatterene|31/100|[from] drain|[of] p2a: Skeledirge
|
|upkeep
|turn|28
|
|t:|1743857565
|move|p2a: Skeledirge|Torch Song|p1a: Hatterene
|-damage|p1a: Hatterene|1/100
|-boost|p2a: Skeledirge|spa|1
|move|p1a: Hatterene|Mystical Fire|p2a: Skeledirge
|-damage|p2a: Skeledirge|36/100
|-unboost|p2a: Skeledirge|spa|1
|
|upkeep
|turn|29
|
|t:|1743857569
|move|p2a: Skeledirge|Torch Song|p1a: Hatterene
|-damage|p1a: Hatterene|0 fnt
|-boost|p2a: Skeledirge|spa|1
|faint|p1a: Hatterene
|
|upkeep
|
|t:|1743857579
|switch|p1a: Enamorus|Enamorus, F|100/100
|turn|30
|
|t:|1743857586
|move|p1a: Enamorus|Moonblast|p2a: Skeledirge
|-damage|p2a: Skeledirge|3/100
|move|p2a: Skeledirge|Torch Song|p1a: Enamorus
|-damage|p1a: Enamorus|38/100
|-boost|p2a: Skeledirge|spa|1
|
|upkeep
|turn|31
|
|t:|1743857592
|move|p1a: Enamorus|Moonblast|p2a: Skeledirge
|-damage|p2a: Skeledirge|0 fnt
|faint|p2a: Skeledirge
|
|upkeep
|inactive|esteostrali has 120 seconds left.
|inactive|esteostrali has 90 seconds left.
|
|t:|1743857671
|switch|p2a: Pecharunt|Pecharunt|100/100
|turn|32
|
|t:|1743857677
|switch|p1a: Meowscarada|Meowscarada, F|78/100 par
|move|p2a: Pecharunt|Malignant Chain|p1a: Meowscarada
|-supereffective|p1a: Meowscarada
|-damage|p1a: Meowscarada|0 fnt
|faint|p1a: Meowscarada
|
|upkeep
|
|t:|1743857681
|switch|p1a: Blaziken|Blaziken, F|100/100
|-item|p1a: Blaziken|Air Balloon
|turn|33
|
|t:|1743857684
|move|p1a: Blaziken|Blaze Kick|p2a: Pecharunt
|-damage|p2a: Pecharunt|73/100
|move|p2a: Pecharunt|Malignant Chain|p1a: Blaziken
|-damage|p1a: Blaziken|37/100
|-enditem|p1a: Blaziken|Air Balloon
|
|-ability|p1a: Blaziken|Speed Boost|boost
|-boost|p1a: Blaziken|spe|1
|upkeep
|turn|34
|
|t:|1743857693
|move|p1a: Blaziken|Acrobatics|p2a: Pecharunt
|-damage|p2a: Pecharunt|51/100
|move|p2a: Pecharunt|Malignant Chain|p1a: Blaziken
|-damage|p1a: Blaziken|0 fnt
|faint|p1a: Blaziken
|
|upkeep
|
|t:|1743857696
|switch|p1a: Enamorus|Enamorus, F|38/100
|turn|35
|
|t:|1743857703
|move|p1a: Enamorus|Earth Power|p2a: Pecharunt
|-supereffective|p2a: Pecharunt
|-damage|p2a: Pecharunt|0 fnt
|faint|p2a: Pecharunt
|
|upkeep
|
|t:|1743857708
|switch|p2a: Rillaboom|Rillaboom, F|82/100
|-fieldstart|move: Grassy Terrain|[from] ability: Grassy Surge|[of] p2a: Rillaboom
|turn|36
|
|t:|1743857714
|move|p2a: Rillaboom|Grassy Glide|p1a: Enamorus
|-resisted|p1a: Enamorus
|-damage|p1a: Enamorus|9/100
|move|p1a: Enamorus|Earth Power|p2a: Rillaboom
|-resisted|p2a: Rillaboom
|-damage|p2a: Rillaboom|60/100
|
|-heal|p2a: Rillaboom|66/100|[from] Grassy Terrain
|upkeep
|turn|37
|-message|witcher7777 forfeited.
|
|win|esteostrali
|raw|witcher7777's rating: 1443 &rarr; <strong>1427</strong><br />(-16 for losing)
|raw|esteostrali's rating: 1516 &rarr; <strong>1532</strong><br />(+16 for winning)
|l|☆witcher7777
|player|p1|
|l|‽esteostrali
|player|p2|
