|j|☆NoodleTR0N
|j|☆Geobat-99
|t:|1743828719
|gametype|singles
|player|p1|NoodleTR0N|pokemonrangerf-gen4|1154
|player|p2|Geobat-99|101|1179
|teamsize|p1|6
|teamsize|p2|6
|gen|9
|tier|[Gen 9] OU
|rated|
|rule|HP Percentage Mod: HP is shown in percentages
|rule|Endless Battle Clause: Forcing endless battles is banned
|rule|Species Clause: Limit one of each Pokémon
|rule|OHKO Clause: OHKO moves are banned
|rule|Evasion Items Clause: Evasion items are banned
|rule|Evasion Moves Clause: Evasion moves are banned
|rule|Sleep Moves Clause: Sleep-inducing moves are banned
|clearpoke
|poke|p1|Blastoise, M|
|poke|p1|Dragapult, M|
|poke|p1|Excadrill, M|
|poke|p1|Garchomp, M|
|poke|p1|Zapdos|
|poke|p1|Umbreon, F|
|poke|p2|Garganacl, F|
|poke|p2|Garchomp, F|
|poke|p2|Alomomola, F|
|poke|p2|Darkrai|
|poke|p2|Pecharunt|
|poke|p2|Gliscor, M|
|teampreview
|
|t:|1743828741
|start
|switch|p1a: Garchomp|Garchomp, M|100/100
|switch|p2a: Gliscor|Gliscor, M|100/100
|turn|1
|
|t:|1743828749
|move|p1a: Garchomp|Stealth Rock|p2a: Gliscor
|-sidestart|p2: Geobat-99|move: Stealth Rock
|move|p2a: Gliscor|Toxic|p1a: Garchomp
|-status|p1a: Garchomp|tox
|
|-damage|p1a: Garchomp|94/100 tox|[from] psn
|-status|p2a: Gliscor|tox|[from] item: Toxic Orb
|upkeep
|turn|2
|
|t:|1743828757
|move|p1a: Garchomp|Spikes|p2a: Gliscor
|-sidestart|p2: Geobat-99|Spikes
|move|p2a: Gliscor|Knock Off|p1a: Garchomp
|-crit|p1a: Garchomp
|-damage|p1a: Garchomp|73/100 tox
|-damage|p2a: Gliscor|88/100 tox|[from] ability: Rough Skin|[of] p1a: Garchomp
|-damage|p2a: Gliscor|71/100 tox|[from] item: Rocky Helmet|[of] p1a: Garchomp
|-enditem|p1a: Garchomp|Rocky Helmet|[from] move: Knock Off|[of] p2a: Gliscor
|
|-damage|p1a: Garchomp|60/100 tox|[from] psn
|-heal|p2a: Gliscor|84/100 tox|[from] ability: Poison Heal
|upkeep
|turn|3
|
|t:|1743828790
|switch|p2a: Darkrai|Darkrai|100/100
|move|p1a: Garchomp|Spikes|p2a: Darkrai
|-sidestart|p2: Geobat-99|Spikes
|
|-damage|p1a: Garchomp|42/100 tox|[from] psn
|upkeep
|turn|4
|
|t:|1743828806
|move|p2a: Darkrai|Ice Beam|p1a: Garchomp
|-supereffective|p1a: Garchomp
|-damage|p1a: Garchomp|0 fnt
|faint|p1a: Garchomp
|
|upkeep
|
|t:|1743828819
|switch|p1a: Umbreon|Umbreon, F|100/100
|turn|5
|
|t:|1743828824
|move|p2a: Darkrai|Knock Off|p1a: Umbreon
|-resisted|p1a: Umbreon
|-damage|p1a: Umbreon|89/100
|-enditem|p1a: Umbreon|Leftovers|[from] move: Knock Off|[of] p2a: Darkrai
|move|p1a: Umbreon|Toxic|p2a: Darkrai|[miss]
|-miss|p1a: Umbreon|p2a: Darkrai
|
|upkeep
|turn|6
|
|t:|1743828836
|switch|p2a: Gliscor|Gliscor, M|84/100 tox
|-damage|p2a: Gliscor|71/100 tox|[from] Stealth Rock
|move|p1a: Umbreon|Toxic|p2a: Gliscor
|-fail|p2a: Gliscor|tox
|
|-heal|p2a: Gliscor|84/100 tox|[from] ability: Poison Heal
|upkeep
|turn|7
|
|t:|1743828844
|move|p2a: Gliscor|Toxic|p1a: Umbreon
|-status|p1a: Umbreon|tox
|-activate|p1a: Umbreon|ability: Synchronize
|-fail|p2a: Gliscor|tox
|move|p1a: Umbreon|Foul Play|p2a: Gliscor
|-damage|p2a: Gliscor|66/100 tox
|
|-heal|p2a: Gliscor|78/100 tox|[from] ability: Poison Heal
|-damage|p1a: Umbreon|83/100 tox|[from] psn
|upkeep
|turn|8
|l|☆NoodleTR0N
|player|p1|
|inactive|Battle timer is ON: inactive players will automatically lose when time's up. (requested by Geobat-99)
|inactive|NoodleTR0N has 30 seconds to reconnect!
|inactive|NoodleTR0N has 20 seconds to reconnect!
|inactive|NoodleTR0N has 15 seconds to reconnect!
|inactive|NoodleTR0N has 10 seconds to reconnect!
|inactive|NoodleTR0N has 5 seconds to reconnect!
|-message|NoodleTR0N lost due to inactivity.
|
|win|Geobat-99
|raw|NoodleTR0N's rating: 1154 &rarr; <strong>1131</strong><br />(-23 for losing)
|raw|Geobat-99's rating: 1179 &rarr; <strong>1202</strong><br />(+23 for winning)
|l|☆Geobat-99
|player|p2|
