|j|☆notorious ned
|j|☆thatonesweat
|t:|1743912658
|gametype|singles
|player|p1|notorious ned|265|1310
|player|p2|thatonesweat|bellelba|1306
|teamsize|p1|6
|teamsize|p2|6
|gen|9
|tier|[Gen 9] OU
|rated|
|rule|HP Percentage Mod: HP is shown in percentages
|rule|Endless Battle Clause: Forcing endless battles is banned
|rule|Species Clause: Limit one of each Pokémon
|rule|OHKO Clause: OHKO moves are banned
|rule|Evasion Items Clause: Evasion items are banned
|rule|Evasion Moves Clause: Evasion moves are banned
|rule|Sleep Moves Clause: Sleep-inducing moves are banned
|clearpoke
|poke|p1|Blaziken, F|
|poke|p1|Corviknight, F|
|poke|p1|Kyurem|
|poke|p1|Gliscor, F|
|poke|p1|Blissey, F|
|poke|p1|Clefable, M|
|poke|p2|Garganacl, F|
|poke|p2|Meowscarada, F|
|poke|p2|Toxapex, F|
|poke|p2|Great Tusk|
|poke|p2|Gholdengo|
|poke|p2|Enamorus, F|
|teampreview
|
|t:|1743912690
|start
|switch|p1a: Gliscor|Gliscor, F|100/100
|switch|p2a: Great Tusk|Great Tusk|100/100
|turn|1
|
|t:|1743912712
|-end|p2a: Great Tusk|Protosynthesis|[silent]
|switch|p2a: Meowscarada|Meowscarada, F|100/100
|move|p1a: Gliscor|Protect||[still]
|-fail|p1a: Gliscor
|
|-status|p1a: Gliscor|tox|[from] item: Toxic Orb
|upkeep
|turn|2
|
|t:|1743912724
|switch|p1a: Corviknight|Corviknight, F|100/100
|-ability|p1a: Corviknight|Pressure
|move|p2a: Meowscarada|Triple Axel|p1a: Corviknight
|-start|p2a: Meowscarada|typechange|Ice|[from] ability: Protean
|-damage|p1a: Corviknight|91/100
|-damage|p2a: Meowscarada|84/100|[from] item: Rocky Helmet|[of] p1a: Corviknight
|-damage|p1a: Corviknight|74/100
|-damage|p2a: Meowscarada|68/100|[from] item: Rocky Helmet|[of] p1a: Corviknight
|-damage|p1a: Corviknight|50/100
|-damage|p2a: Meowscarada|51/100|[from] item: Rocky Helmet|[of] p1a: Corviknight
|-hitcount|p1a: Corviknight|3
|
|upkeep
|turn|3
|
|t:|1743912738
|switch|p1a: joltee|Blaziken, F|100/100
|-item|p1a: joltee|Air Balloon
|move|p2a: Meowscarada|Triple Axel|p1a: joltee|[miss]
|-miss|p2a: Meowscarada|p1a: joltee
|
|upkeep
|turn|4
|
|t:|1743912747
|move|p1a: joltee|Protect|p1a: joltee
|-singleturn|p1a: joltee|Protect
|move|p2a: Meowscarada|Triple Axel|p1a: joltee
|-activate|p1a: joltee|move: Protect
|
|-ability|p1a: joltee|Speed Boost|boost
|-boost|p1a: joltee|spe|1
|upkeep
|turn|5
|
|t:|1743912763
|switch|p2a: Great Tusk|Great Tusk|100/100
|move|p1a: joltee|Close Combat|p2a: Great Tusk
|-damage|p2a: Great Tusk|63/100
|-unboost|p1a: joltee|def|1
|-unboost|p1a: joltee|spd|1
|
|-ability|p1a: joltee|Speed Boost|boost
|-boost|p1a: joltee|spe|1
|upkeep
|turn|6
|
|t:|1743912779
|switch|p1a: Corviknight|Corviknight, F|50/100
|-ability|p1a: Corviknight|Pressure
|move|p2a: Great Tusk|Headlong Rush|p1a: Corviknight
|-immune|p1a: Corviknight
|
|upkeep
|turn|7
|
|t:|1743912785
|move|p2a: Great Tusk|Temper Flare|p1a: Corviknight
|-supereffective|p1a: Corviknight
|-damage|p1a: Corviknight|0 fnt
|-damage|p2a: Great Tusk|46/100|[from] item: Rocky Helmet|[of] p1a: Corviknight
|faint|p1a: Corviknight
|
|upkeep
|
|t:|1743912803
|switch|p1a: Kyurem|Kyurem|100/100
|-ability|p1a: Kyurem|Pressure
|turn|8
|
|t:|1743912810
|move|p1a: Kyurem|Ice Beam|p2a: Great Tusk
|-supereffective|p2a: Great Tusk
|-damage|p2a: Great Tusk|0 fnt
|faint|p2a: Great Tusk
|-end|p2a: Great Tusk|Protosynthesis|[silent]
|
|upkeep
|
|t:|1743912837
|switch|p2a: Gholdengo|Gholdengo|100/100
|-item|p2a: Gholdengo|Air Balloon
|turn|9
|
|t:|1743912847
|switch|p1a: Blissey|Blissey, F|100/100
|move|p2a: Gholdengo|Make It Rain|p1a: Blissey
|-damage|p1a: Blissey|80/100
|-unboost|p2a: Gholdengo|spa|1
|
|upkeep
|turn|10
|
|t:|1743912851
|switch|p2a: Garganacl|Garganacl, F|100/100
|move|p1a: Blissey|Thunder Wave|p2a: Garganacl
|-immune|p2a: Garganacl|[from] ability: Purifying Salt
|
|upkeep
|turn|11
|
|t:|1743912865
|switch|p1a: Gliscor|Gliscor, F|100/100 tox
|move|p2a: Garganacl|Iron Defense|p2a: Garganacl
|-boost|p2a: Garganacl|def|2
|
|upkeep
|turn|12
|
|t:|1743912877
|move|p1a: Gliscor|Knock Off|p2a: Garganacl
|-damage|p2a: Garganacl|94/100
|-enditem|p2a: Garganacl|Leftovers|[from] move: Knock Off|[of] p1a: Gliscor
|move|p2a: Garganacl|Iron Defense|p2a: Garganacl
|-boost|p2a: Garganacl|def|2
|
|upkeep
|turn|13
|
|t:|1743912884
|move|p1a: Gliscor|Earthquake|p2a: Garganacl
|-supereffective|p2a: Garganacl
|-damage|p2a: Garganacl|80/100
|move|p2a: Garganacl|Salt Cure|p1a: Gliscor
|-damage|p1a: Gliscor|90/100 tox
|-start|p1a: Gliscor|Salt Cure
|
|-heal|p1a: Gliscor|100/100 tox|[from] ability: Poison Heal
|-damage|p1a: Gliscor|88/100 tox|[from] Salt Cure
|upkeep
|turn|14
|
|t:|1743912890
|move|p1a: Gliscor|Earthquake|p2a: Garganacl
|-supereffective|p2a: Garganacl
|-damage|p2a: Garganacl|67/100
|move|p2a: Garganacl|Salt Cure|p1a: Gliscor
|-damage|p1a: Gliscor|78/100 tox
|
|-heal|p1a: Gliscor|90/100 tox|[from] ability: Poison Heal
|-damage|p1a: Gliscor|78/100 tox|[from] Salt Cure
|upkeep
|turn|15
|
|t:|1743912896
|move|p1a: Gliscor|Earthquake|p2a: Garganacl
|-supereffective|p2a: Garganacl
|-damage|p2a: Garganacl|55/100
|move|p2a: Garganacl|Iron Defense|p2a: Garganacl
|-boost|p2a: Garganacl|def|2
|
|-heal|p1a: Gliscor|90/100 tox|[from] ability: Poison Heal
|-damage|p1a: Gliscor|78/100 tox|[from] Salt Cure
|upkeep
|turn|16
|
|t:|1743912906
|move|p1a: Gliscor|Earthquake|p2a: Garganacl
|-supereffective|p2a: Garganacl
|-damage|p2a: Garganacl|44/100
|move|p2a: Garganacl|Recover|p2a: Garganacl
|-heal|p2a: Garganacl|94/100
|
|-heal|p1a: Gliscor|90/100 tox|[from] ability: Poison Heal
|-damage|p1a: Gliscor|78/100 tox|[from] Salt Cure
|upkeep
|turn|17
|
|t:|1743912923
|move|p1a: Gliscor|Protect|p1a: Gliscor
|-singleturn|p1a: Gliscor|Protect
|move|p2a: Garganacl|Body Press|p1a: Gliscor
|-activate|p1a: Gliscor|move: Protect
|
|-heal|p1a: Gliscor|90/100 tox|[from] ability: Poison Heal
|-damage|p1a: Gliscor|78/100 tox|[from] Salt Cure
|upkeep
|turn|18
|
|t:|1743912933
|move|p1a: Gliscor|Earthquake|p2a: Garganacl
|-supereffective|p2a: Garganacl
|-damage|p2a: Garganacl|83/100
|move|p2a: Garganacl|Body Press|p1a: Gliscor
|-resisted|p1a: Gliscor
|-damage|p1a: Gliscor|40/100 tox
|
|-heal|p1a: Gliscor|52/100 tox|[from] ability: Poison Heal
|-damage|p1a: Gliscor|40/100 tox|[from] Salt Cure
|upkeep
|turn|19
|
|t:|1743912942
|switch|p1a: Clefable|Clefable, M|100/100
|move|p2a: Garganacl|Recover|p2a: Garganacl
|-heal|p2a: Garganacl|100/100
|
|upkeep
|turn|20
|
|t:|1743912948
|move|p1a: Clefable|Moonblast|p2a: Garganacl
|-damage|p2a: Garganacl|78/100
|move|p2a: Garganacl|Body Press|p1a: Clefable
|-resisted|p1a: Clefable
|-damage|p1a: Clefable|91/100
|
|-heal|p1a: Clefable|97/100|[from] item: Leftovers
|upkeep
|turn|21
|
|t:|1743912954
|move|p1a: Clefable|Moonblast|p2a: Garganacl
|-damage|p2a: Garganacl|55/100
|-unboost|p2a: Garganacl|spa|1
|move|p2a: Garganacl|Salt Cure|p1a: Clefable
|-damage|p1a: Clefable|87/100
|-start|p1a: Clefable|Salt Cure
|
|-heal|p1a: Clefable|93/100|[from] item: Leftovers
|-damage|p1a: Clefable|81/100|[from] Salt Cure
|upkeep
|turn|22
|
|t:|1743912960
|move|p1a: Clefable|Moonblast|p2a: Garganacl
|-damage|p2a: Garganacl|30/100
|move|p2a: Garganacl|Recover|p2a: Garganacl
|-heal|p2a: Garganacl|80/100
|
|-heal|p1a: Clefable|87/100|[from] item: Leftovers
|-damage|p1a: Clefable|75/100|[from] Salt Cure
|upkeep
|turn|23
|
|t:|1743912998
|switch|p2a: Enamorus|Enamorus, F|100/100
|move|p1a: Clefable|Moonblast|p2a: Enamorus
|-damage|p2a: Enamorus|58/100
|-boost|p2a: Enamorus|spa|1
|
|-heal|p1a: Clefable|81/100|[from] item: Leftovers
|-damage|p1a: Clefable|68/100|[from] Salt Cure
|upkeep
|turn|24
|
|t:|1743913015
|switch|p1a: Blissey|Blissey, F|80/100
|-terastallize|p2a: Enamorus|Fairy
|move|p2a: Enamorus|Moonblast|p1a: Blissey
|-damage|p1a: Blissey|29/100
|-unboost|p1a: Blissey|spa|1
|
|upkeep
|turn|25
|
|t:|1743913034
|switch|p1a: Gliscor|Gliscor, F|40/100 tox
|move|p2a: Enamorus|Moonblast|p1a: Gliscor
|-damage|p1a: Gliscor|0 fnt
|faint|p1a: Gliscor
|
|upkeep
|
|t:|1743913037
|switch|p1a: joltee|Blaziken, F|100/100
|-item|p1a: joltee|Air Balloon
|turn|26
|
|t:|1743913080
|switch|p2a: Garganacl|Garganacl, F|80/100
|move|p1a: joltee|Protect||[still]
|-fail|p1a: joltee
|
|-ability|p1a: joltee|Speed Boost|boost
|-boost|p1a: joltee|spe|1
|upkeep
|turn|27
|
|t:|1743913097
|move|p1a: joltee|Close Combat|p2a: Garganacl
|-supereffective|p2a: Garganacl
|-damage|p2a: Garganacl|8/100
|-unboost|p1a: joltee|def|1
|-unboost|p1a: joltee|spd|1
|move|p2a: Garganacl|Salt Cure|p1a: joltee
|-damage|p1a: joltee|68/100
|-start|p1a: joltee|Salt Cure
|-enditem|p1a: joltee|Air Balloon
|
|-damage|p1a: joltee|56/100|[from] Salt Cure
|-ability|p1a: joltee|Speed Boost|boost
|-boost|p1a: joltee|spe|1
|upkeep
|turn|28
|
|t:|1743913118
|switch|p1a: Kyurem|Kyurem|100/100
|-ability|p1a: Kyurem|Pressure
|move|p2a: Garganacl|Salt Cure|p1a: Kyurem
|-supereffective|p1a: Kyurem
|-damage|p1a: Kyurem|73/100
|-start|p1a: Kyurem|Salt Cure
|
|-damage|p1a: Kyurem|61/100|[from] Salt Cure
|upkeep
|turn|29
|
|t:|1743913129
|move|p1a: Kyurem|Freeze-Dry|p2a: Garganacl
|-damage|p2a: Garganacl|0 fnt
|faint|p2a: Garganacl
|
|-damage|p1a: Kyurem|48/100|[from] Salt Cure
|upkeep
|
|t:|1743913132
|switch|p2a: Meowscarada|Meowscarada, F|51/100
|turn|30
|
|t:|1743913139
|move|p2a: Meowscarada|Knock Off|p1a: Kyurem
|-start|p2a: Meowscarada|typechange|Dark|[from] ability: Protean
|-damage|p1a: Kyurem|0 fnt
|-enditem|p1a: Kyurem|Choice Specs|[from] move: Knock Off|[of] p2a: Meowscarada
|faint|p1a: Kyurem
|
|upkeep
|
|t:|1743913143
|switch|p1a: joltee|Blaziken, F|56/100
|turn|31
|
|t:|1743913154
|switch|p2a: Toxapex|Toxapex, F|100/100
|move|p1a: joltee|Swords Dance|p1a: joltee
|-boost|p1a: joltee|atk|2
|
|-ability|p1a: joltee|Speed Boost|boost
|-boost|p1a: joltee|spe|1
|upkeep
|turn|32
|
|t:|1743913158
|-terastallize|p1a: joltee|Fire
|move|p1a: joltee|Flare Blitz|p2a: Toxapex
|-resisted|p2a: Toxapex
|-damage|p2a: Toxapex|36/100
|-damage|p1a: joltee|35/100|[from] Recoil
|move|p2a: Toxapex|Surf|p1a: joltee
|-supereffective|p1a: joltee
|-damage|p1a: joltee|0 fnt
|faint|p1a: joltee
|
|upkeep
|-message|notorious ned forfeited.
|
|win|thatonesweat
|raw|notorious ned's rating: 1310 &rarr; <strong>1290</strong><br />(-20 for losing)
|raw|thatonesweat's rating: 1306 &rarr; <strong>1326</strong><br />(+20 for winning)
|l|☆notorious ned
|player|p1|
|l|☆thatonesweat
|player|p2|
