|j|☆oaurea
|j|☆Dr. Drake6782
|t:|1743885336
|gametype|singles
|player|p1|oaurea|roughneck|1177
|player|p2|Dr. Drake6782|lance-lgpe|1208
|teamsize|p1|6
|teamsize|p2|6
|gen|9
|tier|[Gen 9] OU
|rated|
|rule|HP Percentage Mod: HP is shown in percentages
|rule|Endless Battle Clause: Forcing endless battles is banned
|rule|Species Clause: Limit one of each Pokémon
|rule|OHKO Clause: OHKO moves are banned
|rule|Evasion Items Clause: Evasion items are banned
|rule|Evasion Moves Clause: Evasion moves are banned
|rule|Sleep Moves Clause: Sleep-inducing moves are banned
|clearpoke
|poke|p1|Raging Bolt|
|poke|p1|Ogerpon-Wellspring, F|
|poke|p1|Mimikyu, F|
|poke|p1|Gliscor, M|
|poke|p1|Corviknight, M|
|poke|p1|Raikou|
|poke|p2|Alomomola, F|
|poke|p2|Weezing-Galar, F|
|poke|p2|Garganacl, M|
|poke|p2|Kyurem|
|poke|p2|Ting-Lu|
|poke|p2|Ogerpon-Wellspring, F|
|teampreview
|inactive|Battle timer is ON: inactive players will automatically lose when time's up. (requested by Dr. Drake6782)
|
|t:|1743885341
|start
|switch|p1a: Gliscor|Gliscor, M, shiny|100/100
|switch|p2a: Ogerpon|Ogerpon-Wellspring, F|100/100
|turn|1
|
|t:|1743885355
|switch|p1a: Ogerpon|Ogerpon-Wellspring, F|100/100
|move|p2a: Ogerpon|Knock Off|p1a: Ogerpon
|-damage|p1a: Ogerpon|69/100
|
|upkeep
|turn|2
|
|t:|1743885362
|move|p1a: Ogerpon|Horn Leech|p2a: Ogerpon
|-damage|p2a: Ogerpon|46/100
|-heal|p1a: Ogerpon|97/100|[from] drain|[of] p2a: Ogerpon
|move|p2a: Ogerpon|U-turn|p1a: Ogerpon
|-supereffective|p1a: Ogerpon
|-damage|p1a: Ogerpon|29/100
|
|t:|1743885367
|switch|p2a: Kyurem|Kyurem, shiny|100/100|[from] U-turn
|-ability|p2a: Kyurem|Pressure
|
|upkeep
|turn|3
|
|t:|1743885376
|move|p2a: Kyurem|Ice Beam|p1a: Ogerpon
|-damage|p1a: Ogerpon|0 fnt
|faint|p1a: Ogerpon
|
|upkeep
|
|t:|1743885403
|switch|p1a: Corviknight|Corviknight, M, shiny|100/100
|-ability|p1a: Corviknight|Pressure
|turn|4
|
|t:|1743885418
|switch|p2a: Alomomola|Alomomola, F|100/100
|move|p1a: Corviknight|Iron Head|p2a: Alomomola
|-resisted|p2a: Alomomola
|-damage|p2a: Alomomola|94/100
|
|upkeep
|turn|5
|
|t:|1743885425
|switch|p1a: Raikou|Raikou, shiny|100/100
|-ability|p1a: Raikou|Pressure
|move|p2a: Alomomola|Wish|p2a: Alomomola
|
|upkeep
|turn|6
|
|t:|1743885431
|move|p1a: Raikou|Calm Mind|p1a: Raikou
|-boost|p1a: Raikou|spa|1
|-boost|p1a: Raikou|spd|1
|move|p2a: Alomomola|Flip Turn|p1a: Raikou
|-damage|p1a: Raikou|76/100
|
|t:|1743885433
|switch|p2a: Ogerpon|Ogerpon-Wellspring, F|46/100|[from] Flip Turn
|
|-heal|p2a: Ogerpon|100/100|[from] move: Wish|[wisher] Alomomola
|-heal|p1a: Raikou|82/100|[from] item: Leftovers
|upkeep
|turn|7
|
|t:|1743885437
|move|p1a: Raikou|Thunderbolt|p2a: Ogerpon
|-damage|p2a: Ogerpon|30/100
|move|p2a: Ogerpon|Ivy Cudgel|p1a: Raikou|[anim] Ivy Cudgel Water
|-crit|p1a: Raikou
|-damage|p1a: Raikou|0 fnt
|faint|p1a: Raikou
|
|upkeep
|
|t:|1743885440
|switch|p1a: Raging Bolt|Raging Bolt|100/100
|-enditem|p1a: Raging Bolt|Booster Energy
|-activate|p1a: Raging Bolt|ability: Protosynthesis|[fromitem]
|-start|p1a: Raging Bolt|protosynthesisspa
|turn|8
|
|t:|1743885446
|switch|p2a: Ting-Lu|Ting-Lu|100/100
|-ability|p2a: Ting-Lu|Vessel of Ruin
|move|p1a: Raging Bolt|Thunderbolt|p2a: Ting-Lu
|-immune|p2a: Ting-Lu
|
|upkeep
|turn|9
|
|t:|1743885452
|-end|p1a: Raging Bolt|Protosynthesis|[silent]
|switch|p1a: Gliscor|Gliscor, M, shiny|100/100
|move|p2a: Ting-Lu|Stealth Rock|p1a: Gliscor
|-sidestart|p1: oaurea|move: Stealth Rock
|
|-status|p1a: Gliscor|tox|[from] item: Toxic Orb
|upkeep
|turn|10
|
|t:|1743885455
|switch|p2a: Weezing|Weezing-Galar, F, shiny|100/100
|-ability|p2a: Weezing|Neutralizing Gas
|move|p1a: Gliscor|Toxic|p2a: Weezing|[miss]
|-miss|p1a: Gliscor|p2a: Weezing
|
|-damage|p1a: Gliscor|94/100 tox|[from] psn
|upkeep
|turn|11
|
|t:|1743885462
|move|p1a: Gliscor|U-turn|p2a: Weezing
|-resisted|p2a: Weezing
|-damage|p2a: Weezing|98/100
|
|t:|1743885463
|switch|p1a: Corviknight|Corviknight, M, shiny|100/100|[from] U-turn
|-damage|p1a: Corviknight|88/100|[from] Stealth Rock
|move|p2a: Weezing|Strange Steam|p1a: Corviknight
|-resisted|p1a: Corviknight
|-damage|p1a: Corviknight|78/100
|
|upkeep
|turn|12
|
|t:|1743885465
|move|p1a: Corviknight|Iron Head|p2a: Weezing
|-supereffective|p2a: Weezing
|-damage|p2a: Weezing|64/100
|move|p2a: Weezing|Will-O-Wisp|p1a: Corviknight
|-status|p1a: Corviknight|brn
|
|-damage|p1a: Corviknight|72/100 brn|[from] brn
|upkeep
|turn|13
|
|t:|1743885470
|move|p1a: Corviknight|Iron Head|p2a: Weezing
|-supereffective|p2a: Weezing
|-damage|p2a: Weezing|48/100
|cant|p2a: Weezing|flinch
|
|-damage|p1a: Corviknight|66/100 brn|[from] brn
|upkeep
|turn|14
|
|t:|1743885473
|move|p1a: Corviknight|Iron Head|p2a: Weezing
|-supereffective|p2a: Weezing
|-damage|p2a: Weezing|32/100
|cant|p2a: Weezing|flinch
|
|-damage|p1a: Corviknight|60/100 brn|[from] brn
|upkeep
|turn|15
|
|t:|1743885478
|move|p1a: Corviknight|Iron Head|p2a: Weezing
|-supereffective|p2a: Weezing
|-damage|p2a: Weezing|15/100
|move|p2a: Weezing|Pain Split|p1a: Corviknight
|-sethp|p1a: Corviknight|36/100 brn|[from] move: Pain Split|[silent]
|-sethp|p2a: Weezing|43/100|[from] move: Pain Split
|
|-damage|p1a: Corviknight|30/100 brn|[from] brn
|upkeep
|turn|16
|
|t:|1743885484
|-end|p2a: Weezing|ability: Neutralizing Gas
|-ability|p1a: Corviknight|Pressure
|switch|p2a: Alomomola|Alomomola, F|100/100
|move|p1a: Corviknight|Roost|p1a: Corviknight
|-heal|p1a: Corviknight|80/100 brn
|-singleturn|p1a: Corviknight|move: Roost
|
|-damage|p1a: Corviknight|74/100 brn|[from] brn
|upkeep
|turn|17
|
|t:|1743885491
|move|p1a: Corviknight|Roost|p1a: Corviknight
|-heal|p1a: Corviknight|100/100 brn
|-singleturn|p1a: Corviknight|move: Roost
|move|p2a: Alomomola|Wish|p2a: Alomomola
|
|-damage|p1a: Corviknight|94/100 brn|[from] brn
|upkeep
|turn|18
|
|t:|1743885499
|move|p1a: Corviknight|Iron Head|p2a: Alomomola
|-resisted|p2a: Alomomola
|-damage|p2a: Alomomola|97/100
|move|p2a: Alomomola|Flip Turn|p1a: Corviknight
|-damage|p1a: Corviknight|84/100 brn
|-damage|p2a: Alomomola|80/100|[from] item: Rocky Helmet|[of] p1a: Corviknight
|
|t:|1743885503
|switch|p2a: Ogerpon|Ogerpon-Wellspring, F|30/100|[from] Flip Turn
|
|-heal|p2a: Ogerpon|100/100|[from] move: Wish|[wisher] Alomomola
|-damage|p1a: Corviknight|78/100 brn|[from] brn
|upkeep
|turn|19
|-message|oaurea forfeited.
|
|win|Dr. Drake6782
|raw|oaurea's rating: 1177 &rarr; <strong>1154</strong><br />(-23 for losing)
|raw|Dr. Drake6782's rating: 1208 &rarr; <strong>1231</strong><br />(+23 for winning)
|l|☆oaurea
|player|p1|
