|j|☆gospel88
|j|☆TheLump
|t:|1743911732
|gametype|singles
|player|p1|gospel88|acetrainer-gen4dp|1136
|player|p2|TheLump|1|1111
|teamsize|p1|6
|teamsize|p2|6
|gen|9
|tier|[Gen 9] OU
|rated|
|rule|HP Percentage Mod: HP is shown in percentages
|rule|Endless Battle Clause: Forcing endless battles is banned
|rule|Species Clause: Limit one of each Pokémon
|rule|OHKO Clause: OHKO moves are banned
|rule|Evasion Items Clause: Evasion items are banned
|rule|Evasion Moves Clause: Evasion moves are banned
|rule|Sleep Moves Clause: Sleep-inducing moves are banned
|clearpoke
|poke|p1|Venusaur, M|
|poke|p1|Zapdos|
|poke|p1|Feraligatr, M|
|poke|p1|Ariados, F|
|poke|p1|Kingdra, M|
|poke|p1|Ceruledge, F|
|poke|p2|Venomoth, F|
|poke|p2|Victreebel, M|
|poke|p2|Torkoal, F|
|poke|p2|Iron Moth|
|poke|p2|Revavroom, F|
|poke|p2|Swalot, F|
|teampreview
|inactive|Battle timer is ON: inactive players will automatically lose when time's up. (requested by gospel88)
|inactive|TheLump has 120 seconds left.
|inactive|TheLump has 90 seconds left.
|inactive|TheLump has 60 seconds left.
|inactive|TheLump has 30 seconds left.
|
|t:|1743911900
|start
|switch|p1a: Ariados|Ariados, F, shiny|100/100
|switch|p2a: Swalot|Swalot, F|100/100
|turn|1
|inactive|TheLump has 90 seconds left.
|
|t:|1743911906
|move|p2a: Swalot|Thunder Wave|p1a: Ariados
|-status|p1a: Ariados|par
|move|p1a: Ariados|Focus Energy|p1a: Ariados
|-start|p1a: Ariados|move: Focus Energy
|
|upkeep
|turn|2
|
|t:|1743911913
|switch|p2a: Torkoal|Torkoal, F, shiny|100/100
|-weather|SunnyDay|[from] ability: Drought|[of] p2a: Torkoal
|move|p1a: Ariados|Leech Life|p2a: Torkoal
|-resisted|p2a: Torkoal
|-crit|p2a: Torkoal
|-damage|p2a: Torkoal|74/100
|
|-weather|SunnyDay|[upkeep]
|upkeep
|turn|3
|
|t:|1743911923
|move|p2a: Torkoal|Lava Plume|p1a: Ariados
|-supereffective|p1a: Ariados
|-damage|p1a: Ariados|5/100 par
|move|p1a: Ariados|Poison Jab|p2a: Torkoal
|-crit|p2a: Torkoal
|-damage|p2a: Torkoal|23/100
|-status|p2a: Torkoal|psn
|
|-weather|SunnyDay|[upkeep]
|-damage|p2a: Torkoal|10/100 psn|[from] psn
|upkeep
|turn|4
|
|t:|1743911934
|move|p1a: Ariados|Sucker Punch|p2a: Torkoal
|-crit|p2a: Torkoal
|-damage|p2a: Torkoal|0 fnt
|faint|p2a: Torkoal
|
|-weather|SunnyDay|[upkeep]
|upkeep
|
|t:|1743911954
|switch|p2a: Lowi Trusmadi|Victreebel, M|100/100
|turn|5
|
|t:|1743911958
|move|p2a: Lowi Trusmadi|Weather Ball|p1a: Ariados
|-supereffective|p1a: Ariados
|-damage|p1a: Ariados|0 fnt
|faint|p1a: Ariados
|
|-weather|SunnyDay|[upkeep]
|upkeep
|
|t:|1743911979
|switch|p1a: Venusaur|Venusaur, M|100/100
|turn|6
|
|t:|1743911983
|switch|p1a: Ceruledge|Ceruledge, F|100/100
|move|p2a: Lowi Trusmadi|Weather Ball|p1a: Ceruledge
|-start|p1a: Ceruledge|ability: Flash Fire
|
|-weather|SunnyDay|[upkeep]
|upkeep
|turn|7
|
|t:|1743911997
|switch|p2a: Swalot|Swalot, F|100/100
|move|p1a: Ceruledge|Bitter Blade|p2a: Swalot
|-damage|p2a: Swalot|2/100
|-damage|p1a: Ceruledge|32/100|[from] ability: Liquid Ooze|[of] p2a: Swalot
|
|-weather|SunnyDay|[upkeep]
|-heal|p2a: Swalot|8/100|[from] item: Black Sludge
|upkeep
|turn|8
|
|t:|1743912008
|move|p1a: Ceruledge|Bitter Blade|p2a: Swalot
|-damage|p2a: Swalot|0 fnt
|-damage|p1a: Ceruledge|27/100|[from] ability: Liquid Ooze|[of] p2a: Swalot
|faint|p2a: Swalot
|
|-weather|SunnyDay|[upkeep]
|upkeep
|
|t:|1743912016
|switch|p2a: Iron Moth|Iron Moth|100/100
|-enditem|p2a: Iron Moth|Booster Energy
|-activate|p2a: Iron Moth|ability: Quark Drive|[fromitem]
|-start|p2a: Iron Moth|quarkdrivespe
|turn|9
|
|t:|1743912031
|-end|p1a: Ceruledge|ability: Flash Fire|[silent]
|switch|p1a: Venusaur|Venusaur, M|100/100
|move|p2a: Iron Moth|Psychic|p1a: Venusaur
|-supereffective|p1a: Venusaur
|-damage|p1a: Venusaur|54/100
|
|-weather|none
|-heal|p1a: Venusaur|60/100|[from] item: Leftovers
|upkeep
|turn|10
|
|t:|1743912043
|move|p2a: Iron Moth|Fiery Dance|p1a: Venusaur
|-supereffective|p1a: Venusaur
|-damage|p1a: Venusaur|0 fnt
|-boost|p2a: Iron Moth|spa|1
|faint|p1a: Venusaur
|
|upkeep
|
|t:|1743912062
|switch|p1a: Kingdra|Kingdra, M|100/100
|turn|11
|
|t:|1743912078
|move|p2a: Iron Moth|Dazzling Gleam|p1a: Kingdra
|-supereffective|p1a: Kingdra
|-damage|p1a: Kingdra|16/100
|move|p1a: Kingdra|Scald|p2a: Iron Moth
|-supereffective|p2a: Iron Moth
|-damage|p2a: Iron Moth|32/100
|
|upkeep
|turn|12
|
|t:|1743912094
|move|p2a: Iron Moth|Sludge Wave|p1a: Kingdra
|-damage|p1a: Kingdra|0 fnt
|faint|p1a: Kingdra
|
|upkeep
|
|t:|1743912101
|switch|p1a: Zapdos|Zapdos|100/100
|turn|13
|
|t:|1743912109
|move|p2a: Iron Moth|Sludge Wave|p1a: Zapdos
|-damage|p1a: Zapdos|36/100
|move|p1a: Zapdos|Discharge|p2a: Iron Moth
|-damage|p2a: Iron Moth|0 fnt
|faint|p2a: Iron Moth
|-end|p2a: Iron Moth|Quark Drive|[silent]
|
|upkeep
|
|t:|1743912116
|switch|p2a: Revavroom|Revavroom, F|100/100
|turn|14
|
|t:|1743912122
|move|p2a: Revavroom|Shift Gear|p2a: Revavroom
|-boost|p2a: Revavroom|spe|2
|-boost|p2a: Revavroom|atk|1
|move|p1a: Zapdos|Roost|p1a: Zapdos
|-heal|p1a: Zapdos|86/100
|-singleturn|p1a: Zapdos|move: Roost
|
|upkeep
|turn|15
|inactive|TheLump has 120 seconds left.
|
|t:|1743912155
|move|p2a: Revavroom|Poison Jab|p1a: Zapdos
|-damage|p1a: Zapdos|21/100
|-damage|p2a: Revavroom|84/100|[from] item: Rocky Helmet|[of] p1a: Zapdos
|move|p1a: Zapdos|Heat Wave|p2a: Revavroom
|-supereffective|p2a: Revavroom
|-damage|p2a: Revavroom|0 fnt
|faint|p2a: Revavroom
|
|upkeep
|inactive|TheLump has 120 seconds left.
|
|t:|1743912163
|switch|p2a: Venomoth|Venomoth, F|100/100
|turn|16
|
|t:|1743912169
|-terastallize|p2a: Venomoth|Poison
|move|p2a: Venomoth|Quiver Dance|p2a: Venomoth
|-boost|p2a: Venomoth|spa|1
|-boost|p2a: Venomoth|spd|1
|-boost|p2a: Venomoth|spe|1
|move|p1a: Zapdos|Heat Wave|p2a: Venomoth
|-damage|p2a: Venomoth|66/100
|
|-heal|p2a: Venomoth|72/100|[from] item: Black Sludge
|upkeep
|turn|17
|
|t:|1743912184
|switch|p1a: Ceruledge|Ceruledge, F|27/100
|move|p2a: Venomoth|Sludge Bomb|p1a: Ceruledge
|-resisted|p1a: Ceruledge
|-damage|p1a: Ceruledge|0 fnt
|faint|p1a: Ceruledge
|
|-heal|p2a: Venomoth|78/100|[from] item: Black Sludge
|upkeep
|
|t:|1743912195
|switch|p1a: Feraligatr|Feraligatr, M|100/100
|turn|18
|
|t:|1743912212
|-terastallize|p1a: Feraligatr|Water
|move|p2a: Venomoth|Sludge Bomb|p1a: Feraligatr
|-damage|p1a: Feraligatr|0 fnt
|faint|p1a: Feraligatr
|
|-heal|p2a: Venomoth|84/100|[from] item: Black Sludge
|upkeep
|
|t:|1743912221
|switch|p1a: Zapdos|Zapdos|21/100
|turn|19
|
|t:|1743912235
|move|p2a: Venomoth|Sludge Bomb|p1a: Zapdos
|-damage|p1a: Zapdos|0 fnt
|faint|p1a: Zapdos
|
|win|TheLump
|raw|gospel88's rating: 1136 &rarr; <strong>1109</strong><br />(-27 for losing)
|raw|TheLump's rating: 1111 &rarr; <strong>1138</strong><br />(+27 for winning)
|l|☆gospel88
|player|p1|
|l|☆TheLump
|player|p2|
