|j|☆deebeeweebee
|j|☆Skibidi Toothpaste
|t:|1743842426
|gametype|singles
|player|p1|deebeeweebee|2|1168
|player|p2|Skibidi Toothpaste|volkner|1261
|teamsize|p1|6
|teamsize|p2|6
|gen|9
|tier|[Gen 9] OU
|rated|
|rule|HP Percentage Mod: HP is shown in percentages
|rule|Endless Battle Clause: Forcing endless battles is banned
|rule|Species Clause: Limit one of each Pokémon
|rule|OHKO Clause: OHKO moves are banned
|rule|Evasion Items Clause: Evasion items are banned
|rule|Evasion Moves Clause: Evasion moves are banned
|rule|Sleep Moves Clause: Sleep-inducing moves are banned
|clearpoke
|poke|p1|Orthworm, F|
|poke|p1|Clodsire, F|
|poke|p1|Pecharunt|
|poke|p1|Great Tusk|
|poke|p1|Slowking, F|
|poke|p1|Weavile, F|
|poke|p2|Grimmsnarl, M|
|poke|p2|Feraligatr, F|
|poke|p2|Dragonite, F|
|poke|p2|Great Tusk|
|poke|p2|Weavile, F|
|poke|p2|Thundurus-Therian, M|
|teampreview
|inactive|Battle timer is ON: inactive players will automatically lose when time's up. (requested by Skibidi Toothpaste)
|c|☆Skibidi Toothpaste|Hf
|c|☆deebeeweebee|U2
|c|☆Skibidi Toothpaste|Nice team, where'd ya get it?
|
|t:|1743842455
|start
|switch|p1a: Pecharunt|Pecharunt|100/100
|switch|p2a: Feraligatr|Feraligatr, F|100/100
|turn|1
|c|☆deebeeweebee|i respect the feraligatr
|c|☆deebeeweebee|pokeaim
|c|☆Skibidi Toothpaste|Ty
|
|t:|1743842476
|switch|p2a: Thundurus|Thundurus-Therian, M|100/100
|switch|p1a: Orthworm|Orthworm, F, shiny|100/100
|
|upkeep
|turn|2
|c|☆Skibidi Toothpaste|Ah, i see
|
|t:|1743842485
|switch|p1a: Clodsire|Clodsire, F, shiny|100/100
|move|p2a: Thundurus|Nasty Plot|p2a: Thundurus
|-boost|p2a: Thundurus|spa|2
|
|upkeep
|turn|3
|
|t:|1743842495
|move|p2a: Thundurus|Grass Knot|p1a: Clodsire
|-damage|p1a: Clodsire|73/100
|move|p1a: Clodsire|Toxic|p2a: Thundurus
|-status|p2a: Thundurus|tox
|
|-damage|p2a: Thundurus|94/100 tox|[from] psn
|upkeep
|turn|4
|
|t:|1743842506
|switch|p2a: Dragonite|Dragonite, F|100/100
|move|p1a: Clodsire|Toxic|p2a: Dragonite
|-status|p2a: Dragonite|tox
|
|-damage|p2a: Dragonite|94/100 tox|[from] psn
|upkeep
|turn|5
|
|t:|1743842511
|switch|p1a: Orthworm|Orthworm, F, shiny|100/100
|move|p2a: Dragonite|Dragon Dance|p2a: Dragonite
|-boost|p2a: Dragonite|atk|1
|-boost|p2a: Dragonite|spe|1
|
|-damage|p2a: Dragonite|82/100 tox|[from] psn
|upkeep
|turn|6
|inactive|Skibidi Toothpaste has 120 seconds left.
|inactive|Skibidi Toothpaste has 90 seconds left.
|
|t:|1743842574
|switch|p2a: Grimmsnarl|Grimmsnarl, M|100/100
|move|p1a: Orthworm|Iron Defense|p1a: Orthworm
|-boost|p1a: Orthworm|def|2
|
|upkeep
|turn|7
|
|t:|1743842581
|move|p2a: Grimmsnarl|Reflect|p2a: Grimmsnarl
|-sidestart|p2: Skibidi Toothpaste|Reflect
|move|p1a: Orthworm|Heavy Slam|p2a: Grimmsnarl
|-supereffective|p2a: Grimmsnarl
|-damage|p2a: Grimmsnarl|53/100
|
|upkeep
|turn|8
|
|t:|1743842587
|move|p2a: Grimmsnarl|Parting Shot|p1a: Orthworm
|-unboost|p1a: Orthworm|atk|1
|-unboost|p1a: Orthworm|spa|1
|
|t:|1743842594
|switch|p2a: Weavile|Weavile, F|100/100|[from] Parting Shot
|-ability|p2a: Weavile|Pressure
|move|p1a: Orthworm|Spikes|p2a: Weavile
|-sidestart|p2: Skibidi Toothpaste|Spikes
|
|upkeep
|turn|9
|
|t:|1743842600
|-terastallize|p2a: Weavile|Ghost
|move|p2a: Weavile|Swords Dance|p2a: Weavile
|-boost|p2a: Weavile|atk|2
|move|p1a: Orthworm|Body Press|p2a: Weavile
|-immune|p2a: Weavile
|
|upkeep
|turn|10
|
|t:|1743842626
|switch|p1a: Slowking|Slowking, F, shiny|100/100
|move|p2a: Weavile|Knock Off|p1a: Slowking
|-supereffective|p1a: Slowking
|-damage|p1a: Slowking|0 fnt
|-enditem|p1a: Slowking|Heavy-Duty Boots|[from] move: Knock Off|[of] p2a: Weavile
|faint|p1a: Slowking
|
|upkeep
|
|t:|1743842634
|switch|p1a: Pecharunt|Pecharunt|100/100
|turn|11
|inactive|deebeeweebee has 120 seconds left.
|
|t:|1743842650
|-terastallize|p1a: Pecharunt|Dark
|move|p2a: Weavile|Knock Off|p1a: Pecharunt
|-resisted|p1a: Pecharunt
|-damage|p1a: Pecharunt|77/100
|-enditem|p1a: Pecharunt|Heavy-Duty Boots|[from] move: Knock Off|[of] p2a: Weavile
|move|p1a: Pecharunt|Malignant Chain|p2a: Weavile
|-resisted|p2a: Weavile
|-damage|p2a: Weavile|81/100
|-status|p2a: Weavile|tox
|-start|p2a: Weavile|confusion|[from] ability: Poison Puppeteer|[of] p1a: Pecharunt
|
|-damage|p2a: Weavile|75/100 tox|[from] psn
|upkeep
|turn|12
|
|t:|1743842658
|-activate|p2a: Weavile|confusion
|-damage|p2a: Weavile|33/100 tox|[from] confusion
|move|p1a: Pecharunt|Hex|p2a: Weavile
|-supereffective|p2a: Weavile
|-damage|p2a: Weavile|0 fnt
|faint|p2a: Weavile
|
|upkeep
|
|t:|1743842667
|switch|p2a: Feraligatr|Feraligatr, F|100/100
|-damage|p2a: Feraligatr|88/100|[from] Spikes
|turn|13
|inactive|deebeeweebee has 120 seconds left.
|
|t:|1743842693
|switch|p1a: Clodsire|Clodsire, F, shiny|73/100
|move|p2a: Feraligatr|Agility|p2a: Feraligatr
|-boost|p2a: Feraligatr|spe|2
|
|upkeep
|turn|14
|inactive|deebeeweebee has 120 seconds left.
|inactive|Skibidi Toothpaste has 120 seconds left.
|
|t:|1743842743
|move|p2a: Feraligatr|Swords Dance|p2a: Feraligatr
|-boost|p2a: Feraligatr|atk|2
|move|p1a: Clodsire|Toxic|p2a: Feraligatr
|-status|p2a: Feraligatr|tox
|
|-damage|p2a: Feraligatr|82/100 tox|[from] psn
|-sideend|p2: Skibidi Toothpaste|Reflect
|upkeep
|turn|15
|inactive|deebeeweebee has 120 seconds left.
|
|t:|1743842764
|switch|p1a: Orthworm|Orthworm, F, shiny|100/100
|move|p2a: Feraligatr|Liquidation|p1a: Orthworm
|-damage|p1a: Orthworm|32/100
|-damage|p2a: Feraligatr|66/100 tox|[from] item: Rocky Helmet|[of] p1a: Orthworm
|
|-damage|p2a: Feraligatr|54/100 tox|[from] psn
|upkeep
|turn|16
|
|t:|1743842770
|move|p2a: Feraligatr|Liquidation|p1a: Orthworm
|-damage|p1a: Orthworm|0 fnt
|-damage|p2a: Feraligatr|37/100 tox|[from] item: Rocky Helmet|[of] p1a: Orthworm
|faint|p1a: Orthworm
|
|-damage|p2a: Feraligatr|19/100 tox|[from] psn
|upkeep
|
|t:|1743842782
|switch|p1a: Weavile|Weavile, F, shiny|100/100
|-ability|p1a: Weavile|Pressure
|turn|17
|
|t:|1743842785
|move|p1a: Weavile|Ice Shard|p2a: Feraligatr
|-resisted|p2a: Feraligatr
|-damage|p2a: Feraligatr|8/100 tox
|move|p2a: Feraligatr|Liquidation|p1a: Weavile
|-damage|p1a: Weavile|0 fnt
|faint|p1a: Weavile
|
|-damage|p2a: Feraligatr|0 fnt|[from] psn
|faint|p2a: Feraligatr
|upkeep
|inactive|deebeeweebee has 120 seconds left.
|
|t:|1743842798
|switch|p1a: Pecharunt|Pecharunt, tera:Dark|77/100
|switch|p2a: Grimmsnarl|Grimmsnarl, M|53/100
|-damage|p2a: Grimmsnarl|41/100|[from] Spikes
|turn|18
|
|t:|1743842810
|switch|p1a: Clodsire|Clodsire, F, shiny|73/100
|move|p2a: Grimmsnarl|Light Screen|p2a: Grimmsnarl
|-sidestart|p2: Skibidi Toothpaste|move: Light Screen
|
|upkeep
|turn|19
|
|t:|1743842817
|move|p2a: Grimmsnarl|Reflect|p2a: Grimmsnarl
|-sidestart|p2: Skibidi Toothpaste|Reflect
|move|p1a: Clodsire|Toxic|p2a: Grimmsnarl
|-status|p2a: Grimmsnarl|tox
|
|-damage|p2a: Grimmsnarl|35/100 tox|[from] psn
|upkeep
|turn|20
|
|t:|1743842829
|move|p2a: Grimmsnarl|Parting Shot|p1a: Clodsire
|-unboost|p1a: Clodsire|atk|1
|-unboost|p1a: Clodsire|spa|1
|
|t:|1743842844
|switch|p2a: Dragonite|Dragonite, F|82/100 tox|[from] Parting Shot
|move|p1a: Clodsire|Toxic|p2a: Dragonite
|-fail|p2a: Dragonite|tox
|
|-damage|p2a: Dragonite|76/100 tox|[from] psn
|upkeep
|turn|21
|
|t:|1743842854
|switch|p1a: Great Tusk|Great Tusk, shiny|100/100
|move|p2a: Dragonite|Dragon Dance|p2a: Dragonite
|-boost|p2a: Dragonite|atk|1
|-boost|p2a: Dragonite|spe|1
|
|-damage|p2a: Dragonite|63/100 tox|[from] psn
|upkeep
|turn|22
|
|t:|1743842863
|move|p2a: Dragonite|Ice Spinner|p1a: Great Tusk
|-supereffective|p1a: Great Tusk
|-damage|p1a: Great Tusk|27/100
|move|p1a: Great Tusk|Ice Spinner|p2a: Dragonite
|-supereffective|p2a: Dragonite
|-damage|p2a: Dragonite|5/100 tox
|
|-damage|p2a: Dragonite|0 fnt|[from] psn
|faint|p2a: Dragonite
|upkeep
|
|t:|1743842870
|switch|p2a: Thundurus|Thundurus-Therian, M|94/100 tox
|turn|23
|
|t:|1743842874
|-end|p1a: Great Tusk|Protosynthesis|[silent]
|switch|p1a: Clodsire|Clodsire, F, shiny|73/100
|move|p2a: Thundurus|Grass Knot|p1a: Clodsire
|-damage|p1a: Clodsire|46/100
|
|-damage|p2a: Thundurus|88/100 tox|[from] psn
|upkeep
|turn|24
|
|t:|1743842879
|move|p2a: Thundurus|Grass Knot|p1a: Clodsire
|-damage|p1a: Clodsire|22/100
|move|p1a: Clodsire|Recover|p1a: Clodsire
|-heal|p1a: Clodsire|72/100
|
|-damage|p2a: Thundurus|76/100 tox|[from] psn
|upkeep
|turn|25
|
|t:|1743842887
|switch|p2a: Great Tusk|Great Tusk|100/100
|move|p1a: Clodsire|Stealth Rock|p2a: Great Tusk
|-sidestart|p2: Skibidi Toothpaste|move: Stealth Rock
|
|-sideend|p2: Skibidi Toothpaste|move: Light Screen
|upkeep
|turn|26
|
|t:|1743842907
|switch|p1a: Great Tusk|Great Tusk, shiny|27/100
|move|p2a: Great Tusk|Headlong Rush|p1a: Great Tusk
|-damage|p1a: Great Tusk|0 fnt
|-unboost|p2a: Great Tusk|def|1
|-unboost|p2a: Great Tusk|spd|1
|faint|p1a: Great Tusk
|-end|p1a: Great Tusk|Protosynthesis|[silent]
|
|-sideend|p2: Skibidi Toothpaste|Reflect
|upkeep
|
|t:|1743842919
|switch|p1a: Pecharunt|Pecharunt, tera:Dark|77/100
|turn|27
|
|t:|1743842924
|-end|p2a: Great Tusk|Protosynthesis|[silent]
|switch|p2a: Grimmsnarl|Grimmsnarl, M|35/100 tox
|-damage|p2a: Grimmsnarl|22/100 tox|[from] Spikes
|-damage|p2a: Grimmsnarl|10/100 tox|[from] Stealth Rock
|move|p1a: Pecharunt|Hex|p2a: Grimmsnarl
|-resisted|p2a: Grimmsnarl
|-damage|p2a: Grimmsnarl|0 fnt
|faint|p2a: Grimmsnarl
|
|upkeep
|
|t:|1743842928
|switch|p2a: Thundurus|Thundurus-Therian, M|76/100 tox
|-damage|p2a: Thundurus|52/100 tox|[from] Stealth Rock
|turn|28
|
|t:|1743842935
|switch|p1a: Clodsire|Clodsire, F, shiny|72/100
|move|p2a: Thundurus|Thunderbolt|p1a: Clodsire
|-immune|p1a: Clodsire
|
|-damage|p2a: Thundurus|46/100 tox|[from] psn
|upkeep
|turn|29
|
|t:|1743842950
|switch|p2a: Great Tusk|Great Tusk|100/100
|move|p1a: Clodsire|Toxic|p2a: Great Tusk
|-status|p2a: Great Tusk|tox
|
|-damage|p2a: Great Tusk|94/100 tox|[from] psn
|upkeep
|turn|30
|
|t:|1743842963
|switch|p1a: Pecharunt|Pecharunt, tera:Dark|77/100
|move|p2a: Great Tusk|Bulk Up|p2a: Great Tusk
|-boost|p2a: Great Tusk|atk|1
|-boost|p2a: Great Tusk|def|1
|
|-damage|p2a: Great Tusk|82/100 tox|[from] psn
|upkeep
|turn|31
|
|t:|1743842972
|move|p2a: Great Tusk|Close Combat|p1a: Pecharunt
|-supereffective|p1a: Pecharunt
|-damage|p1a: Pecharunt|6/100
|-unboost|p2a: Great Tusk|def|1
|-unboost|p2a: Great Tusk|spd|1
|move|p1a: Pecharunt|Hex|p2a: Great Tusk
|-damage|p2a: Great Tusk|7/100 tox
|
|-damage|p2a: Great Tusk|0 fnt|[from] psn
|faint|p2a: Great Tusk
|-end|p2a: Great Tusk|Protosynthesis|[silent]
|upkeep
|
|t:|1743842976
|switch|p2a: Thundurus|Thundurus-Therian, M|46/100 tox
|-damage|p2a: Thundurus|21/100 tox|[from] Stealth Rock
|turn|32
|
|t:|1743842986
|move|p2a: Thundurus|Grass Knot|p1a: Pecharunt
|-damage|p1a: Pecharunt|0 fnt
|faint|p1a: Pecharunt
|
|-damage|p2a: Thundurus|15/100 tox|[from] psn
|upkeep
|inactive|deebeeweebee has 120 seconds left.
|c|☆deebeeweebee|ive never toxic'd that many mons
|
|t:|1743843024
|switch|p1a: Clodsire|Clodsire, F, shiny|72/100
|turn|33
|c|☆Skibidi Toothpaste|Lol
|c|☆Skibidi Toothpaste|I've just fucked around this entire game
|inactive|Skibidi Toothpaste has 120 seconds left.
|c|☆Skibidi Toothpaste|Just testing out Feraligatr for a tour
|inactive|Skibidi Toothpaste has 90 seconds left.
|inactive|Skibidi Toothpaste has 60 seconds left.
|c|☆Skibidi Toothpaste|Also, shout out goes to Sanesa8724 for the team that you're presently piloting
|
|t:|1743843140
|move|p2a: Thundurus|Grass Knot|p1a: Clodsire
|-damage|p1a: Clodsire|45/100
|move|p1a: Clodsire|Recover|p1a: Clodsire
|-heal|p1a: Clodsire|95/100
|
|-damage|p2a: Thundurus|3/100 tox|[from] psn
|upkeep
|turn|34
|
|t:|1743843147
|move|p2a: Thundurus|Grass Knot|p1a: Clodsire
|-damage|p1a: Clodsire|71/100
|move|p1a: Clodsire|Earthquake|p2a: Thundurus
|-immune|p2a: Thundurus
|
|-damage|p2a: Thundurus|0 fnt|[from] psn
|faint|p2a: Thundurus
|
|win|deebeeweebee
|raw|deebeeweebee's rating: 1168 &rarr; <strong>1200</strong><br />(+32 for winning)
|raw|Skibidi Toothpaste's rating: 1261 &rarr; <strong>1229</strong><br />(-32 for losing)
|l|☆deebeeweebee
|player|p1|
|l|☆Skibidi Toothpaste
|player|p2|
