|j|☆morggort
|j|☆WEBBERRYAN98
|t:|1743827477
|gametype|singles
|player|p1|morggort|giovanni|1120
|player|p2|WEBBERRYAN98|102|1161
|teamsize|p1|6
|teamsize|p2|6
|gen|9
|tier|[Gen 9] OU
|rated|
|rule|HP Percentage Mod: HP is shown in percentages
|rule|Endless Battle Clause: Forcing endless battles is banned
|rule|Species Clause: Limit one of each Pokémon
|rule|OHKO Clause: OHKO moves are banned
|rule|Evasion Items Clause: Evasion items are banned
|rule|Evasion Moves Clause: Evasion moves are banned
|rule|Sleep Moves Clause: Sleep-inducing moves are banned
|clearpoke
|poke|p1|Slowking-Galar, M|
|poke|p1|Ursaluna, M|
|poke|p1|Greninja-*, M|
|poke|p1|Gallade, M|
|poke|p1|Skarmory, F|
|poke|p1|Mamoswine, F|
|poke|p2|Magnezone|
|poke|p2|Skeledirge, F|
|poke|p2|Hoopa-Unbound|
|poke|p2|Toxapex, F|
|poke|p2|Landorus-Therian, M|
|poke|p2|Ogerpon, F|
|teampreview
|
|t:|1743827502
|start
|switch|p1a: Greninja|Greninja, M|100/100
|switch|p2a: Landorus|Landorus-Therian, M|100/100
|-ability|p2a: Landorus|Intimidate|boost
|-unboost|p1a: Greninja|atk|1
|turn|1
|
|t:|1743827510
|switch|p2a: Toxapex|Toxapex, F|100/100
|move|p1a: Greninja|Toxic Spikes|p2a: Toxapex
|-sidestart|p2: WEBBERRYAN98|move: Toxic Spikes
|
|upkeep
|turn|2
|
|t:|1743827522
|move|p1a: Greninja|Dark Pulse|p2a: Toxapex
|-damage|p2a: Toxapex|75/100
|move|p2a: Toxapex|Toxic|p1a: Greninja
|-status|p1a: Greninja|tox
|
|-heal|p2a: Toxapex|82/100|[from] item: Black Sludge
|-damage|p1a: Greninja|94/100 tox|[from] psn
|upkeep
|turn|3
|
|t:|1743827545
|switch|p1a: Slowking|Slowking-Galar, M|100/100
|move|p2a: Toxapex|Recover|p2a: Toxapex
|-heal|p2a: Toxapex|100/100
|
|upkeep
|turn|4
|inactive|Battle timer is ON: inactive players will automatically lose when time's up. (requested by morggort)
|
|t:|1743827563
|switch|p2a: Magnezone|Magnezone|100/100
|move|p1a: Slowking|Calm Mind|p1a: Slowking
|-boost|p1a: Slowking|spa|1
|-boost|p1a: Slowking|spd|1
|
|upkeep
|turn|5
|
|t:|1743827570
|move|p2a: Magnezone|Volt Switch|p1a: Slowking
|-damage|p1a: Slowking|72/100
|
|t:|1743827576
|switch|p2a: Landorus|Landorus-Therian, M|100/100|[from] Volt Switch
|-ability|p2a: Landorus|Intimidate|boost
|-unboost|p1a: Slowking|atk|1
|move|p1a: Slowking|Flamethrower|p2a: Landorus
|-damage|p2a: Landorus|48/100
|
|-heal|p1a: Slowking|78/100|[from] item: Leftovers
|upkeep
|turn|6
|
|t:|1743827593
|switch|p1a: Skarmory|Skarmory, F|100/100
|move|p2a: Landorus|Earthquake|p1a: Skarmory
|-immune|p1a: Skarmory
|
|upkeep
|turn|7
|
|t:|1743827604
|switch|p2a: Magnezone|Magnezone|100/100
|move|p1a: Skarmory|Spikes|p2a: Magnezone
|-sidestart|p2: WEBBERRYAN98|Spikes
|
|upkeep
|turn|8
|inactive|morggort has 120 seconds left.
|
|t:|1743827643
|move|p2a: Magnezone|Discharge|p1a: Skarmory
|-supereffective|p1a: Skarmory
|-damage|p1a: Skarmory|0 fnt
|faint|p1a: Skarmory
|
|upkeep
|
|t:|1743827648
|switch|p1a: Mamoswine|Mamoswine, F|100/100
|turn|9
|inactive|WEBBERRYAN98 has 120 seconds left.
|
|t:|1743827682
|switch|p2a: Landorus|Landorus-Therian, M|48/100
|-ability|p2a: Landorus|Intimidate|boost
|-unboost|p1a: Mamoswine|atk|1
|move|p1a: Mamoswine|Earthquake|p2a: Landorus
|-immune|p2a: Landorus
|
|upkeep
|turn|10
|inactive|WEBBERRYAN98 has 120 seconds left.
|
|t:|1743827709
|switch|p1a: Ursaluna|Ursaluna, M|100/100
|move|p2a: Landorus|Earthquake|p1a: Ursaluna
|-crit|p1a: Ursaluna
|-damage|p1a: Ursaluna|22/100
|
|-status|p1a: Ursaluna|brn|[from] item: Flame Orb
|upkeep
|turn|11
|
|t:|1743827719
|move|p2a: Landorus|Earthquake|p1a: Ursaluna
|-damage|p1a: Ursaluna|0 fnt
|faint|p1a: Ursaluna
|
|upkeep
|
|t:|1743827729
|switch|p1a: Mamoswine|Mamoswine, F|100/100
|turn|12
|inactive|WEBBERRYAN98 has 120 seconds left.
|
|t:|1743827748
|switch|p2a: Toxapex|Toxapex, F|100/100
|-sideend|p2: WEBBERRYAN98|move: Toxic Spikes|[of] p2a: Toxapex
|-damage|p2a: Toxapex|88/100|[from] Spikes
|move|p1a: Mamoswine|Icicle Crash|p2a: Toxapex
|-resisted|p2a: Toxapex
|-damage|p2a: Toxapex|72/100
|
|-heal|p2a: Toxapex|78/100|[from] item: Black Sludge
|upkeep
|turn|13
|
|t:|1743827760
|switch|p1a: Slowking|Slowking-Galar, M|100/100
|switch|p2a: Landorus|Landorus-Therian, M|48/100
|-ability|p2a: Landorus|Intimidate|boost
|-unboost|p1a: Slowking|atk|1
|
|upkeep
|turn|14
|inactive|WEBBERRYAN98 has 120 seconds left.
|
|t:|1743827776
|move|p2a: Landorus|Earthquake|p1a: Slowking
|-supereffective|p1a: Slowking
|-damage|p1a: Slowking|0 fnt
|faint|p1a: Slowking
|
|upkeep
|
|t:|1743827783
|switch|p1a: Mamoswine|Mamoswine, F|100/100
|turn|15
|
|t:|1743827797
|switch|p2a: Toxapex|Toxapex, F|100/100
|-damage|p2a: Toxapex|88/100|[from] Spikes
|move|p1a: Mamoswine|Earthquake|p2a: Toxapex
|-supereffective|p2a: Toxapex
|-damage|p2a: Toxapex|2/100
|
|-heal|p2a: Toxapex|9/100|[from] item: Black Sludge
|upkeep
|turn|16
|
|t:|1743827810
|switch|p1a: Greninja|Greninja, M|94/100 tox
|switch|p2a: Landorus|Landorus-Therian, M|48/100
|-ability|p2a: Landorus|Intimidate|boost
|-unboost|p1a: Greninja|atk|1
|
|-heal|p1a: Greninja|100/100 tox|[from] item: Leftovers
|-damage|p1a: Greninja|94/100 tox|[from] psn
|upkeep
|turn|17
|
|t:|1743827820
|switch|p2a: Toxapex|Toxapex, F|42/100
|-damage|p2a: Toxapex|29/100|[from] Spikes
|move|p1a: Greninja|Hydro Pump|p2a: Toxapex
|-resisted|p2a: Toxapex
|-damage|p2a: Toxapex|14/100
|
|-heal|p1a: Greninja|100/100 tox|[from] item: Leftovers
|-heal|p2a: Toxapex|20/100|[from] item: Black Sludge
|-damage|p1a: Greninja|88/100 tox|[from] psn
|upkeep
|turn|18
|
|t:|1743827831
|move|p1a: Greninja|Dark Pulse|p2a: Toxapex
|-damage|p2a: Toxapex|0 fnt
|faint|p2a: Toxapex
|-ability|p1a: Greninja|Battle Bond|boost
|-boost|p1a: Greninja|atk|1
|-boost|p1a: Greninja|spa|1
|-boost|p1a: Greninja|spe|1
|-activate|p1a: Greninja|ability: Battle Bond
|
|-heal|p1a: Greninja|94/100 tox|[from] item: Leftovers
|-damage|p1a: Greninja|76/100 tox|[from] psn
|upkeep
|inactive|WEBBERRYAN98 has 120 seconds left.
|
|t:|1743827861
|switch|p2a: Ogerpon|Ogerpon, F|100/100
|-damage|p2a: Ogerpon|88/100|[from] Spikes
|turn|19
|
|t:|1743827872
|move|p2a: Ogerpon|Ivy Cudgel|p1a: Greninja
|-supereffective|p1a: Greninja
|-damage|p1a: Greninja|0 fnt
|faint|p1a: Greninja
|
|upkeep
|
|t:|1743827881
|switch|p1a: Gallade|Gallade, M|100/100
|turn|20
|inactive|WEBBERRYAN98 has 120 seconds left.
|
|t:|1743827891
|move|p2a: Ogerpon|Ivy Cudgel|p1a: Gallade
|-damage|p1a: Gallade|23/100
|move|p1a: Gallade|Psycho Cut|p2a: Ogerpon
|-damage|p2a: Ogerpon|16/100
|
|upkeep
|turn|21
|inactive|WEBBERRYAN98 has 120 seconds left.
|
|t:|1743827898
|move|p2a: Ogerpon|Ivy Cudgel|p1a: Gallade
|-crit|p1a: Gallade
|-damage|p1a: Gallade|0 fnt
|faint|p1a: Gallade
|
|upkeep
|
|t:|1743827903
|switch|p1a: Mamoswine|Mamoswine, F|100/100
|turn|22
|
|t:|1743827909
|move|p2a: Ogerpon|Ivy Cudgel|p1a: Mamoswine
|-supereffective|p1a: Mamoswine
|-damage|p1a: Mamoswine|0 fnt
|faint|p1a: Mamoswine
|
|win|WEBBERRYAN98
|raw|morggort's rating: 1120 &rarr; <strong>1098</strong><br />(-22 for losing)
|raw|WEBBERRYAN98's rating: 1161 &rarr; <strong>1183</strong><br />(+22 for winning)
|l|☆morggort
|player|p1|
|l|☆WEBBERRYAN98
|player|p2|
