|j|☆abroba27
|j|☆waterdrinker48
|t:|1743887772
|gametype|singles
|player|p1|abroba27|cynthia-gen4|1151
|player|p2|waterdrinker48|pokemaniac|1112
|teamsize|p1|6
|teamsize|p2|6
|gen|9
|tier|[Gen 9] OU
|rated|
|rule|HP Percentage Mod: HP is shown in percentages
|rule|Endless Battle Clause: Forcing endless battles is banned
|rule|Species Clause: Limit one of each Pokémon
|rule|OHKO Clause: OHKO moves are banned
|rule|Evasion Items Clause: Evasion items are banned
|rule|Evasion Moves Clause: Evasion moves are banned
|rule|Sleep Moves Clause: Sleep-inducing moves are banned
|clearpoke
|poke|p1|Chansey, F|
|poke|p1|Blissey, F|
|poke|p1|Banette, M|
|poke|p1|Gliscor, F|
|poke|p1|Samurott-Hisui, M|
|poke|p1|Slowking-Galar, F|
|poke|p2|Bellibolt, F|
|poke|p2|Great Tusk|
|poke|p2|Slowking-Galar, F|
|poke|p2|Kyurem|
|poke|p2|Corviknight, M|
|poke|p2|Iron Boulder|
|teampreview
|inactive|Battle timer is ON: inactive players will automatically lose when time's up. (requested by waterdrinker48)
|inactive|abroba27 also wants the timer to be on.
|
|t:|1743887782
|start
|switch|p1a: Gliscor|Gliscor, F|100/100
|switch|p2a: Bellibolt|Bellibolt, F|100/100
|turn|1
|
|t:|1743887789
|move|p1a: Gliscor|Swords Dance|p1a: Gliscor
|-boost|p1a: Gliscor|atk|2
|move|p2a: Bellibolt|Soak|p1a: Gliscor
|-start|p1a: Gliscor|typechange|Water
|
|-status|p1a: Gliscor|tox|[from] item: Toxic Orb
|upkeep
|turn|2
|
|t:|1743887793
|move|p1a: Gliscor|Earthquake|p2a: Bellibolt
|-supereffective|p2a: Bellibolt
|-damage|p2a: Bellibolt|0 fnt
|faint|p2a: Bellibolt
|
|upkeep
|
|t:|1743887796
|switch|p2a: Kyurem|Kyurem|100/100
|-ability|p2a: Kyurem|Pressure
|turn|3
|
|t:|1743887802
|move|p1a: Gliscor|Earthquake|p2a: Kyurem
|-damage|p2a: Kyurem|46/100
|move|p2a: Kyurem|Freeze-Dry|p1a: Gliscor
|-supereffective|p1a: Gliscor
|-damage|p1a: Gliscor|0 fnt
|faint|p1a: Gliscor
|
|upkeep
|
|t:|1743887813
|switch|p1a: Blissey|Blissey, F|100/100
|turn|4
|
|t:|1743887829
|switch|p2a: Slowking|Slowking-Galar, F|100/100
|move|p1a: Blissey|Flamethrower|p2a: Slowking
|-damage|p2a: Slowking|83/100
|
|upkeep
|turn|5
|
|t:|1743887838
|switch|p1a: Slowking|Slowking-Galar, F|100/100
|-prepare|p2a: Slowking|Chilly Reception|[premajor]
|move|p2a: Slowking|Chilly Reception|p2a: Slowking
|-weather|Snowscape
|
|t:|1743887843
|switch|p2a: Great Tusk|Great Tusk|100/100|[from] Chilly Reception
|
|-weather|Snowscape|[upkeep]
|upkeep
|turn|6
|
|t:|1743887847
|move|p2a: Great Tusk|Headlong Rush|p1a: Slowking
|-supereffective|p1a: Slowking
|-damage|p1a: Slowking|0 fnt
|-unboost|p2a: Great Tusk|def|1
|-unboost|p2a: Great Tusk|spd|1
|faint|p1a: Slowking
|
|-weather|Snowscape|[upkeep]
|upkeep
|
|t:|1743887850
|switch|p1a: Samurott|Samurott-Hisui, M|100/100
|turn|7
|
|t:|1743887856
|-end|p2a: Great Tusk|Protosynthesis|[silent]
|switch|p2a: Corviknight|Corviknight, M|100/100
|-ability|p2a: Corviknight|Pressure
|move|p1a: Samurott|Swords Dance|p1a: Samurott
|-boost|p1a: Samurott|atk|2
|
|-weather|Snowscape|[upkeep]
|upkeep
|turn|8
|
|t:|1743887860
|move|p1a: Samurott|Swords Dance|p1a: Samurott
|-boost|p1a: Samurott|atk|2
|move|p2a: Corviknight|Iron Defense|p2a: Corviknight
|-boost|p2a: Corviknight|def|2
|
|-weather|Snowscape|[upkeep]
|upkeep
|turn|9
|
|t:|1743887864
|-terastallize|p1a: Samurott|Water
|move|p1a: Samurott|Aqua Cutter|p2a: Corviknight
|-damage|p2a: Corviknight|21/100
|move|p2a: Corviknight|Body Press|p1a: Samurott
|-damage|p1a: Samurott|54/100
|
|-weather|none
|upkeep
|turn|10
|
|t:|1743887870
|move|p1a: Samurott|Aqua Cutter|p2a: Corviknight
|-damage|p2a: Corviknight|0 fnt
|faint|p2a: Corviknight
|
|upkeep
|
|t:|1743887875
|switch|p2a: Kyurem|Kyurem|46/100
|-ability|p2a: Kyurem|Pressure
|turn|11
|
|t:|1743887880
|move|p1a: Samurott|Sucker Punch|p2a: Kyurem
|-damage|p2a: Kyurem|0 fnt
|faint|p2a: Kyurem
|
|upkeep
|
|t:|1743887891
|switch|p2a: Great Tusk|Great Tusk|100/100
|turn|12
|
|t:|1743887895
|move|p2a: Great Tusk|Headlong Rush|p1a: Samurott
|-damage|p1a: Samurott|0 fnt
|-unboost|p2a: Great Tusk|def|1
|-unboost|p2a: Great Tusk|spd|1
|faint|p1a: Samurott
|
|upkeep
|
|t:|1743887900
|switch|p1a: Banette|Banette, M|100/100
|turn|13
|
|t:|1743887904
|move|p2a: Great Tusk|Rapid Spin|p1a: Banette
|-immune|p1a: Banette
|move|p1a: Banette|Swords Dance|p1a: Banette
|-boost|p1a: Banette|atk|2
|
|upkeep
|turn|14
|
|t:|1743887907
|move|p2a: Great Tusk|Headlong Rush|p1a: Banette
|-damage|p1a: Banette|0 fnt
|-unboost|p2a: Great Tusk|def|1
|-unboost|p2a: Great Tusk|spd|1
|faint|p1a: Banette
|
|upkeep
|
|t:|1743887911
|switch|p1a: Blissey|Blissey, F|100/100
|turn|15
|
|t:|1743887914
|move|p2a: Great Tusk|Headlong Rush|p1a: Blissey
|-damage|p1a: Blissey|0 fnt
|-unboost|p2a: Great Tusk|def|1
|-unboost|p2a: Great Tusk|spd|1
|faint|p1a: Blissey
|
|upkeep
|
|t:|1743887917
|switch|p1a: Chansey|Chansey, F|100/100
|turn|16
|
|t:|1743887919
|move|p2a: Great Tusk|Headlong Rush|p1a: Chansey
|-crit|p1a: Chansey
|-damage|p1a: Chansey|0 fnt
|-unboost|p2a: Great Tusk|def|1
|-unboost|p2a: Great Tusk|spd|1
|faint|p1a: Chansey
|
|win|waterdrinker48
|raw|abroba27's rating: 1151 &rarr; <strong>1123</strong><br />(-28 for losing)
|raw|waterdrinker48's rating: 1112 &rarr; <strong>1140</strong><br />(+28 for winning)
|l|☆abroba27
|player|p1|
|l|☆waterdrinker48
|player|p2|
