|j|☆Slimypits
|j|☆SubDivine
|t:|1743912192
|gametype|singles
|player|p1|Slimypits|1|1127
|player|p2|SubDivine|chase|1114
|teamsize|p1|6
|teamsize|p2|6
|gen|9
|tier|[Gen 9] OU
|rated|
|rule|HP Percentage Mod: HP is shown in percentages
|rule|Endless Battle Clause: Forcing endless battles is banned
|rule|Species Clause: Limit one of each Pokémon
|rule|OHKO Clause: OHKO moves are banned
|rule|Evasion Items Clause: Evasion items are banned
|rule|Evasion Moves Clause: Evasion moves are banned
|rule|Sleep Moves Clause: Sleep-inducing moves are banned
|clearpoke
|poke|p1|Ninetales-Alola, M|
|poke|p1|Great Tusk|
|poke|p1|Ogerpon-Wellspring, F|
|poke|p1|Blaziken, M|
|poke|p1|Gholdengo|
|poke|p1|Samurott-Hisui, F|
|poke|p2|Tauros, M|
|poke|p2|Torterra, M|
|poke|p2|Talonflame, M|
|poke|p2|Weavile, M|
|poke|p2|Hoopa-Unbound|
|poke|p2|Garganacl, M|
|teampreview
|inactive|Battle timer is ON: inactive players will automatically lose when time's up. (requested by SubDivine)
|
|t:|1743912203
|start
|switch|p1a: Ninetales|Ninetales-Alola, M|100/100
|switch|p2a: Talonflame|Talonflame, M|100/100
|-weather|Snowscape|[from] ability: Snow Warning|[of] p1a: Ninetales
|turn|1
|
|t:|1743912213
|move|p2a: Talonflame|Flare Blitz|p1a: Ninetales
|-supereffective|p1a: Ninetales
|-damage|p1a: Ninetales|24/100
|-damage|p2a: Talonflame|71/100|[from] Recoil
|move|p1a: Ninetales|Aurora Veil|p1a: Ninetales
|-sidestart|p1: Slimypits|move: Aurora Veil
|
|-weather|Snowscape|[upkeep]
|upkeep
|turn|2
|
|t:|1743912220
|switch|p1a: Blaziken|Blaziken, M|100/100
|move|p2a: Talonflame|Flare Blitz|p1a: Blaziken
|-resisted|p1a: Blaziken
|-damage|p1a: Blaziken|85/100
|-damage|p2a: Talonflame|65/100|[from] Recoil
|
|-weather|Snowscape|[upkeep]
|-heal|p1a: Blaziken|91/100|[from] item: Leftovers
|upkeep
|turn|3
|l|☆Slimypits
|inactive|Slimypits disconnected and has a minute to reconnect!
|player|p1|
|j|☆Slimypits
|inactive|Slimypits reconnected and has 135 seconds left.
|player|p1|Slimypits|1|
|
|t:|1743912242
|move|p2a: Talonflame|Defog|p1a: Blaziken
|-unboost|p1a: Blaziken|evasion|1
|-sideend|p1: Slimypits|move: Aurora Veil
|move|p1a: Blaziken|Swords Dance|p1a: Blaziken
|-boost|p1a: Blaziken|atk|2
|
|-weather|Snowscape|[upkeep]
|-heal|p1a: Blaziken|97/100|[from] item: Leftovers
|-ability|p1a: Blaziken|Speed Boost|boost
|-boost|p1a: Blaziken|spe|1
|upkeep
|turn|4
|
|t:|1743912257
|switch|p2a: Garganacl|Garganacl, M, shiny|100/100
|move|p1a: Blaziken|Protect||[still]
|-fail|p1a: Blaziken
|
|-weather|Snowscape|[upkeep]
|-heal|p1a: Blaziken|100/100|[from] item: Leftovers
|-ability|p1a: Blaziken|Speed Boost|boost
|-boost|p1a: Blaziken|spe|1
|upkeep
|turn|5
|
|t:|1743912262
|move|p1a: Blaziken|Close Combat|p2a: Garganacl
|-supereffective|p2a: Garganacl
|-damage|p2a: Garganacl|0 fnt
|-unboost|p1a: Blaziken|def|1
|-unboost|p1a: Blaziken|spd|1
|faint|p2a: Garganacl
|
|-weather|none
|-ability|p1a: Blaziken|Speed Boost|boost
|-boost|p1a: Blaziken|spe|1
|upkeep
|
|t:|1743912273
|switch|p2a: Tauros|Tauros, M|100/100
|turn|6
|
|t:|1743912277
|-terastallize|p2a: Tauros|Psychic
|move|p1a: Blaziken|Protect|p1a: Blaziken
|-singleturn|p1a: Blaziken|Protect
|move|p2a: Tauros|Zen Headbutt|p1a: Blaziken
|-activate|p1a: Blaziken|move: Protect
|
|-ability|p1a: Blaziken|Speed Boost|boost
|-boost|p1a: Blaziken|spe|1
|upkeep
|turn|7
|
|t:|1743912279
|move|p1a: Blaziken|Flare Blitz|p2a: Tauros
|-damage|p2a: Tauros|0 fnt
|faint|p2a: Tauros
|-damage|p1a: Blaziken|69/100|[from] Recoil
|
|-heal|p1a: Blaziken|75/100|[from] item: Leftovers
|-ability|p1a: Blaziken|Speed Boost|boost
|-boost|p1a: Blaziken|spe|1
|upkeep
|
|t:|1743912285
|switch|p2a: Weavile|Weavile, M|100/100
|-ability|p2a: Weavile|Pressure
|turn|8
|
|t:|1743912287
|move|p2a: Weavile|Ice Shard|p1a: Blaziken
|-resisted|p1a: Blaziken
|-damage|p1a: Blaziken|41/100
|move|p1a: Blaziken|Close Combat|p2a: Weavile
|-supereffective|p2a: Weavile
|-damage|p2a: Weavile|0 fnt
|-unboost|p1a: Blaziken|def|1
|-unboost|p1a: Blaziken|spd|1
|faint|p2a: Weavile
|
|-heal|p1a: Blaziken|47/100|[from] item: Leftovers
|-ability|p1a: Blaziken|Speed Boost|boost
|-boost|p1a: Blaziken|spe|1
|upkeep
|
|t:|1743912291
|switch|p2a: Talonflame|Talonflame, M|65/100
|turn|9
|
|t:|1743912295
|move|p1a: Blaziken|Close Combat|p2a: Talonflame
|-resisted|p2a: Talonflame
|-damage|p2a: Talonflame|0 fnt
|-unboost|p1a: Blaziken|def|1
|-unboost|p1a: Blaziken|spd|1
|faint|p2a: Talonflame
|
|-heal|p1a: Blaziken|53/100|[from] item: Leftovers
|upkeep
|-message|SubDivine forfeited.
|
|win|Slimypits
|raw|Slimypits's rating: 1127 &rarr; <strong>1151</strong><br />(+24 for winning)
|raw|SubDivine's rating: 1114 &rarr; <strong>1090</strong><br />(-24 for losing)
|l|☆SubDivine
|player|p2|
|l|☆Slimypits
|player|p1|
