|j|☆Deathqwertyui
|j|☆Endo Amai
|t:|1743883392
|gametype|singles
|player|p1|Deathqwertyui|170|1088
|player|p2|Endo Amai|rocketgrunt|1112
|teamsize|p1|6
|teamsize|p2|6
|gen|9
|tier|[Gen 9] OU
|rated|
|rule|HP Percentage Mod: HP is shown in percentages
|rule|Endless Battle Clause: Forcing endless battles is banned
|rule|Species Clause: Limit one of each Pokémon
|rule|OHKO Clause: OHKO moves are banned
|rule|Evasion Items Clause: Evasion items are banned
|rule|Evasion Moves Clause: Evasion moves are banned
|rule|Sleep Moves Clause: Sleep-inducing moves are banned
|clearpoke
|poke|p1|Clodsire, M|
|poke|p1|Iron Valiant|
|poke|p1|Indeedee, M|
|poke|p1|Arcanine-Hisui, M|
|poke|p1|Wugtrio, M|
|poke|p1|Tinkaton, F|
|poke|p2|Iron Moth|
|poke|p2|Iron Valiant|
|poke|p2|Great Tusk|
|poke|p2|Ceruledge, F|
|poke|p2|Ogerpon-Wellspring, F|
|poke|p2|Latias, F|
|teampreview
|inactive|Battle timer is ON: inactive players will automatically lose when time's up. (requested by Deathqwertyui)
|
|t:|1743883419
|start
|switch|p1a: Arcanine|Arcanine-Hisui, M|100/100
|switch|p2a: Great Tusk|Great Tusk|100/100
|-item|p1a: Arcanine|Air Balloon
|turn|1
|
|t:|1743883425
|move|p1a: Arcanine|Psychic Fangs|p2a: Great Tusk
|-supereffective|p2a: Great Tusk
|-damage|p2a: Great Tusk|72/100
|move|p2a: Great Tusk|Stealth Rock|p1a: Arcanine
|-sidestart|p1: Deathqwertyui|move: Stealth Rock
|
|upkeep
|turn|2
|
|t:|1743883437
|move|p1a: Arcanine|Stealth Rock|p2a: Great Tusk
|-sidestart|p2: Endo Amai|move: Stealth Rock
|move|p2a: Great Tusk|Headlong Rush|p1a: Arcanine
|-immune|p1a: Arcanine
|
|upkeep
|turn|3
|
|t:|1743883451
|move|p1a: Arcanine|Flare Blitz|p2a: Great Tusk
|-damage|p2a: Great Tusk|44/100
|move|p2a: Great Tusk|Rapid Spin|p1a: Arcanine
|-resisted|p1a: Arcanine
|-damage|p1a: Arcanine|92/100
|-boost|p2a: Great Tusk|spe|1
|-enditem|p1a: Arcanine|Air Balloon
|-sideend|p2: Endo Amai|Stealth Rock|[from] move: Rapid Spin|[of] p2a: Great Tusk
|
|upkeep
|turn|4
|
|t:|1743883464
|-end|p2a: Great Tusk|Protosynthesis|[silent]
|switch|p2a: Ogerpon|Ogerpon-Wellspring, F|100/100
|switch|p1a: Wugtrio|Wugtrio, M|100/100
|-damage|p1a: Wugtrio|88/100|[from] Stealth Rock
|
|upkeep
|turn|5
|
|t:|1743883473
|move|p1a: Wugtrio|Ice Beam|p2a: Ogerpon
|-damage|p2a: Ogerpon|85/100
|move|p2a: Ogerpon|Power Whip|p1a: Wugtrio
|-supereffective|p1a: Wugtrio
|-crit|p1a: Wugtrio
|-damage|p1a: Wugtrio|0 fnt
|-ability|p1a: Wugtrio|Gooey
|-unboost|p2a: Ogerpon|spe|1
|faint|p1a: Wugtrio
|
|upkeep
|
|t:|1743883483
|switch|p1a: Clodsire|Clodsire, M|100/100
|-damage|p1a: Clodsire|94/100|[from] Stealth Rock
|turn|6
|
|t:|1743883491
|move|p2a: Ogerpon|U-turn|p1a: Clodsire
|-resisted|p1a: Clodsire
|-damage|p1a: Clodsire|78/100
|
|t:|1743883499
|switch|p2a: Iron Moth|Iron Moth, shiny|100/100|[from] U-turn
|move|p1a: Clodsire|Sludge Wave|p2a: Iron Moth
|-resisted|p2a: Iron Moth
|-damage|p2a: Iron Moth|85/100
|
|-heal|p1a: Clodsire|84/100|[from] item: Leftovers
|upkeep
|turn|7
|
|t:|1743883513
|move|p2a: Iron Moth|U-turn|p1a: Clodsire
|-resisted|p1a: Clodsire
|-damage|p1a: Clodsire|78/100
|
|t:|1743883516
|-end|p2a: Iron Moth|Quark Drive|[silent]
|switch|p2a: Latias|Latias, F, shiny|100/100|[from] U-turn
|move|p1a: Clodsire|Earth Power|p2a: Latias
|-immune|p2a: Latias|[from] ability: Levitate
|
|-heal|p1a: Clodsire|84/100|[from] item: Leftovers
|upkeep
|turn|8
|
|t:|1743883532
|switch|p1a: Indeedee|Indeedee, M|100/100
|-damage|p1a: Indeedee|88/100|[from] Stealth Rock
|-fieldstart|move: Psychic Terrain|[from] ability: Psychic Surge|[of] p1a: Indeedee
|move|p2a: Latias|Tailwind|p2a: Latias
|-sidestart|p2: Endo Amai|move: Tailwind
|
|upkeep
|turn|9
|
|t:|1743883538
|move|p2a: Latias|Thunder Wave|p1a: Indeedee
|-status|p1a: Indeedee|par
|cant|p1a: Indeedee|par
|
|upkeep
|turn|10
|
|t:|1743883547
|switch|p2a: Iron Valiant|Iron Valiant, shiny|100/100
|move|p1a: Indeedee|Shadow Ball|p2a: Iron Valiant
|-damage|p2a: Iron Valiant|42/100
|-damage|p1a: Indeedee|78/100 par|[from] item: Life Orb
|
|upkeep
|turn|11
|
|t:|1743883557
|move|p2a: Iron Valiant|Shadow Ball|p1a: Indeedee
|-immune|p1a: Indeedee
|move|p1a: Indeedee|Shadow Ball|p2a: Iron Valiant
|-damage|p2a: Iron Valiant|0 fnt
|faint|p2a: Iron Valiant
|-end|p2a: Iron Valiant|Quark Drive|[silent]
|-damage|p1a: Indeedee|68/100 par|[from] item: Life Orb
|
|-sideend|p2: Endo Amai|move: Tailwind
|upkeep
|
|t:|1743883568
|switch|p2a: Ogerpon|Ogerpon-Wellspring, F|85/100
|turn|12
|
|t:|1743883575
|move|p2a: Ogerpon|Knock Off|p1a: Indeedee
|-supereffective|p1a: Indeedee
|-damage|p1a: Indeedee|0 fnt
|-enditem|p1a: Indeedee|Life Orb|[from] move: Knock Off|[of] p2a: Ogerpon
|faint|p1a: Indeedee
|
|-fieldend|move: Psychic Terrain
|upkeep
|
|t:|1743883584
|switch|p1a: Tinkaton|Tinkaton, F|100/100
|-damage|p1a: Tinkaton|94/100|[from] Stealth Rock
|-ability|p1a: Tinkaton|Mold Breaker
|turn|13
|
|t:|1743883590
|move|p2a: Ogerpon|U-turn|p1a: Tinkaton
|-resisted|p1a: Tinkaton
|-damage|p1a: Tinkaton|86/100
|
|t:|1743883595
|switch|p2a: Ceruledge|Ceruledge, F, shiny|100/100|[from] U-turn
|move|p1a: Tinkaton|Ice Hammer|p2a: Ceruledge
|-resisted|p2a: Ceruledge
|-damage|p2a: Ceruledge|87/100
|-unboost|p1a: Tinkaton|spe|1
|-ability|p2a: Ceruledge|Weak Armor|boost
|-unboost|p2a: Ceruledge|def|1
|-boost|p2a: Ceruledge|spe|2
|
|upkeep
|turn|14
|
|t:|1743883608
|switch|p1a: Clodsire|Clodsire, M|84/100
|-damage|p1a: Clodsire|78/100|[from] Stealth Rock
|move|p2a: Ceruledge|Swords Dance|p2a: Ceruledge
|-boost|p2a: Ceruledge|atk|2
|
|-heal|p1a: Clodsire|84/100|[from] item: Leftovers
|upkeep
|turn|15
|
|t:|1743883618
|move|p2a: Ceruledge|Psycho Cut|p1a: Clodsire
|-supereffective|p1a: Clodsire
|-damage|p1a: Clodsire|0 fnt
|faint|p1a: Clodsire
|-damage|p2a: Ceruledge|77/100|[from] item: Life Orb
|
|upkeep
|-message|Deathqwertyui forfeited.
|
|win|Endo Amai
|raw|Deathqwertyui's rating: 1088 &rarr; <strong>1066</strong><br />(-22 for losing)
|raw|Endo Amai's rating: 1112 &rarr; <strong>1135</strong><br />(+23 for winning)
|l|☆Deathqwertyui
|player|p1|
|l|☆Endo Amai
|player|p2|
