|j|☆kaio2010
|j|☆thghgg
|t:|1743875382
|gametype|singles
|player|p1|kaio2010|emmet|1017
|player|p2|thghgg|mars|1000
|teamsize|p1|6
|teamsize|p2|6
|gen|9
|tier|[Gen 9] OU
|rated|
|rule|HP Percentage Mod: HP is shown in percentages
|rule|Endless Battle Clause: Forcing endless battles is banned
|rule|Species Clause: Limit one of each Pokémon
|rule|OHKO Clause: OHKO moves are banned
|rule|Evasion Items Clause: Evasion items are banned
|rule|Evasion Moves Clause: Evasion moves are banned
|rule|Sleep Moves Clause: Sleep-inducing moves are banned
|clearpoke
|poke|p1|Cinderace, F|
|poke|p1|Great Tusk|
|poke|p1|Slowking-Galar, M|
|poke|p1|Corviknight, M|
|poke|p1|Raging Bolt|
|poke|p1|Meowscarada, M|
|poke|p2|Enamorus, F|
|poke|p2|Ogerpon-Wellspring, F|
|poke|p2|Dragonite, M|
|poke|p2|Great Tusk|
|poke|p2|Gholdengo|
|poke|p2|Iron Moth|
|teampreview
|
|t:|1743875397
|start
|switch|p1a: Meowscarada|Meowscarada, M|100/100
|switch|p2a: Great Tusk|Great Tusk|100/100
|-enditem|p2a: Great Tusk|Booster Energy
|-activate|p2a: Great Tusk|ability: Protosynthesis|[fromitem]
|-start|p2a: Great Tusk|protosynthesisspe
|turn|1
|
|t:|1743875407
|move|p2a: Great Tusk|Stealth Rock|p1a: Meowscarada
|-sidestart|p1: kaio2010|move: Stealth Rock
|move|p1a: Meowscarada|Flower Trick|p2a: Great Tusk
|-supereffective|p2a: Great Tusk
|-crit|p2a: Great Tusk
|-damage|p2a: Great Tusk|41/100
|
|upkeep
|turn|2
|
|t:|1743875413
|move|p2a: Great Tusk|Close Combat|p1a: Meowscarada
|-supereffective|p1a: Meowscarada
|-enditem|p1a: Meowscarada|Focus Sash
|-damage|p1a: Meowscarada|1/100
|-unboost|p2a: Great Tusk|def|1
|-unboost|p2a: Great Tusk|spd|1
|move|p1a: Meowscarada|Flower Trick|p2a: Great Tusk
|-supereffective|p2a: Great Tusk
|-crit|p2a: Great Tusk
|-damage|p2a: Great Tusk|0 fnt
|faint|p2a: Great Tusk
|-end|p2a: Great Tusk|Protosynthesis|[silent]
|
|upkeep
|
|t:|1743875420
|switch|p2a: Iron Moth|Iron Moth|100/100
|-enditem|p2a: Iron Moth|Booster Energy
|-activate|p2a: Iron Moth|ability: Quark Drive|[fromitem]
|-start|p2a: Iron Moth|quarkdrivespe
|turn|3
|
|t:|1743875442
|move|p2a: Iron Moth|Fiery Dance|p1a: Meowscarada
|-supereffective|p1a: Meowscarada
|-damage|p1a: Meowscarada|0 fnt
|faint|p1a: Meowscarada
|
|upkeep
|
|t:|1743875446
|switch|p1a: Great Tusk|Great Tusk|100/100
|-damage|p1a: Great Tusk|98/100|[from] Stealth Rock
|-enditem|p1a: Great Tusk|Booster Energy
|-activate|p1a: Great Tusk|ability: Protosynthesis|[fromitem]
|-start|p1a: Great Tusk|protosynthesisatk
|turn|4
|
|t:|1743875455
|-terastallize|p2a: Iron Moth|Psychic
|move|p2a: Iron Moth|Psychic|p1a: Great Tusk
|-supereffective|p1a: Great Tusk
|-damage|p1a: Great Tusk|0 fnt
|faint|p1a: Great Tusk
|-end|p1a: Great Tusk|Protosynthesis|[silent]
|
|upkeep
|
|t:|1743875466
|switch|p1a: Slowking|Slowking-Galar, M|100/100
|-damage|p1a: Slowking|88/100|[from] Stealth Rock
|turn|5
|
|t:|1743875474
|-end|p2a: Iron Moth|Quark Drive|[silent]
|switch|p2a: Gholdengo|Gholdengo|100/100
|-item|p2a: Gholdengo|Air Balloon
|-terastallize|p1a: Slowking|Water
|move|p1a: Slowking|Earthquake|p2a: Gholdengo
|-immune|p2a: Gholdengo
|
|upkeep
|turn|6
|
|t:|1743875482
|move|p2a: Gholdengo|Nasty Plot|p2a: Gholdengo
|-boost|p2a: Gholdengo|spa|2
|move|p1a: Slowking|Blizzard|p2a: Gholdengo|[miss]
|-miss|p1a: Slowking|p2a: Gholdengo
|
|upkeep
|turn|7
|
|t:|1743875488
|move|p2a: Gholdengo|Nasty Plot|p2a: Gholdengo
|-boost|p2a: Gholdengo|spa|2
|move|p1a: Slowking|Flamethrower|p2a: Gholdengo
|-supereffective|p2a: Gholdengo
|-damage|p2a: Gholdengo|50/100
|-enditem|p2a: Gholdengo|Air Balloon
|
|upkeep
|turn|8
|
|t:|1743875496
|move|p2a: Gholdengo|Shadow Ball|p1a: Slowking
|-damage|p1a: Slowking|36/100
|-unboost|p1a: Slowking|spd|1
|move|p1a: Slowking|Flamethrower|p2a: Gholdengo
|-supereffective|p2a: Gholdengo
|-damage|p2a: Gholdengo|6/100
|
|upkeep
|turn|9
|
|t:|1743875503
|move|p2a: Gholdengo|Shadow Ball|p1a: Slowking
|-damage|p1a: Slowking|0 fnt
|faint|p1a: Slowking
|
|upkeep
|
|t:|1743875506
|switch|p1a: Corviknight|Corviknight, M|100/100
|-damage|p1a: Corviknight|88/100|[from] Stealth Rock
|-ability|p1a: Corviknight|Pressure
|turn|10
|
|t:|1743875509
|move|p2a: Gholdengo|Shadow Ball|p1a: Corviknight
|-damage|p1a: Corviknight|0 fnt
|faint|p1a: Corviknight
|
|upkeep
|-message|kaio2010 forfeited.
|
|win|thghgg
|raw|kaio2010's rating: 1017 &rarr; <strong>1004</strong><br />(-13 for losing)
|raw|thghgg's rating: 1000 &rarr; <strong>1042</strong><br />(+42 for winning)
