|j|☆grem2220
|j|☆Assumpcao_fs
|t:|1743788536
|gametype|singles
|player|p1|grem2220|265|1046
|player|p2|Assumpcao_fs|gentleman-gen4|1021
|teamsize|p1|6
|teamsize|p2|6
|gen|9
|tier|[Gen 9] OU
|rated|
|rule|HP Percentage Mod: HP is shown in percentages
|rule|Endless Battle Clause: Forcing endless battles is banned
|rule|Species Clause: Limit one of each Pokémon
|rule|OHKO Clause: OHKO moves are banned
|rule|Evasion Items Clause: Evasion items are banned
|rule|Evasion Moves Clause: Evasion moves are banned
|rule|Sleep Moves Clause: Sleep-inducing moves are banned
|clearpoke
|poke|p1|Meowscarada, M|
|poke|p1|Iron Crown|
|poke|p1|Great Tusk|
|poke|p1|Landorus-Therian, M|
|poke|p1|Raging Bolt|
|poke|p1|Ogerpon-Wellspring, F|
|poke|p2|Tsareena, F|
|poke|p2|Delphox, F|
|poke|p2|Luxray, M|
|poke|p2|Diancie|
|poke|p2|Froslass, F|
|poke|p2|Feraligatr, F|
|teampreview
|
|t:|1743788542
|start
|switch|p1a: Landorus|Landorus-Therian, M|100/100
|switch|p2a: Froslass|Froslass, F|100/100
|-ability|p1a: Landorus|Intimidate|boost
|-unboost|p2a: Froslass|atk|1
|turn|1
|
|t:|1743788570
|switch|p1a: Meowscarada|Meowscarada, M|100/100
|move|p2a: Froslass|Spikes|p1a: Meowscarada
|-sidestart|p1: grem2220|Spikes
|
|upkeep
|turn|2
|
|t:|1743788579
|move|p1a: Meowscarada|Play Rough|p2a: Froslass
|-start|p1a: Meowscarada|typechange|Fairy|[from] ability: Protean
|-damage|p2a: Froslass|32/100
|-start|p1a: Meowscarada|Disable|Play Rough|[from] ability: Cursed Body|[of] p2a: Froslass
|move|p2a: Froslass|Spikes|p1a: Meowscarada
|-sidestart|p1: grem2220|Spikes
|
|upkeep
|turn|3
|
|t:|1743788601
|switch|p1a: Ogerpon|Ogerpon-Wellspring, F|100/100
|-damage|p1a: Ogerpon|84/100|[from] Spikes
|switch|p2a: Diancie|Diancie|100/100
|
|upkeep
|turn|4
|
|t:|1743788632
|move|p1a: Ogerpon|Swords Dance|p1a: Ogerpon
|-boost|p1a: Ogerpon|atk|2
|move|p2a: Diancie|Reflect|p2a: Diancie
|-sidestart|p2: Assumpcao_fs|Reflect
|
|upkeep
|turn|5
|
|t:|1743788639
|move|p1a: Ogerpon|Ivy Cudgel|p2a: Diancie|[anim] Ivy Cudgel Water
|-supereffective|p2a: Diancie
|-damage|p2a: Diancie|9/100
|move|p2a: Diancie|Diamond Storm|p1a: Ogerpon
|-damage|p1a: Ogerpon|42/100
|-boost|p2a: Diancie|def|2
|
|-heal|p2a: Diancie|15/100|[from] item: Leftovers
|upkeep
|turn|6
|
|t:|1743788656
|switch|p2a: Feraligatr|Feraligatr, F|100/100
|move|p1a: Ogerpon|Ivy Cudgel|p2a: Feraligatr|[anim] Ivy Cudgel Water
|-resisted|p2a: Feraligatr
|-crit|p2a: Feraligatr
|-damage|p2a: Feraligatr|9/100
|
|upkeep
|turn|7
|
|t:|1743788665
|move|p1a: Ogerpon|Power Whip|p2a: Feraligatr
|-supereffective|p2a: Feraligatr
|-damage|p2a: Feraligatr|0 fnt
|faint|p2a: Feraligatr
|
|upkeep
|
|t:|1743788669
|switch|p2a: Froslass|Froslass, F|32/100
|turn|8
|
|t:|1743788676
|move|p1a: Ogerpon|Play Rough|p2a: Froslass
|-damage|p2a: Froslass|0 fnt
|faint|p2a: Froslass
|
|-sideend|p2: Assumpcao_fs|Reflect
|upkeep
|
|t:|1743788684
|switch|p2a: Tsareena|Tsareena, F|100/100
|turn|9
|
|t:|1743788691
|move|p1a: Ogerpon|Play Rough|p2a: Tsareena
|-damage|p2a: Tsareena|12/100
|move|p2a: Tsareena|Knock Off|p1a: Ogerpon
|-damage|p1a: Ogerpon|15/100
|
|upkeep
|turn|10
|
|t:|1743788701
|move|p1a: Ogerpon|Play Rough|p2a: Tsareena
|-damage|p2a: Tsareena|0 fnt
|faint|p2a: Tsareena
|
|upkeep
|
|t:|1743788707
|switch|p2a: Delphox|Delphox, F, shiny|100/100
|turn|11
|
|t:|1743788712
|move|p1a: Ogerpon|Ivy Cudgel|p2a: Delphox|[anim] Ivy Cudgel Water
|-supereffective|p2a: Delphox
|-damage|p2a: Delphox|0 fnt
|faint|p2a: Delphox
|
|upkeep
|
|t:|1743788716
|switch|p2a: Luxray|Luxray, M, shiny|100/100
|turn|12
|
|t:|1743788722
|move|p1a: Ogerpon|Play Rough|p2a: Luxray
|-damage|p2a: Luxray|1/100
|move|p2a: Luxray|Facade|p1a: Ogerpon
|-damage|p1a: Ogerpon|0 fnt
|faint|p1a: Ogerpon
|
|-status|p2a: Luxray|brn|[from] item: Flame Orb
|upkeep
|-message|Assumpcao_fs forfeited.
|
|win|grem2220
|raw|grem2220's rating: 1046 &rarr; <strong>1077</strong><br />(+31 for winning)
|raw|Assumpcao_fs's rating: 1021 &rarr; <strong>1009</strong><br />(-12 for losing)
|l|☆Assumpcao_fs
|player|p2|
