|j|☆twistmebabe
|j|☆Celest107
|t:|1743870267
|gametype|singles
|player|p1|twistmebabe|wallace|1463
|player|p2|Celest107|miku-fire|1426
|teamsize|p1|6
|teamsize|p2|6
|gen|9
|tier|[Gen 9] OU
|rated|
|rule|HP Percentage Mod: HP is shown in percentages
|rule|Endless Battle Clause: Forcing endless battles is banned
|rule|Species Clause: Limit one of each Pokémon
|rule|OHKO Clause: OHKO moves are banned
|rule|Evasion Items Clause: Evasion items are banned
|rule|Evasion Moves Clause: Evasion moves are banned
|rule|Sleep Moves Clause: Sleep-inducing moves are banned
|clearpoke
|poke|p1|Ninetales, F|
|poke|p1|Walking Wake|
|poke|p1|Leavanny, M|
|poke|p1|Great Tusk|
|poke|p1|Iron Moth|
|poke|p1|Ceruledge, F|
|poke|p2|Ursaluna, F|
|poke|p2|Mimikyu, M|
|poke|p2|Cresselia, F|
|poke|p2|Enamorus-Therian, F|
|poke|p2|Hatterene, F|
|poke|p2|Hoopa-Unbound|
|teampreview
|inactive|Battle timer is ON: inactive players will automatically lose when time's up. (requested by twistmebabe)
|
|t:|1743870296
|start
|switch|p1a: Ceruledge|Ceruledge, F, shiny|100/100
|switch|p2a: Mimikyu|Mimikyu, M|100/100
|turn|1
|
|t:|1743870303
|move|p1a: Ceruledge|Shadow Sneak|p2a: Mimikyu
|-activate|p2a: Mimikyu|ability: Disguise
|-damage|p2a: Mimikyu|100/100
|detailschange|p2a: Mimikyu|Mimikyu-Busted, M
|-damage|p2a: Mimikyu|88/100|[from] pokemon: Mimikyu-Busted
|-enditem|p2a: Mimikyu|Red Card|[of] p1a: Ceruledge
|drag|p1a: Walking Wake|Walking Wake|100/100
|move|p2a: Mimikyu|Trick Room|p2a: Mimikyu
|-fieldstart|move: Trick Room|[of] p2a: Mimikyu
|
|upkeep
|turn|2
|
|t:|1743870318
|-end|p1a: Walking Wake|Protosynthesis|[silent]
|switch|p1a: Ninetales|Ninetales, F, shiny|100/100
|-weather|SunnyDay|[from] ability: Drought|[of] p1a: Ninetales
|move|p2a: Mimikyu|Curse|p1a: Ninetales
|-start|p1a: Ninetales|Curse|[of] p2a: Mimikyu
|-damage|p2a: Mimikyu|38/100
|
|-weather|SunnyDay|[upkeep]
|-damage|p1a: Ninetales|76/100|[from] Curse
|upkeep
|turn|3
|
|t:|1743870328
|move|p2a: Mimikyu|Curse||[still]
|-fail|p2a: Mimikyu
|move|p1a: Ninetales|Weather Ball|p2a: Mimikyu
|-damage|p2a: Mimikyu|6/100
|
|-weather|SunnyDay|[upkeep]
|-damage|p1a: Ninetales|51/100|[from] Curse
|upkeep
|turn|4
|
|t:|1743870338
|move|p2a: Mimikyu|Destiny Bond|p2a: Mimikyu
|-singlemove|p2a: Mimikyu|Destiny Bond
|move|p1a: Ninetales|Weather Ball|p2a: Mimikyu
|-damage|p2a: Mimikyu|0 fnt
|faint|p2a: Mimikyu
|-activate|p2a: Mimikyu|move: Destiny Bond
|faint|p1a: Ninetales
|
|-weather|SunnyDay|[upkeep]
|upkeep
|
|t:|1743870349
|switch|p2a: Enamorus|Enamorus-Therian, F|100/100
|switch|p1a: Ceruledge|Ceruledge, F, shiny|100/100
|turn|5
|
|t:|1743870361
|move|p2a: Enamorus|Earth Power|p1a: Ceruledge
|-supereffective|p1a: Ceruledge
|-enditem|p1a: Ceruledge|Focus Sash
|-damage|p1a: Ceruledge|1/100
|move|p1a: Ceruledge|Swords Dance|p1a: Ceruledge
|-boost|p1a: Ceruledge|atk|2
|
|-weather|SunnyDay|[upkeep]
|-fieldend|move: Trick Room
|upkeep
|turn|6
|
|t:|1743870383
|switch|p2a: Ursaluna|Ursaluna, F|100/100
|move|p1a: Ceruledge|Bitter Blade|p2a: Ursaluna
|-damage|p2a: Ursaluna|0 fnt
|-heal|p1a: Ceruledge|81/100|[from] drain|[of] p2a: Ursaluna
|faint|p2a: Ursaluna
|
|-weather|SunnyDay|[upkeep]
|upkeep
|
|t:|1743870388
|switch|p2a: Cresselia|Cresselia, F|100/100
|turn|7
|inactive|twistmebabe has 120 seconds left.
|
|t:|1743870434
|-terastallize|p2a: Cresselia|Fairy
|move|p1a: Ceruledge|Bitter Blade|p2a: Cresselia
|-damage|p2a: Cresselia|19/100
|-heal|p1a: Ceruledge|100/100|[from] drain|[of] p2a: Cresselia
|move|p2a: Cresselia|Trick Room|p2a: Cresselia
|-fieldstart|move: Trick Room|[of] p2a: Cresselia
|
|-weather|SunnyDay|[upkeep]
|upkeep
|turn|8
|
|t:|1743870442
|move|p1a: Ceruledge|Shadow Sneak|p2a: Cresselia
|-damage|p2a: Cresselia|0 fnt
|faint|p2a: Cresselia
|
|-weather|SunnyDay|[upkeep]
|upkeep
|
|t:|1743870447
|switch|p2a: Enamorus|Enamorus-Therian, F|100/100
|turn|9
|inactive|twistmebabe has 120 seconds left.
|
|t:|1743870460
|-terastallize|p1a: Ceruledge|Grass
|move|p2a: Enamorus|Earth Power|p1a: Ceruledge
|-resisted|p1a: Ceruledge
|-damage|p1a: Ceruledge|69/100
|move|p1a: Ceruledge|Bitter Blade|p2a: Enamorus
|-damage|p2a: Enamorus|0 fnt
|-heal|p1a: Ceruledge|100/100|[from] drain|[of] p2a: Enamorus
|faint|p2a: Enamorus
|
|-weather|none
|upkeep
|
|t:|1743870467
|switch|p2a: Hoopa|Hoopa-Unbound|100/100
|turn|10
|
|t:|1743870472
|move|p2a: Hoopa|Hyperspace Fury|p1a: Ceruledge
|-damage|p1a: Ceruledge|14/100
|-unboost|p2a: Hoopa|def|1
|-enditem|p2a: Hoopa|Eject Pack
|-ability|p1a: Ceruledge|Weak Armor|boost
|-unboost|p1a: Ceruledge|def|1
|-boost|p1a: Ceruledge|spe|2
|
|t:|1743870475
|switch|p2a: Hatterene|Hatterene, F|100/100
|move|p1a: Ceruledge|Bitter Blade|p2a: Hatterene
|-damage|p2a: Hatterene|14/100
|-heal|p1a: Ceruledge|61/100|[from] drain|[of] p2a: Hatterene
|
|upkeep
|turn|11
|-message|Celest107 forfeited.
|
|win|twistmebabe
|raw|twistmebabe's rating: 1463 &rarr; <strong>1481</strong><br />(+18 for winning)
|raw|Celest107's rating: 1426 &rarr; <strong>1408</strong><br />(-18 for losing)
|l|☆Celest107
|player|p2|
|l|☆twistmebabe
|player|p1|
