|j|☆acidosis
|j|☆H0N3R
|t:|1743788692
|gametype|singles
|player|p1|acidosis|101|1392
|player|p2|H0N3R|169|1354
|teamsize|p1|6
|teamsize|p2|6
|gen|9
|tier|[Gen 9] OU
|rated|
|rule|HP Percentage Mod: HP is shown in percentages
|rule|Endless Battle Clause: Forcing endless battles is banned
|rule|Species Clause: Limit one of each Pokémon
|rule|OHKO Clause: OHKO moves are banned
|rule|Evasion Items Clause: Evasion items are banned
|rule|Evasion Moves Clause: Evasion moves are banned
|rule|Sleep Moves Clause: Sleep-inducing moves are banned
|clearpoke
|poke|p1|Araquanid, F|
|poke|p1|Raging Bolt|
|poke|p1|Iron Moth|
|poke|p1|Great Tusk|
|poke|p1|Gholdengo|
|poke|p1|Kingambit, M|
|poke|p2|Enamorus, F|
|poke|p2|Meowscarada, M|
|poke|p2|Glimmora, F|
|poke|p2|Houndstone, F|
|poke|p2|Latios, M|
|poke|p2|Cinderace, M|
|teampreview
|inactive|Battle timer is ON: inactive players will automatically lose when time's up. (requested by H0N3R)
|
|t:|1743788715
|start
|switch|p1a: Araquanid|Araquanid, F|100/100
|switch|p2a: Glimmora|Glimmora, F|100/100
|turn|1
|inactive|acidosis has 120 seconds left.
|c|☆H0N3R|Hf
|
|t:|1743788748
|move|p2a: Glimmora|Stealth Rock|p1a: Araquanid
|-sidestart|p1: acidosis|move: Stealth Rock
|move|p1a: Araquanid|Liquidation|p2a: Glimmora
|-supereffective|p2a: Glimmora
|-enditem|p2a: Glimmora|Focus Sash
|-damage|p2a: Glimmora|1/100
|-activate|p2a: Glimmora|ability: Toxic Debris
|-sidestart|p1: acidosis|move: Toxic Spikes
|
|upkeep
|turn|2
|
|t:|1743788762
|move|p2a: Glimmora|Energy Ball|p1a: Araquanid
|-damage|p1a: Araquanid|80/100
|move|p1a: Araquanid|Liquidation|p2a: Glimmora
|-supereffective|p2a: Glimmora
|-damage|p2a: Glimmora|0 fnt
|-activate|p2a: Glimmora|ability: Toxic Debris
|-sidestart|p1: acidosis|move: Toxic Spikes
|faint|p2a: Glimmora
|
|upkeep
|inactive|H0N3R has 120 seconds left.
|
|t:|1743788797
|switch|p2a: Houndstone|Houndstone, F|100/100
|turn|3
|inactive|acidosis has 120 seconds left.
|
|t:|1743788828
|move|p1a: Araquanid|Sticky Web|p2a: Houndstone
|-sidestart|p2: H0N3R|move: Sticky Web
|move|p2a: Houndstone|Roar|p1a: Araquanid
|drag|p1a: Kingambit|Kingambit, M|100/100
|-damage|p1a: Kingambit|94/100|[from] Stealth Rock
|
|upkeep
|turn|4
|
|t:|1743788835
|-end|p1a: Kingambit|fallenundefined|[silent]
|switch|p1a: Iron Moth|Iron Moth|100/100
|-damage|p1a: Iron Moth|76/100|[from] Stealth Rock
|-sideend|p1: acidosis|move: Toxic Spikes|[of] p1a: Iron Moth
|-enditem|p1a: Iron Moth|Booster Energy
|-activate|p1a: Iron Moth|ability: Quark Drive|[fromitem]
|-start|p1a: Iron Moth|quarkdrivespa
|move|p2a: Houndstone|Will-O-Wisp|p1a: Iron Moth
|-immune|p1a: Iron Moth
|
|upkeep
|turn|5
|
|t:|1743788846
|move|p1a: Iron Moth|Fiery Dance|p2a: Houndstone
|-damage|p2a: Houndstone|0 fnt
|faint|p2a: Houndstone
|
|upkeep
|inactive|H0N3R has 90 seconds left.
|
|t:|1743788868
|switch|p2a: Latios|Latios, M|100/100
|turn|6
|inactive|H0N3R has 90 seconds left.
|inactive|acidosis has 120 seconds left.
|
|t:|1743788898
|move|p2a: Latios|Psyshock|p1a: Iron Moth
|-supereffective|p1a: Iron Moth
|-damage|p1a: Iron Moth|0 fnt
|faint|p1a: Iron Moth
|-end|p1a: Iron Moth|Quark Drive|[silent]
|
|upkeep
|inactive|acidosis has 120 seconds left.
|
|t:|1743788908
|switch|p1a: Kingambit|Kingambit, M|94/100
|-damage|p1a: Kingambit|88/100|[from] Stealth Rock
|-activate|p1a: Kingambit|ability: Supreme Overlord
|-start|p1a: Kingambit|fallen1|[silent]
|turn|7
|inactive|H0N3R has 90 seconds left.
|
|t:|1743788915
|switch|p2a: Cinderace|Cinderace, M|100/100
|move|p1a: Kingambit|Swords Dance|p1a: Kingambit
|-boost|p1a: Kingambit|atk|2
|
|upkeep
|turn|8
|inactive|H0N3R has 90 seconds left.
|
|t:|1743788925
|move|p2a: Cinderace|Pyro Ball|p1a: Kingambit
|-supereffective|p1a: Kingambit
|-damage|p1a: Kingambit|10/100
|move|p1a: Kingambit|Kowtow Cleave|p2a: Cinderace
|-damage|p2a: Cinderace|0 fnt
|faint|p2a: Cinderace
|
|upkeep
|inactive|H0N3R has 90 seconds left.
|
|t:|1743788936
|switch|p2a: Latios|Latios, M|100/100
|turn|9
|
|t:|1743788940
|move|p1a: Kingambit|Sucker Punch||[still]
|-fail|p1a: Kingambit
|move|p2a: Latios|Trick|p1a: Kingambit
|-activate|p2a: Latios|move: Trick|[of] p1a: Kingambit
|-item|p1a: Kingambit|Choice Scarf|[from] move: Trick
|-item|p2a: Latios|Lum Berry|[from] move: Trick
|
|upkeep
|turn|10
|
|t:|1743788951
|move|p1a: Kingambit|Kowtow Cleave|p2a: Latios
|-supereffective|p2a: Latios
|-damage|p2a: Latios|0 fnt
|faint|p2a: Latios
|
|upkeep
|inactive|H0N3R has 90 seconds left.
|
|t:|1743788964
|switch|p2a: Enamorus|Enamorus, F|100/100
|turn|11
|
|t:|1743788969
|move|p2a: Enamorus|Calm Mind|p2a: Enamorus
|-boost|p2a: Enamorus|spa|1
|-boost|p2a: Enamorus|spd|1
|move|p1a: Kingambit|Kowtow Cleave|p2a: Enamorus
|-resisted|p2a: Enamorus
|-damage|p2a: Enamorus|33/100
|
|-heal|p2a: Enamorus|39/100|[from] item: Leftovers
|upkeep
|turn|12
|
|t:|1743788980
|move|p2a: Enamorus|Moonblast|p1a: Kingambit
|-damage|p1a: Kingambit|0 fnt
|faint|p1a: Kingambit
|-end|p1a: Kingambit|fallen1|[silent]
|
|-heal|p2a: Enamorus|46/100|[from] item: Leftovers
|upkeep
|
|t:|1743788988
|switch|p1a: Gholdengo|Gholdengo|100/100
|-damage|p1a: Gholdengo|94/100|[from] Stealth Rock
|-item|p1a: Gholdengo|Air Balloon
|turn|13
|
|t:|1743789001
|switch|p2a: Meowscarada|Meowscarada, M|100/100
|-activate|p2a: Meowscarada|move: Sticky Web
|-unboost|p2a: Meowscarada|spe|1
|move|p1a: Gholdengo|Shadow Ball|p2a: Meowscarada
|-resisted|p2a: Meowscarada
|-damage|p2a: Meowscarada|65/100
|
|upkeep
|turn|14
|
|t:|1743789013
|switch|p1a: Araquanid|Araquanid, F|80/100
|-damage|p1a: Araquanid|55/100|[from] Stealth Rock
|move|p2a: Meowscarada|U-turn|p1a: Araquanid
|-start|p2a: Meowscarada|typechange|Bug|[from] ability: Protean
|-damage|p1a: Araquanid|24/100
|
|t:|1743789021
|switch|p2a: Enamorus|Enamorus, F|46/100|[from] U-turn
|
|-heal|p2a: Enamorus|52/100|[from] item: Leftovers
|upkeep
|turn|15
|-enditem|p1a: Araquanid|Custap Berry|[eat]
|-activate|p1a: Araquanid|item: Custap Berry|[consumed]
|
|t:|1743789029
|move|p1a: Araquanid|Liquidation|p2a: Enamorus
|-damage|p2a: Enamorus|0 fnt
|faint|p2a: Enamorus
|
|upkeep
|-message|H0N3R forfeited.
|
|win|acidosis
|raw|acidosis's rating: 1392 &rarr; <strong>1410</strong><br />(+18 for winning)
|raw|H0N3R's rating: 1354 &rarr; <strong>1336</strong><br />(-18 for losing)
|l|☆H0N3R
|player|p2|
|l|☆acidosis
|player|p1|
