|j|☆Y.V_Mad1
|j|☆petfoirax
|t:|1743884714
|gametype|singles
|player|p1|Y.V_Mad1|gloria-dojo|1542
|player|p2|petfoirax|2|1552
|teamsize|p1|6
|teamsize|p2|6
|gen|9
|tier|[Gen 9] OU
|rated|
|rule|HP Percentage Mod: HP is shown in percentages
|rule|Endless Battle Clause: Forcing endless battles is banned
|rule|Species Clause: Limit one of each Pokémon
|rule|OHKO Clause: OHKO moves are banned
|rule|Evasion Items Clause: Evasion items are banned
|rule|Evasion Moves Clause: Evasion moves are banned
|rule|Sleep Moves Clause: Sleep-inducing moves are banned
|clearpoke
|poke|p1|Araquanid, M|
|poke|p1|Cinderace, F|
|poke|p1|Kingambit, F|
|poke|p1|Dragonite, F|
|poke|p1|Iron Treads|
|poke|p1|Pecharunt|
|poke|p2|Alomomola, M|
|poke|p2|Lokix, F|
|poke|p2|Hatterene, F|
|poke|p2|Cinderace, F|
|poke|p2|Garganacl, M|
|poke|p2|Breloom, F|
|teampreview
|inactive|Battle timer is ON: inactive players will automatically lose when time's up. (requested by Y.V_Mad1)
|
|t:|1743884722
|start
|switch|p1a: Stupider|Araquanid, M, shiny|100/100
|switch|p2a: Breloom|Breloom, F|100/100
|turn|1
|
|t:|1743884728
|move|p2a: Breloom|Bullet Seed|p1a: Stupider
|-damage|p1a: Stupider|85/100
|-damage|p1a: Stupider|67/100
|-damage|p1a: Stupider|50/100
|-damage|p1a: Stupider|32/100
|-damage|p1a: Stupider|16/100
|-hitcount|p1a: Stupider|5
|move|p1a: Stupider|Liquidation|p2a: Breloom
|-resisted|p2a: Breloom
|-damage|p2a: Breloom|67/100
|
|upkeep
|turn|2
|
|t:|1743884737
|move|p2a: Breloom|Mach Punch|p1a: Stupider
|-resisted|p1a: Stupider
|-damage|p1a: Stupider|3/100
|move|p1a: Stupider|Endeavor|p2a: Breloom
|-damage|p2a: Breloom|4/100
|
|upkeep
|turn|3
|
|t:|1743884747
|move|p2a: Breloom|Rock Tomb|p1a: Stupider
|-supereffective|p1a: Stupider
|-damage|p1a: Stupider|0 fnt
|faint|p1a: Stupider
|
|upkeep
|
|t:|1743884749
|switch|p1a: Tusk: Act IV|Iron Treads|100/100
|-enditem|p1a: Tusk: Act IV|Booster Energy
|-activate|p1a: Tusk: Act IV|ability: Quark Drive|[fromitem]
|-start|p1a: Tusk: Act IV|quarkdriveatk
|turn|4
|
|t:|1743884762
|-terastallize|p1a: Tusk: Act IV|Ghost
|move|p2a: Breloom|Mach Punch|p1a: Tusk: Act IV
|-immune|p1a: Tusk: Act IV
|move|p1a: Tusk: Act IV|Rapid Spin|p2a: Breloom
|-damage|p2a: Breloom|0 fnt
|-boost|p1a: Tusk: Act IV|spe|1
|faint|p2a: Breloom
|
|upkeep
|
|t:|1743884778
|switch|p2a: Lokix|Lokix, F|100/100
|turn|5
|
|t:|1743884785
|-end|p1a: Tusk: Act IV|Quark Drive|[silent]
|switch|p1a: KinGOATbit|Kingambit, F|100/100
|-activate|p1a: KinGOATbit|ability: Supreme Overlord
|-start|p1a: KinGOATbit|fallen1|[silent]
|move|p2a: Lokix|U-turn|p1a: KinGOATbit
|-damage|p1a: KinGOATbit|62/100
|
|t:|1743884788
|switch|p2a: Cinderace|Cinderace, F|100/100|[from] U-turn
|
|upkeep
|turn|6
|
|t:|1743884794
|-end|p1a: KinGOATbit|fallen1|[silent]
|switch|p1a: Project Mbappe|Cinderace, F|100/100
|move|p2a: Cinderace|U-turn|p1a: Project Mbappe
|-start|p2a: Cinderace|typechange|Bug|[from] ability: Libero
|-resisted|p1a: Project Mbappe
|-damage|p1a: Project Mbappe|77/100
|
|t:|1743884798
|switch|p2a: Lokix|Lokix, F|100/100|[from] U-turn
|
|upkeep
|turn|7
|
|t:|1743884803
|-terastallize|p2a: Lokix|Bug
|move|p2a: Lokix|First Impression|p1a: Project Mbappe
|-resisted|p1a: Project Mbappe
|-damage|p1a: Project Mbappe|0 fnt
|faint|p1a: Project Mbappe
|
|upkeep
|
|t:|1743884809
|switch|p1a: Tusk: Act IV|Iron Treads, tera:Ghost|100/100
|turn|8
|
|t:|1743884816
|switch|p2a: Alomomola|Alomomola, M|100/100
|move|p1a: Tusk: Act IV|Iron Head|p2a: Alomomola
|-resisted|p2a: Alomomola
|-damage|p2a: Alomomola|86/100
|
|upkeep
|turn|9
|
|t:|1743884821
|move|p1a: Tusk: Act IV|Supercell Slam|p2a: Alomomola
|-supereffective|p2a: Alomomola
|-damage|p2a: Alomomola|37/100
|move|p2a: Alomomola|Scald|p1a: Tusk: Act IV
|-damage|p1a: Tusk: Act IV|80/100
|-status|p1a: Tusk: Act IV|brn
|
|-damage|p1a: Tusk: Act IV|73/100 brn|[from] brn
|upkeep
|turn|10
|
|t:|1743884828
|-end|p1a: Tusk: Act IV|Quark Drive|[silent]
|switch|p1a: Suavamente|Dragonite, F|100/100
|switch|p2a: Lokix|Lokix, F, tera:Bug|100/100
|
|upkeep
|turn|11
|
|t:|1743884832
|switch|p1a: Tusk: Act IV|Iron Treads, tera:Ghost|73/100 brn
|move|p2a: Lokix|U-turn|p1a: Tusk: Act IV
|-resisted|p1a: Tusk: Act IV
|-damage|p1a: Tusk: Act IV|17/100 brn
|
|t:|1743884835
|switch|p2a: Cinderace|Cinderace, F|100/100|[from] U-turn
|
|-damage|p1a: Tusk: Act IV|11/100 brn|[from] brn
|upkeep
|turn|12
|
|t:|1743884837
|move|p2a: Cinderace|U-turn|p1a: Tusk: Act IV
|-start|p2a: Cinderace|typechange|Bug|[from] ability: Libero
|-resisted|p1a: Tusk: Act IV
|-damage|p1a: Tusk: Act IV|0 fnt
|faint|p1a: Tusk: Act IV
|-end|p1a: Tusk: Act IV|Quark Drive|[silent]
|
|t:|1743884842
|switch|p2a: Lokix|Lokix, F, tera:Bug|100/100|[from] U-turn
|
|upkeep
|
|t:|1743884847
|switch|p1a: Momo|Pecharunt|100/100
|-item|p1a: Momo|Air Balloon
|turn|13
|
|t:|1743884850
|move|p2a: Lokix|U-turn|p1a: Momo
|-resisted|p1a: Momo
|-damage|p1a: Momo|79/100
|-enditem|p1a: Momo|Air Balloon
|
|t:|1743884853
|switch|p2a: Garganacl|Garganacl, M|100/100|[from] U-turn
|move|p1a: Momo|Malignant Chain|p2a: Garganacl
|-resisted|p2a: Garganacl
|-damage|p2a: Garganacl|87/100
|
|-heal|p2a: Garganacl|93/100|[from] item: Leftovers
|upkeep
|turn|14
|
|t:|1743884858
|move|p1a: Momo|Nasty Plot|p1a: Momo
|-boost|p1a: Momo|spa|2
|move|p2a: Garganacl|Stealth Rock|p1a: Momo
|-sidestart|p1: Y.V_Mad1|move: Stealth Rock
|
|-heal|p2a: Garganacl|99/100|[from] item: Leftovers
|upkeep
|turn|15
|
|t:|1743884860
|move|p1a: Momo|Nasty Plot|p1a: Momo
|-boost|p1a: Momo|spa|2
|move|p2a: Garganacl|Salt Cure|p1a: Momo
|-damage|p1a: Momo|68/100
|-start|p1a: Momo|Salt Cure
|
|-heal|p2a: Garganacl|100/100|[from] item: Leftovers
|-damage|p1a: Momo|56/100|[from] Salt Cure
|upkeep
|turn|16
|
|t:|1743884866
|move|p1a: Momo|Nasty Plot|p1a: Momo
|-boost|p1a: Momo|spa|2
|move|p2a: Garganacl|Salt Cure|p1a: Momo
|-damage|p1a: Momo|45/100
|
|-damage|p1a: Momo|33/100|[from] Salt Cure
|upkeep
|turn|17
|
|t:|1743884871
|move|p1a: Momo|Shadow Ball|p2a: Garganacl
|-damage|p2a: Garganacl|59/100
|move|p2a: Garganacl|Salt Cure|p1a: Momo
|-damage|p1a: Momo|22/100
|
|-heal|p2a: Garganacl|65/100|[from] item: Leftovers
|-damage|p1a: Momo|10/100|[from] Salt Cure
|upkeep
|turn|18
|
|t:|1743884876
|move|p1a: Momo|Shadow Ball|p2a: Garganacl
|-damage|p2a: Garganacl|26/100
|move|p2a: Garganacl|Salt Cure|p1a: Momo
|-damage|p1a: Momo|0 fnt
|faint|p1a: Momo
|
|-heal|p2a: Garganacl|32/100|[from] item: Leftovers
|upkeep
|
|t:|1743884881
|switch|p1a: Suavamente|Dragonite, F|100/100
|-damage|p1a: Suavamente|76/100|[from] Stealth Rock
|turn|19
|
|t:|1743884891
|switch|p2a: Alomomola|Alomomola, M|71/100
|move|p1a: Suavamente|Earthquake|p2a: Alomomola
|-damage|p2a: Alomomola|42/100
|
|upkeep
|turn|20
|
|t:|1743884895
|move|p1a: Suavamente|Dragon Dance|p1a: Suavamente
|-boost|p1a: Suavamente|atk|1
|-boost|p1a: Suavamente|spe|1
|move|p2a: Alomomola|Flip Turn|p1a: Suavamente
|-resisted|p1a: Suavamente
|-damage|p1a: Suavamente|66/100
|
|t:|1743884896
|switch|p2a: Hatterene|Hatterene, F|100/100|[from] Flip Turn
|
|upkeep
|turn|21
|
|t:|1743884899
|move|p1a: Suavamente|Earthquake|p2a: Hatterene
|-damage|p2a: Hatterene|29/100
|move|p2a: Hatterene|Draining Kiss|p1a: Suavamente
|-supereffective|p1a: Suavamente
|-damage|p1a: Suavamente|0 fnt
|-heal|p2a: Hatterene|80/100|[from] drain|[of] p1a: Suavamente
|faint|p1a: Suavamente
|
|upkeep
|
|t:|1743884901
|switch|p1a: KinGOATbit|Kingambit, F|62/100
|-damage|p1a: KinGOATbit|56/100|[from] Stealth Rock
|-activate|p1a: KinGOATbit|ability: Supreme Overlord
|-start|p1a: KinGOATbit|fallen5|[silent]
|turn|22
|
|t:|1743884905
|move|p1a: KinGOATbit|Iron Head|p2a: Hatterene
|-supereffective|p2a: Hatterene
|-damage|p2a: Hatterene|0 fnt
|faint|p2a: Hatterene
|
|upkeep
|
|t:|1743884909
|switch|p2a: Cinderace|Cinderace, F|100/100
|turn|23
|
|t:|1743884912
|move|p1a: KinGOATbit|Sucker Punch||[still]
|-fail|p1a: KinGOATbit
|move|p2a: Cinderace|Will-O-Wisp|p1a: KinGOATbit
|-status|p1a: KinGOATbit|brn
|
|-damage|p1a: KinGOATbit|50/100 brn|[from] brn
|upkeep
|turn|24
|
|t:|1743884917
|switch|p2a: Garganacl|Garganacl, M|32/100
|move|p1a: KinGOATbit|Sucker Punch||[still]
|-fail|p1a: KinGOATbit
|
|-heal|p2a: Garganacl|38/100|[from] item: Leftovers
|-damage|p1a: KinGOATbit|44/100 brn|[from] brn
|upkeep
|turn|25
|
|t:|1743884922
|move|p1a: KinGOATbit|Iron Head|p2a: Garganacl
|-supereffective|p2a: Garganacl
|-damage|p2a: Garganacl|0 fnt
|faint|p2a: Garganacl
|
|-damage|p1a: KinGOATbit|38/100 brn|[from] brn
|upkeep
|
|t:|1743884926
|switch|p2a: Cinderace|Cinderace, F|100/100
|turn|26
|
|t:|1743884929
|move|p1a: KinGOATbit|Sucker Punch|p2a: Cinderace
|-damage|p2a: Cinderace|44/100
|move|p2a: Cinderace|Pyro Ball|p1a: KinGOATbit
|-supereffective|p1a: KinGOATbit
|-damage|p1a: KinGOATbit|0 fnt
|faint|p1a: KinGOATbit
|-end|p1a: KinGOATbit|fallen5|[silent]
|
|win|petfoirax
|raw|Y.V_Mad1's rating: 1542 &rarr; <strong>1523</strong><br />(-19 for losing)
|raw|petfoirax's rating: 1552 &rarr; <strong>1571</strong><br />(+19 for winning)
|l|☆Y.V_Mad1
|player|p1|
|l|☆petfoirax
|player|p2|
