|j|☆bade bunningham
|j|☆2(H2O)-Alt
|t:|1743863170
|gametype|singles
|player|p1|bade bunningham|1|1717
|player|p2|2(H2O)-Alt|chase|1671
|teamsize|p1|6
|teamsize|p2|6
|gen|9
|tier|[Gen 9] OU
|rated|
|rule|HP Percentage Mod: HP is shown in percentages
|rule|Endless Battle Clause: Forcing endless battles is banned
|rule|Species Clause: Limit one of each Pokémon
|rule|OHKO Clause: OHKO moves are banned
|rule|Evasion Items Clause: Evasion items are banned
|rule|Evasion Moves Clause: Evasion moves are banned
|rule|Sleep Moves Clause: Sleep-inducing moves are banned
|clearpoke
|poke|p1|Zamazenta-*|
|poke|p1|Latias, F|
|poke|p1|Gholdengo|
|poke|p1|Dragonite, M|
|poke|p1|Glimmora, M|
|poke|p1|Weavile, F|
|poke|p2|Cinderace, M|
|poke|p2|Kingambit, M|
|poke|p2|Darkrai|
|poke|p2|Pecharunt|
|poke|p2|Ting-Lu|
|poke|p2|Ogerpon-Wellspring, F|
|teampreview
|c|☆2(H2O)-Alt|Hf big bro
|c|☆bade bunningham|u2
|
|t:|1743863220
|start
|switch|p1a: Weavile|Weavile, F|100/100
|switch|p2a: Darkrai|Darkrai|100/100
|turn|1
|inactive|Battle timer is ON: inactive players will automatically lose when time's up. (requested by 2(H2O)-Alt)
|
|t:|1743863234
|move|p1a: Weavile|Triple Axel|p2a: Darkrai
|-damage|p2a: Darkrai|81/100
|-damage|p2a: Darkrai|47/100
|-damage|p2a: Darkrai|0 fnt
|faint|p2a: Darkrai
|-hitcount|p2: Darkrai|3
|-damage|p1a: Weavile|91/100|[from] item: Life Orb
|
|upkeep
|
|t:|1743863240
|switch|p2a: Cinderace|Cinderace, M|100/100
|turn|2
|
|t:|1743863248
|switch|p1a: Glimmora|Glimmora, M|100/100
|move|p2a: Cinderace|Pyro Ball|p1a: Glimmora
|-resisted|p1a: Glimmora
|-damage|p1a: Glimmora|75/100
|-activate|p1a: Glimmora|ability: Toxic Debris
|-sidestart|p2: 2(H2O)-Alt|move: Toxic Spikes
|-enditem|p1a: Glimmora|Red Card|[of] p2a: Cinderace
|drag|p2a: Pecharunt|Pecharunt|100/100
|-item|p2a: Pecharunt|Air Balloon
|
|upkeep
|turn|3
|
|t:|1743863254
|move|p1a: Glimmora|Power Gem|p2a: Pecharunt
|-damage|p2a: Pecharunt|73/100
|-enditem|p2a: Pecharunt|Air Balloon
|move|p2a: Pecharunt|Parting Shot|p1a: Glimmora
|-unboost|p1a: Glimmora|atk|1
|-unboost|p1a: Glimmora|spa|1
|
|t:|1743863259
|switch|p2a: Cinderace|Cinderace, M|100/100|[from] Parting Shot
|
|upkeep
|turn|4
|j| spicy boii
|inactive|bade bunningham has 120 seconds left.
|
|t:|1743863296
|move|p2a: Cinderace|U-turn|p1a: Glimmora
|-start|p2a: Cinderace|typechange|Bug|[from] ability: Libero
|-resisted|p1a: Glimmora
|-damage|p1a: Glimmora|58/100
|-activate|p1a: Glimmora|ability: Toxic Debris
|-sidestart|p2: 2(H2O)-Alt|move: Toxic Spikes
|
|t:|1743863304
|switch|p2a: Pecharunt|Pecharunt|73/100|[from] U-turn
|-sideend|p2: 2(H2O)-Alt|move: Toxic Spikes|[of] p2a: Pecharunt
|move|p1a: Glimmora|Power Gem|p2a: Pecharunt
|-damage|p2a: Pecharunt|54/100
|
|upkeep
|turn|5
|
|t:|1743863310
|move|p1a: Glimmora|Earth Power|p2a: Pecharunt
|-supereffective|p2a: Pecharunt
|-damage|p2a: Pecharunt|28/100
|move|p2a: Pecharunt|Recover|p2a: Pecharunt
|-heal|p2a: Pecharunt|78/100
|
|upkeep
|turn|6
|
|t:|1743863314
|move|p1a: Glimmora|Earth Power|p2a: Pecharunt
|-supereffective|p2a: Pecharunt
|-damage|p2a: Pecharunt|50/100
|move|p2a: Pecharunt|Recover|p2a: Pecharunt
|-heal|p2a: Pecharunt|99/100
|
|upkeep
|turn|7
|
|t:|1743863317
|switch|p2a: Ogerpon|Ogerpon-Wellspring, F|100/100
|move|p1a: Glimmora|Earth Power|p2a: Ogerpon
|-resisted|p2a: Ogerpon
|-damage|p2a: Ogerpon|90/100
|
|upkeep
|turn|8
|
|t:|1743863346
|switch|p1a: Latias|Latias, F|100/100
|move|p2a: Ogerpon|Ivy Cudgel|p1a: Latias|[anim] Ivy Cudgel Water
|-resisted|p1a: Latias
|-crit|p1a: Latias
|-damage|p1a: Latias|63/100
|
|-heal|p1a: Latias|69/100|[from] item: Leftovers
|upkeep
|turn|9
|
|t:|1743863355
|switch|p1a: Glimmora|Glimmora, M|58/100
|move|p2a: Ogerpon|Knock Off|p1a: Glimmora
|-damage|p1a: Glimmora|33/100
|-activate|p1a: Glimmora|ability: Toxic Debris
|-sidestart|p2: 2(H2O)-Alt|move: Toxic Spikes
|
|upkeep
|turn|10
|
|t:|1743863364
|move|p2a: Ogerpon|Ivy Cudgel|p1a: Glimmora|[anim] Ivy Cudgel Water
|-supereffective|p1a: Glimmora
|-damage|p1a: Glimmora|0 fnt
|-activate|p1a: Glimmora|ability: Toxic Debris
|-sidestart|p2: 2(H2O)-Alt|move: Toxic Spikes
|faint|p1a: Glimmora
|
|upkeep
|
|t:|1743863376
|switch|p1a: Dragonite|Dragonite, M|100/100
|turn|11
|
|t:|1743863380
|move|p2a: Ogerpon|U-turn|p1a: Dragonite
|-resisted|p1a: Dragonite
|-damage|p1a: Dragonite|93/100
|
|t:|1743863383
|switch|p2a: Pecharunt|Pecharunt|99/100|[from] U-turn
|-sideend|p2: 2(H2O)-Alt|move: Toxic Spikes|[of] p2a: Pecharunt
|move|p1a: Dragonite|Dragon Dance|p1a: Dragonite
|-boost|p1a: Dragonite|atk|1
|-boost|p1a: Dragonite|spe|1
|
|upkeep
|turn|12
|
|t:|1743863391
|move|p1a: Dragonite|Earthquake|p2a: Pecharunt
|-supereffective|p2a: Pecharunt
|-damage|p2a: Pecharunt|34/100
|move|p2a: Pecharunt|Malignant Chain|p1a: Dragonite
|-damage|p1a: Dragonite|59/100
|-status|p1a: Dragonite|tox
|-start|p1a: Dragonite|confusion|[from] ability: Poison Puppeteer|[of] p2a: Pecharunt
|
|-damage|p1a: Dragonite|53/100 tox|[from] psn
|upkeep
|turn|13
|j| I love Halloween
|
|t:|1743863396
|switch|p2a: Ting-Lu|Ting-Lu|100/100
|-ability|p2a: Ting-Lu|Vessel of Ruin
|-activate|p1a: Dragonite|confusion
|move|p1a: Dragonite|Earthquake|p2a: Ting-Lu
|-damage|p2a: Ting-Lu|68/100
|
|-damage|p1a: Dragonite|41/100 tox|[from] psn
|upkeep
|turn|14
|j| linkin_at
|
|t:|1743863406
|switch|p1a: Weavile|Weavile, F|91/100
|move|p2a: Ting-Lu|Stealth Rock|p1a: Weavile
|-sidestart|p1: bade bunningham|move: Stealth Rock
|
|upkeep
|turn|15
|
|t:|1743863419
|switch|p2a: Pecharunt|Pecharunt|34/100
|move|p1a: Weavile|Triple Axel|p2a: Pecharunt
|-damage|p2a: Pecharunt|26/100
|-damage|p2a: Pecharunt|12/100
|-damage|p2a: Pecharunt|0 fnt
|faint|p2a: Pecharunt
|-hitcount|p2: Pecharunt|3
|-damage|p1a: Weavile|81/100|[from] item: Life Orb
|
|upkeep
|
|t:|1743863427
|switch|p2a: Cinderace|Cinderace, M|100/100
|turn|16
|
|t:|1743863454
|switch|p1a: Dragonite|Dragonite, M|41/100 tox
|move|p2a: Cinderace|Pyro Ball|p1a: Dragonite|[miss]
|-miss|p2a: Cinderace|p1a: Dragonite
|
|-damage|p1a: Dragonite|35/100 tox|[from] psn
|upkeep
|turn|17
|inactive|bade bunningham has 120 seconds left.
|
|t:|1743863492
|move|p2a: Cinderace|U-turn|p1a: Dragonite
|-start|p2a: Cinderace|typechange|Bug|[from] ability: Libero
|-resisted|p1a: Dragonite
|-damage|p1a: Dragonite|16/100 tox
|
|t:|1743863496
|switch|p2a: Ting-Lu|Ting-Lu|68/100|[from] U-turn
|-ability|p2a: Ting-Lu|Vessel of Ruin
|move|p1a: Dragonite|Earthquake|p2a: Ting-Lu
|-damage|p2a: Ting-Lu|46/100
|
|-damage|p1a: Dragonite|4/100 tox|[from] psn
|upkeep
|turn|18
|l| spicy boii
|
|t:|1743863507
|switch|p2a: Ogerpon|Ogerpon-Wellspring, F|90/100
|move|p1a: Dragonite|Earthquake|p2a: Ogerpon
|-resisted|p2a: Ogerpon
|-damage|p2a: Ogerpon|66/100
|
|-damage|p1a: Dragonite|0 fnt|[from] psn
|faint|p1a: Dragonite
|upkeep
|
|t:|1743863526
|switch|p1a: Weavile|Weavile, F|81/100
|-damage|p1a: Weavile|56/100|[from] Stealth Rock
|turn|19
|
|t:|1743863543
|switch|p2a: Ting-Lu|Ting-Lu|46/100
|-ability|p2a: Ting-Lu|Vessel of Ruin
|move|p1a: Weavile|Knock Off|p2a: Ting-Lu
|-resisted|p2a: Ting-Lu
|-damage|p2a: Ting-Lu|30/100
|-damage|p1a: Weavile|39/100|[from] item: Rocky Helmet|[of] p2a: Ting-Lu
|-enditem|p2a: Ting-Lu|Rocky Helmet|[from] move: Knock Off|[of] p1a: Weavile
|-damage|p1a: Weavile|29/100|[from] item: Life Orb
|
|upkeep
|turn|20
|
|t:|1743863555
|move|p1a: Weavile|Triple Axel|p2a: Ting-Lu
|-supereffective|p2a: Ting-Lu
|-damage|p2a: Ting-Lu|18/100
|-supereffective|p2a: Ting-Lu
|-damage|p2a: Ting-Lu|0 fnt
|faint|p2a: Ting-Lu
|-hitcount|p2: Ting-Lu|2
|-damage|p1a: Weavile|19/100|[from] item: Life Orb
|
|upkeep
|
|t:|1743863558
|switch|p2a: Kingambit|Kingambit, M|100/100
|-activate|p2a: Kingambit|ability: Supreme Overlord
|-start|p2a: Kingambit|fallen3|[silent]
|turn|21
|
|t:|1743863563
|move|p1a: Weavile|Upper Hand|p2a: Kingambit
|-supereffective|p2a: Kingambit
|-damage|p2a: Kingambit|0 fnt
|faint|p2a: Kingambit
|-end|p2a: Kingambit|fallen3|[silent]
|-damage|p1a: Weavile|9/100|[from] item: Life Orb
|
|upkeep
|c|☆2(H2O)-Alt|gg
|
|t:|1743863574
|switch|p2a: Ogerpon|Ogerpon-Wellspring, F|66/100
|turn|22
|
|t:|1743863578
|move|p1a: Weavile|Knock Off|p2a: Ogerpon
|-damage|p2a: Ogerpon|9/100
|-damage|p1a: Weavile|0 fnt|[from] item: Life Orb
|faint|p1a: Weavile
|move|p2a: Ogerpon|U-turn|p1: Weavile|[notarget]
|-fail|p2a: Ogerpon
|
|upkeep
|
|t:|1743863582
|switch|p1a: Zamazenta|Zamazenta|100/100
|-damage|p1a: Zamazenta|94/100|[from] Stealth Rock
|-ability|p1a: Zamazenta|Dauntless Shield|boost
|-boost|p1a: Zamazenta|def|1
|turn|23
|
|t:|1743863589
|move|p1a: Zamazenta|Body Press|p2a: Ogerpon
|-damage|p2a: Ogerpon|0 fnt
|faint|p2a: Ogerpon
|
|-heal|p1a: Zamazenta|100/100|[from] item: Leftovers
|upkeep
|
|t:|1743863591
|switch|p2a: Cinderace|Cinderace, M|100/100
|turn|24
|
|t:|1743863593
|move|p1a: Zamazenta|Iron Defense|p1a: Zamazenta
|-boost|p1a: Zamazenta|def|2
|move|p2a: Cinderace|Will-O-Wisp|p1a: Zamazenta|[miss]
|-miss|p2a: Cinderace|p1a: Zamazenta
|
|upkeep
|turn|25
|
|t:|1743863596
|-terastallize|p1a: Zamazenta|Fire
|move|p1a: Zamazenta|Body Press|p2a: Cinderace
|-damage|p2a: Cinderace|0 fnt
|faint|p2a: Cinderace
|
|win|bade bunningham
|raw|bade bunningham's rating: 1717 &rarr; <strong>1734</strong><br />(+17 for winning)
|raw|2(H2O)-Alt's rating: 1671 &rarr; <strong>1654</strong><br />(-17 for losing)
|c|☆bade bunningham|gg
|l|☆bade bunningham
|player|p1|
|l|☆2(H2O)-Alt
|player|p2|
|l| I love Halloween
|l| linkin_at
