|j|☆Eliano030
|j|☆asdfjklqwert
|t:|1743787269
|gametype|singles
|player|p1|Eliano030|102|1433
|player|p2|asdfjklqwert|winona|1448
|teamsize|p1|6
|teamsize|p2|6
|gen|9
|tier|[Gen 9] OU
|rated|
|rule|HP Percentage Mod: HP is shown in percentages
|rule|Endless Battle Clause: Forcing endless battles is banned
|rule|Species Clause: Limit one of each Pokémon
|rule|OHKO Clause: OHKO moves are banned
|rule|Evasion Items Clause: Evasion items are banned
|rule|Evasion Moves Clause: Evasion moves are banned
|rule|Sleep Moves Clause: Sleep-inducing moves are banned
|clearpoke
|poke|p1|Meowscarada, F|
|poke|p1|Cinderace, F|
|poke|p1|Greninja-*, M|
|poke|p1|Garganacl, F|
|poke|p1|Bronzong|
|poke|p1|Donphan, L1, M|
|poke|p2|Latios, M|
|poke|p2|Hydrapple, M|
|poke|p2|Tornadus-Therian, M|
|poke|p2|Weezing-Galar, F|
|poke|p2|Cinderace, F|
|poke|p2|Swampert, M|
|teampreview
|inactive|Battle timer is ON: inactive players will automatically lose when time's up. (requested by Eliano030)
|
|t:|1743787274
|start
|switch|p1a: Meowscarada|Meowscarada, F|100/100
|switch|p2a: Weezing|Weezing-Galar, F|100/100
|-ability|p2a: Weezing|Neutralizing Gas
|turn|1
|
|t:|1743787282
|move|p1a: Meowscarada|U-turn|p2a: Weezing
|-resisted|p2a: Weezing
|-damage|p2a: Weezing|96/100
|
|t:|1743787284
|switch|p1a: Bronzong|Bronzong, shiny|100/100|[from] U-turn
|move|p2a: Weezing|Strange Steam|p1a: Bronzong
|-resisted|p1a: Bronzong
|-damage|p1a: Bronzong|89/100
|
|-heal|p2a: Weezing|100/100|[from] item: Leftovers
|-heal|p1a: Bronzong|95/100|[from] item: Leftovers
|upkeep
|turn|2
|
|t:|1743787290
|-end|p2a: Weezing|ability: Neutralizing Gas
|switch|p2a: Tornadus|Tornadus-Therian, M|100/100
|move|p1a: Bronzong|Future Sight|p2a: Tornadus
|-start|p1a: Bronzong|move: Future Sight
|
|-heal|p1a: Bronzong|100/100|[from] item: Leftovers
|upkeep
|turn|3
|
|t:|1743787295
|move|p2a: Tornadus|Knock Off|p1a: Bronzong
|-supereffective|p1a: Bronzong
|-damage|p1a: Bronzong|58/100
|-enditem|p1a: Bronzong|Leftovers|[from] move: Knock Off|[of] p2a: Tornadus
|move|p1a: Bronzong|Gyro Ball|p2a: Tornadus
|-damage|p2a: Tornadus|66/100
|
|upkeep
|turn|4
|
|t:|1743787303
|move|p1a: Bronzong|Protect|p1a: Bronzong
|-singleturn|p1a: Bronzong|Protect
|move|p2a: Tornadus|Bleakwind Storm|p1a: Bronzong
|-activate|p1a: Bronzong|move: Protect
|
|-end|p2a: Tornadus|move: Future Sight
|-damage|p2a: Tornadus|42/100
|upkeep
|turn|5
|
|t:|1743787311
|switch|p1a: Garganacl|Garganacl, F|100/100
|move|p2a: Tornadus|U-turn|p1a: Garganacl
|-damage|p1a: Garganacl|92/100
|
|t:|1743787313
|switch|p2a: Hydrapple|Hydrapple, M|100/100|[from] U-turn
|
|-heal|p1a: Garganacl|98/100|[from] item: Leftovers
|upkeep
|turn|6
|
|t:|1743787316
|switch|p1a: Bronzong|Bronzong, shiny|58/100
|move|p2a: Hydrapple|Substitute|p2a: Hydrapple
|-start|p2a: Hydrapple|Substitute
|-damage|p2a: Hydrapple|76/100
|
|upkeep
|turn|7
|
|t:|1743787319
|move|p2a: Hydrapple|Energy Ball|p1a: Bronzong
|-resisted|p1a: Bronzong
|-damage|p1a: Bronzong|44/100
|move|p1a: Bronzong|Future Sight|p2a: Hydrapple
|-start|p1a: Bronzong|move: Future Sight
|
|upkeep
|turn|8
|
|t:|1743787324
|move|p2a: Hydrapple|Energy Ball|p1a: Bronzong
|-resisted|p1a: Bronzong
|-damage|p1a: Bronzong|27/100
|move|p1a: Bronzong|Body Press|p2a: Hydrapple
|-activate|p2a: Hydrapple|move: Substitute|[damage]
|
|upkeep
|turn|9
|
|t:|1743787332
|move|p2a: Hydrapple|Energy Ball|p1a: Bronzong
|-resisted|p1a: Bronzong
|-damage|p1a: Bronzong|12/100
|move|p1a: Bronzong|Gyro Ball|p2a: Hydrapple
|-end|p2a: Hydrapple|Substitute
|
|-end|p2a: Hydrapple|move: Future Sight
|-damage|p2a: Hydrapple|40/100
|upkeep
|turn|10
|
|t:|1743787341
|move|p2a: Hydrapple|Energy Ball|p1a: Bronzong
|-resisted|p1a: Bronzong
|-damage|p1a: Bronzong|0 fnt
|faint|p1a: Bronzong
|
|upkeep
|
|t:|1743787345
|switch|p1a: Meowscarada|Meowscarada, F|100/100
|turn|11
|
|t:|1743787347
|switch|p2a: Weezing|Weezing-Galar, F|100/100
|-ability|p2a: Weezing|Neutralizing Gas
|move|p1a: Meowscarada|U-turn|p2a: Weezing
|-resisted|p2a: Weezing
|-damage|p2a: Weezing|97/100
|
|t:|1743787352
|switch|p1a: Garganacl|Garganacl, F|98/100|[from] U-turn
|
|-heal|p2a: Weezing|100/100|[from] item: Leftovers
|-heal|p1a: Garganacl|100/100|[from] item: Leftovers
|upkeep
|turn|12
|
|t:|1743787359
|move|p2a: Weezing|Sludge Bomb|p1a: Garganacl
|-resisted|p1a: Garganacl
|-damage|p1a: Garganacl|85/100
|move|p1a: Garganacl|Salt Cure|p2a: Weezing
|-damage|p2a: Weezing|89/100
|-start|p2a: Weezing|Salt Cure
|
|-heal|p2a: Weezing|95/100|[from] item: Leftovers
|-heal|p1a: Garganacl|91/100|[from] item: Leftovers
|-damage|p2a: Weezing|83/100|[from] Salt Cure
|upkeep
|turn|13
|
|t:|1743787366
|-end|p2a: Weezing|ability: Neutralizing Gas
|switch|p2a: Hydrapple|Hydrapple, M|74/100
|move|p1a: Garganacl|Salt Cure|p2a: Hydrapple
|-damage|p2a: Hydrapple|64/100
|-start|p2a: Hydrapple|Salt Cure
|
|-heal|p1a: Garganacl|97/100|[from] item: Leftovers
|-damage|p2a: Hydrapple|51/100|[from] Salt Cure
|upkeep
|turn|14
|
|t:|1743787374
|switch|p2a: Tornadus|Tornadus-Therian, M|75/100
|move|p1a: Garganacl|Protect||[still]
|-fail|p1a: Garganacl
|
|-heal|p1a: Garganacl|100/100|[from] item: Leftovers
|upkeep
|turn|15
|
|t:|1743787380
|switch|p2a: Hydrapple|Hydrapple, M|84/100
|move|p1a: Garganacl|Salt Cure|p2a: Hydrapple
|-damage|p2a: Hydrapple|74/100
|-start|p2a: Hydrapple|Salt Cure
|
|-damage|p2a: Hydrapple|61/100|[from] Salt Cure
|upkeep
|turn|16
|
|t:|1743787385
|move|p2a: Hydrapple|Energy Ball|p1a: Garganacl
|-supereffective|p1a: Garganacl
|-damage|p1a: Garganacl|7/100
|move|p1a: Garganacl|Salt Cure|p2a: Hydrapple
|-damage|p2a: Hydrapple|51/100
|
|-heal|p1a: Garganacl|13/100|[from] item: Leftovers
|-damage|p2a: Hydrapple|39/100|[from] Salt Cure
|upkeep
|turn|17
|
|t:|1743787391
|switch|p2a: Tornadus|Tornadus-Therian, M|100/100
|move|p1a: Garganacl|Salt Cure|p2a: Tornadus
|-supereffective|p2a: Tornadus
|-damage|p2a: Tornadus|68/100
|-start|p2a: Tornadus|Salt Cure
|
|-heal|p1a: Garganacl|19/100|[from] item: Leftovers
|-damage|p2a: Tornadus|55/100|[from] Salt Cure
|upkeep
|turn|18
|
|t:|1743787398
|move|p2a: Tornadus|U-turn|p1a: Garganacl
|-damage|p1a: Garganacl|10/100
|
|t:|1743787401
|switch|p2a: Hydrapple|Hydrapple, M|72/100|[from] U-turn
|move|p1a: Garganacl|Salt Cure|p2a: Hydrapple
|-damage|p2a: Hydrapple|61/100
|-start|p2a: Hydrapple|Salt Cure
|
|-heal|p1a: Garganacl|16/100|[from] item: Leftovers
|-damage|p2a: Hydrapple|49/100|[from] Salt Cure
|upkeep
|turn|19
|
|t:|1743787406
|move|p2a: Hydrapple|Energy Ball|p1a: Garganacl
|-supereffective|p1a: Garganacl
|-damage|p1a: Garganacl|0 fnt
|faint|p1a: Garganacl
|
|-damage|p2a: Hydrapple|36/100|[from] Salt Cure
|upkeep
|
|t:|1743787412
|switch|p1a: Greninja|Greninja, M|100/100
|turn|20
|
|t:|1743787418
|switch|p2a: Tornadus|Tornadus-Therian, M|88/100
|move|p1a: Greninja|Hydro Pump|p2a: Tornadus
|-damage|p2a: Tornadus|53/100
|
|upkeep
|turn|21
|
|t:|1743787430
|switch|p1a: Cinderace|Cinderace, F|100/100
|move|p2a: Tornadus|U-turn|p1a: Cinderace
|-resisted|p1a: Cinderace
|-damage|p1a: Cinderace|90/100
|
|t:|1743787433
|switch|p2a: Swampert|Swampert, M|100/100|[from] U-turn
|
|upkeep
|turn|22
|
|t:|1743787440
|move|p1a: Cinderace|U-turn|p2a: Swampert
|-start|p1a: Cinderace|typechange|Bug|[from] ability: Libero
|-damage|p2a: Swampert|71/100
|
|t:|1743787442
|switch|p1a: Meowscarada|Meowscarada, F|100/100|[from] U-turn
|move|p2a: Swampert|Flip Turn|p1a: Meowscarada
|-resisted|p1a: Meowscarada
|-damage|p1a: Meowscarada|79/100
|
|t:|1743787446
|switch|p2a: Weezing|Weezing-Galar, F|83/100|[from] Flip Turn
|-ability|p2a: Weezing|Neutralizing Gas
|
|-heal|p2a: Weezing|89/100|[from] item: Leftovers
|upkeep
|turn|23
|
|t:|1743787452
|move|p1a: Meowscarada|Knock Off|p2a: Weezing
|-resisted|p2a: Weezing
|-crit|p2a: Weezing
|-damage|p2a: Weezing|63/100
|-enditem|p2a: Weezing|Leftovers|[from] move: Knock Off|[of] p1a: Meowscarada
|move|p2a: Weezing|Sludge Bomb|p1a: Meowscarada
|-supereffective|p1a: Meowscarada
|-damage|p1a: Meowscarada|0 fnt
|faint|p1a: Meowscarada
|
|upkeep
|
|t:|1743787466
|switch|p1a: Greninja|Greninja, M|100/100
|turn|24
|
|t:|1743787470
|-end|p2a: Weezing|ability: Neutralizing Gas
|switch|p2a: Tornadus|Tornadus-Therian, M|86/100
|-terastallize|p1a: Greninja|Water
|move|p1a: Greninja|Hydro Pump|p2a: Tornadus
|-damage|p2a: Tornadus|41/100
|
|upkeep
|turn|25
|
|t:|1743787487
|switch|p2a: Hydrapple|Hydrapple, M|70/100
|move|p1a: Greninja|Hydro Pump|p2a: Hydrapple
|-resisted|p2a: Hydrapple
|-damage|p2a: Hydrapple|50/100
|
|upkeep
|turn|26
|
|t:|1743787495
|move|p1a: Greninja|Ice Beam|p2a: Hydrapple
|-supereffective|p2a: Hydrapple
|-damage|p2a: Hydrapple|0 fnt
|faint|p2a: Hydrapple
|-ability|p1a: Greninja|Battle Bond|boost
|-boost|p1a: Greninja|atk|1
|-boost|p1a: Greninja|spa|1
|-boost|p1a: Greninja|spe|1
|-activate|p1a: Greninja|ability: Battle Bond
|
|upkeep
|
|t:|1743787502
|switch|p2a: Tornadus|Tornadus-Therian, M|74/100
|turn|27
|
|t:|1743787511
|move|p1a: Greninja|Ice Beam|p2a: Tornadus
|-supereffective|p2a: Tornadus
|-damage|p2a: Tornadus|15/100
|move|p2a: Tornadus|Bleakwind Storm|p1a: Greninja
|-damage|p1a: Greninja|23/100
|
|upkeep
|turn|28
|
|t:|1743787521
|switch|p2a: Swampert|Swampert, M|71/100
|move|p1a: Greninja|Water Shuriken|p2a: Swampert
|-damage|p2a: Swampert|55/100
|-damage|p2a: Swampert|41/100
|-damage|p2a: Swampert|27/100
|-damage|p2a: Swampert|14/100
|-hitcount|p2a: Swampert|4
|
|-heal|p2a: Swampert|21/100|[from] item: Leftovers
|upkeep
|turn|29
|
|t:|1743787534
|move|p1a: Greninja|Water Shuriken|p2a: Swampert
|-damage|p2a: Swampert|6/100
|-damage|p2a: Swampert|0 fnt
|faint|p2a: Swampert
|-hitcount|p2: Swampert|2
|
|upkeep
|
|t:|1743787535
|switch|p2a: Tornadus|Tornadus-Therian, M|48/100
|turn|30
|
|t:|1743787538
|switch|p2a: Cinderace|Cinderace, F|100/100
|move|p1a: Greninja|Ice Beam|p2a: Cinderace
|-resisted|p2a: Cinderace
|-damage|p2a: Cinderace|67/100
|
|upkeep
|turn|31
|
|t:|1743787544
|move|p1a: Greninja|Water Shuriken|p2a: Cinderace
|-supereffective|p2a: Cinderace
|-damage|p2a: Cinderace|23/100
|-supereffective|p2a: Cinderace
|-damage|p2a: Cinderace|0 fnt
|faint|p2a: Cinderace
|-hitcount|p2: Cinderace|2
|
|upkeep
|
|t:|1743787546
|switch|p2a: Tornadus|Tornadus-Therian, M|81/100
|turn|32
|
|t:|1743787550
|switch|p1a: Cinderace|Cinderace, F|90/100
|move|p2a: Tornadus|Grass Knot|p1a: Cinderace
|-resisted|p1a: Cinderace
|-damage|p1a: Cinderace|76/100
|
|upkeep
|turn|33
|
|t:|1743787554
|switch|p2a: Weezing|Weezing-Galar, F|63/100
|-ability|p2a: Weezing|Neutralizing Gas
|move|p1a: Cinderace|Pyro Ball|p2a: Weezing
|-damage|p2a: Weezing|20/100
|
|upkeep
|turn|34
|
|t:|1743787562
|move|p1a: Cinderace|Pyro Ball|p2a: Weezing
|-damage|p2a: Weezing|0 fnt
|faint|p2a: Weezing
|-end|p2a: Weezing|ability: Neutralizing Gas
|
|upkeep
|
|t:|1743787563
|switch|p2a: Latios|Latios, M|100/100
|turn|35
|
|t:|1743787571
|-terastallize|p2a: Latios|Fire
|move|p1a: Cinderace|U-turn|p2a: Latios
|-start|p1a: Cinderace|typechange|Bug|[from] ability: Libero
|-resisted|p2a: Latios
|-damage|p2a: Latios|80/100
|
|t:|1743787578
|switch|p1a: Cheatofant|Donphan, L1, M|100/100|[from] U-turn
|move|p2a: Latios|Luster Purge|p1a: Cheatofant
|-ability|p1a: Cheatofant|Sturdy
|-damage|p1a: Cheatofant|8/100
|
|upkeep
|turn|36
|
|t:|1743787585
|move|p2a: Latios|Flip Turn|p1a: Cheatofant
|-supereffective|p1a: Cheatofant
|-damage|p1a: Cheatofant|0 fnt
|faint|p1a: Cheatofant
|
|t:|1743787587
|switch|p2a: Tornadus|Tornadus-Therian, M|100/100|[from] Flip Turn
|
|upkeep
|
|t:|1743787591
|switch|p1a: Cinderace|Cinderace, F|76/100
|turn|37
|
|t:|1743787596
|switch|p2a: Latios|Latios, M, tera:Fire|80/100
|move|p1a: Cinderace|Pyro Ball|p2a: Latios
|-resisted|p2a: Latios
|-damage|p2a: Latios|37/100
|
|upkeep
|turn|38
|
|t:|1743787605
|move|p1a: Cinderace|Pyro Ball|p2a: Latios
|-resisted|p2a: Latios
|-damage|p2a: Latios|0 fnt
|faint|p2a: Latios
|
|upkeep
|
|t:|1743787606
|switch|p2a: Tornadus|Tornadus-Therian, M|100/100
|turn|39
|
|t:|1743787608
|move|p1a: Cinderace|Pyro Ball|p2a: Tornadus
|-damage|p2a: Tornadus|27/100
|move|p2a: Tornadus|Bleakwind Storm|p1a: Cinderace
|-damage|p1a: Cinderace|8/100
|
|upkeep
|turn|40
|c|☆Eliano030|gg
|-message|asdfjklqwert forfeited.
|
|win|Eliano030
|raw|Eliano030's rating: 1433 &rarr; <strong>1454</strong><br />(+21 for winning)
|raw|asdfjklqwert's rating: 1448 &rarr; <strong>1427</strong><br />(-21 for losing)
|l|☆asdfjklqwert
|player|p2|
|l|☆Eliano030
|player|p1|
