|j|☆chikorita426
|j|☆Hydreee
|t:|1743800234
|gametype|singles
|player|p1|chikorita426|cynthia-gen4|1126
|player|p2|Hydreee|ingo|1142
|teamsize|p1|6
|teamsize|p2|6
|gen|9
|tier|[Gen 9] OU
|rated|
|rule|HP Percentage Mod: HP is shown in percentages
|rule|Endless Battle Clause: Forcing endless battles is banned
|rule|Species Clause: Limit one of each Pokémon
|rule|OHKO Clause: OHKO moves are banned
|rule|Evasion Items Clause: Evasion items are banned
|rule|Evasion Moves Clause: Evasion moves are banned
|rule|Sleep Moves Clause: Sleep-inducing moves are banned
|clearpoke
|poke|p1|Pecharunt|
|poke|p1|Gholdengo|
|poke|p1|Araquanid, M|
|poke|p1|Cinderace, F|
|poke|p1|Iron Valiant|
|poke|p1|Darkrai|
|poke|p2|Weezing-Galar, F|
|poke|p2|Iron Moth|
|poke|p2|Toxapex, F|
|poke|p2|Rillaboom, M|
|poke|p2|Ting-Lu|
|poke|p2|Gholdengo|
|teampreview
|inactive|Battle timer is ON: inactive players will automatically lose when time's up. (requested by chikorita426)
|
|t:|1743800253
|start
|switch|p1a: Iron Valiant|Iron Valiant|100/100
|switch|p2a: Weezing|Weezing-Galar, F|100/100
|-ability|p2a: Weezing|Neutralizing Gas
|turn|1
|
|t:|1743800277
|-end|p1a: Iron Valiant|Quark Drive|[silent]
|switch|p1a: Gholdengo|Gholdengo|100/100
|move|p2a: Weezing|Will-O-Wisp|p1a: Gholdengo
|-status|p1a: Gholdengo|brn
|
|-damage|p1a: Gholdengo|94/100 brn|[from] brn
|upkeep
|turn|2
|
|t:|1743800292
|-end|p2a: Weezing|ability: Neutralizing Gas
|switch|p2a: Toxapex|Toxapex, F|100/100
|move|p1a: Gholdengo|Thunder Wave|p2a: Toxapex
|-status|p2a: Toxapex|par
|
|-heal|p1a: Gholdengo|100/100 brn|[from] item: Leftovers
|-damage|p1a: Gholdengo|94/100 brn|[from] brn
|upkeep
|turn|3
|
|t:|1743800311
|move|p1a: Gholdengo|Hex|p2a: Toxapex
|-damage|p2a: Toxapex|64/100 par
|cant|p2a: Toxapex|par
|
|-heal|p1a: Gholdengo|100/100 brn|[from] item: Leftovers
|-damage|p1a: Gholdengo|94/100 brn|[from] brn
|upkeep
|turn|4
|
|t:|1743800327
|switch|p2a: Ting-Lu|Ting-Lu|100/100
|-ability|p2a: Ting-Lu|Vessel of Ruin
|move|p1a: Gholdengo|Hex|p2a: Ting-Lu
|-resisted|p2a: Ting-Lu
|-damage|p2a: Ting-Lu|94/100
|
|-heal|p1a: Gholdengo|100/100 brn|[from] item: Leftovers
|-heal|p2a: Ting-Lu|99/100|[from] item: Leftovers
|-damage|p1a: Gholdengo|94/100 brn|[from] brn
|upkeep
|turn|5
|
|t:|1743800343
|switch|p1a: Araquanid|Araquanid, M|100/100
|move|p2a: Ting-Lu|Earthquake|p1a: Araquanid
|-resisted|p1a: Araquanid
|-damage|p1a: Araquanid|86/100
|
|-heal|p2a: Ting-Lu|100/100|[from] item: Leftovers
|upkeep
|turn|6
|inactive|Hydreee has 120 seconds left.
|
|t:|1743800361
|switch|p2a: Rillaboom|Rillaboom, M|100/100
|-fieldstart|move: Grassy Terrain|[from] ability: Grassy Surge|[of] p2a: Rillaboom
|move|p1a: Araquanid|Sticky Web|p2a: Rillaboom
|-sidestart|p2: Hydreee|move: Sticky Web
|
|-heal|p1a: Araquanid|92/100|[from] Grassy Terrain
|upkeep
|turn|7
|
|t:|1743800369
|move|p2a: Rillaboom|Swords Dance|p2a: Rillaboom
|-boost|p2a: Rillaboom|atk|2
|move|p1a: Araquanid|Leech Life|p2a: Rillaboom
|-supereffective|p2a: Rillaboom
|-damage|p2a: Rillaboom|55/100
|-heal|p1a: Araquanid|100/100|[from] drain|[of] p2a: Rillaboom
|
|-heal|p2a: Rillaboom|61/100|[from] Grassy Terrain
|upkeep
|turn|8
|inactive|Hydreee has 120 seconds left.
|
|t:|1743800388
|move|p2a: Rillaboom|Wood Hammer|p1a: Araquanid
|-damage|p1a: Araquanid|0 fnt
|faint|p1a: Araquanid
|-damage|p2a: Rillaboom|28/100|[from] Recoil
|
|-heal|p2a: Rillaboom|34/100|[from] Grassy Terrain
|upkeep
|
|t:|1743800394
|switch|p1a: Pecharunt|Pecharunt|100/100
|turn|9
|
|t:|1743800406
|switch|p2a: Weezing|Weezing-Galar, F|100/100
|-ability|p2a: Weezing|Neutralizing Gas
|-activate|p2a: Weezing|move: Sticky Web
|-unboost|p2a: Weezing|spe|1
|move|p1a: Pecharunt|Recover||[still]
|-fail|p1a: Pecharunt|heal
|
|upkeep
|turn|10
|
|t:|1743800423
|move|p1a: Pecharunt|Parting Shot|p2a: Weezing
|-unboost|p2a: Weezing|atk|1
|-unboost|p2a: Weezing|spa|1
|
|t:|1743800425
|switch|p1a: Gholdengo|Gholdengo|94/100 brn|[from] Parting Shot
|move|p2a: Weezing|Defog|p1a: Gholdengo
|-unboost|p1a: Gholdengo|evasion|1
|-sideend|p2: Hydreee|Sticky Web|[from] move: Defog|[of] p2a: Weezing
|-fieldend|move: Grassy Terrain
|
|-heal|p1a: Gholdengo|100/100 brn|[from] item: Leftovers
|-damage|p1a: Gholdengo|94/100 brn|[from] brn
|upkeep
|turn|11
|
|t:|1743800438
|-end|p2a: Weezing|ability: Neutralizing Gas
|switch|p2a: Ting-Lu|Ting-Lu|100/100
|-ability|p2a: Ting-Lu|Vessel of Ruin
|move|p1a: Gholdengo|Thunder Wave|p2a: Ting-Lu
|-immune|p2a: Ting-Lu
|
|-heal|p1a: Gholdengo|100/100 brn|[from] item: Leftovers
|-damage|p1a: Gholdengo|94/100 brn|[from] brn
|upkeep
|turn|12
|
|t:|1743800451
|switch|p1a: Cinderace|Cinderace, F|100/100
|move|p2a: Ting-Lu|Earthquake|p1a: Cinderace
|-supereffective|p1a: Cinderace
|-damage|p1a: Cinderace|0 fnt
|faint|p1a: Cinderace
|
|upkeep
|
|t:|1743800457
|switch|p1a: Pecharunt|Pecharunt|100/100
|turn|13
|
|t:|1743800467
|switch|p2a: Weezing|Weezing-Galar, F|100/100
|-ability|p2a: Weezing|Neutralizing Gas
|move|p1a: Pecharunt|Parting Shot|p2a: Weezing
|-unboost|p2a: Weezing|atk|1
|-unboost|p2a: Weezing|spa|1
|
|t:|1743800490
|switch|p1a: Gholdengo|Gholdengo|94/100 brn|[from] Parting Shot
|
|-heal|p1a: Gholdengo|100/100 brn|[from] item: Leftovers
|-damage|p1a: Gholdengo|94/100 brn|[from] brn
|upkeep
|turn|14
|
|t:|1743800501
|-end|p2a: Weezing|ability: Neutralizing Gas
|switch|p2a: Ting-Lu|Ting-Lu|100/100
|-ability|p2a: Ting-Lu|Vessel of Ruin
|move|p1a: Gholdengo|Hex|p2a: Ting-Lu
|-resisted|p2a: Ting-Lu
|-crit|p2a: Ting-Lu
|-damage|p2a: Ting-Lu|90/100
|
|-heal|p1a: Gholdengo|100/100 brn|[from] item: Leftovers
|-heal|p2a: Ting-Lu|97/100|[from] item: Leftovers
|-damage|p1a: Gholdengo|94/100 brn|[from] brn
|upkeep
|turn|15
|
|t:|1743800515
|switch|p1a: Pecharunt|Pecharunt|100/100
|move|p2a: Ting-Lu|Earthquake|p1a: Pecharunt
|-supereffective|p1a: Pecharunt
|-damage|p1a: Pecharunt|51/100
|
|-heal|p2a: Ting-Lu|100/100|[from] item: Leftovers
|upkeep
|turn|16
|
|t:|1743800524
|move|p1a: Pecharunt|Malignant Chain|p2a: Ting-Lu
|-resisted|p2a: Ting-Lu
|-damage|p2a: Ting-Lu|94/100
|-status|p2a: Ting-Lu|tox
|-start|p2a: Ting-Lu|confusion|[from] ability: Poison Puppeteer|[of] p1a: Pecharunt
|-activate|p2a: Ting-Lu|confusion
|move|p2a: Ting-Lu|Earthquake|p1a: Pecharunt
|-supereffective|p1a: Pecharunt
|-damage|p1a: Pecharunt|4/100
|
|-heal|p2a: Ting-Lu|99/100 tox|[from] item: Leftovers
|-damage|p2a: Ting-Lu|94/100 tox|[from] psn
|upkeep
|turn|17
|
|t:|1743800539
|move|p1a: Pecharunt|Recover|p1a: Pecharunt
|-heal|p1a: Pecharunt|54/100
|-activate|p2a: Ting-Lu|confusion
|move|p2a: Ting-Lu|Stealth Rock|p1a: Pecharunt
|-sidestart|p1: chikorita426|move: Stealth Rock
|
|-heal|p2a: Ting-Lu|99/100 tox|[from] item: Leftovers
|-damage|p2a: Ting-Lu|88/100 tox|[from] psn
|upkeep
|turn|18
|
|t:|1743800547
|move|p1a: Pecharunt|Recover|p1a: Pecharunt
|-heal|p1a: Pecharunt|100/100
|-activate|p2a: Ting-Lu|confusion
|move|p2a: Ting-Lu|Earthquake|p1a: Pecharunt
|-supereffective|p1a: Pecharunt
|-damage|p1a: Pecharunt|50/100
|
|-heal|p2a: Ting-Lu|94/100 tox|[from] item: Leftovers
|-damage|p2a: Ting-Lu|75/100 tox|[from] psn
|upkeep
|turn|19
|
|t:|1743800558
|move|p1a: Pecharunt|Recover|p1a: Pecharunt
|-heal|p1a: Pecharunt|99/100
|-activate|p2a: Ting-Lu|confusion
|-damage|p2a: Ting-Lu|70/100 tox|[from] confusion
|
|-heal|p2a: Ting-Lu|76/100 tox|[from] item: Leftovers
|-damage|p2a: Ting-Lu|51/100 tox|[from] psn
|upkeep
|turn|20
|
|t:|1743800576
|switch|p2a: Gholdengo|Gholdengo|100/100
|move|p1a: Pecharunt|Hex|p2a: Gholdengo
|-supereffective|p2a: Gholdengo
|-damage|p2a: Gholdengo|53/100
|
|-heal|p2a: Gholdengo|59/100|[from] item: Leftovers
|upkeep
|turn|21
|
|t:|1743800589
|switch|p2a: Ting-Lu|Ting-Lu|51/100 tox
|-ability|p2a: Ting-Lu|Vessel of Ruin
|move|p1a: Pecharunt|Hex|p2a: Ting-Lu
|-resisted|p2a: Ting-Lu
|-damage|p2a: Ting-Lu|42/100 tox
|
|-heal|p2a: Ting-Lu|48/100 tox|[from] item: Leftovers
|-damage|p2a: Ting-Lu|42/100 tox|[from] psn
|upkeep
|turn|22
|
|t:|1743800600
|move|p1a: Pecharunt|Hex|p2a: Ting-Lu
|-resisted|p2a: Ting-Lu
|-damage|p2a: Ting-Lu|34/100 tox
|move|p2a: Ting-Lu|Earthquake|p1a: Pecharunt
|-supereffective|p1a: Pecharunt
|-damage|p1a: Pecharunt|50/100
|
|-heal|p2a: Ting-Lu|40/100 tox|[from] item: Leftovers
|-damage|p2a: Ting-Lu|27/100 tox|[from] psn
|upkeep
|turn|23
|
|t:|1743800613
|move|p1a: Pecharunt|Recover|p1a: Pecharunt
|-heal|p1a: Pecharunt|100/100
|move|p2a: Ting-Lu|Earthquake|p1a: Pecharunt
|-supereffective|p1a: Pecharunt
|-damage|p1a: Pecharunt|54/100
|
|-heal|p2a: Ting-Lu|34/100 tox|[from] item: Leftovers
|-damage|p2a: Ting-Lu|15/100 tox|[from] psn
|upkeep
|turn|24
|
|t:|1743800623
|switch|p2a: Toxapex|Toxapex, F|97/100 par
|move|p1a: Pecharunt|Hex|p2a: Toxapex
|-damage|p2a: Toxapex|69/100 par
|
|upkeep
|turn|25
|
|t:|1743800632
|move|p1a: Pecharunt|Recover|p1a: Pecharunt
|-heal|p1a: Pecharunt|100/100
|move|p2a: Toxapex|Infestation|p1a: Pecharunt
|-resisted|p1a: Pecharunt
|-damage|p1a: Pecharunt|99/100
|-activate|p1a: Pecharunt|move: Infestation|[of] p2a: Toxapex
|-damage|p2a: Toxapex|53/100 par|[from] item: Rocky Helmet|[of] p1a: Pecharunt
|
|-damage|p1a: Pecharunt|83/100|[from] move: Infestation|[partiallytrapped]
|upkeep
|turn|26
|
|t:|1743800644
|move|p1a: Pecharunt|Hex|p2a: Toxapex
|-damage|p2a: Toxapex|25/100 par
|move|p2a: Toxapex|Recover|p2a: Toxapex
|-heal|p2a: Toxapex|75/100 par
|
|-damage|p1a: Pecharunt|67/100|[from] move: Infestation|[partiallytrapped]
|upkeep
|turn|27
|
|t:|1743800653
|move|p1a: Pecharunt|Hex|p2a: Toxapex
|-damage|p2a: Toxapex|50/100 par
|move|p2a: Toxapex|Recover|p2a: Toxapex
|-heal|p2a: Toxapex|99/100 par
|
|-damage|p1a: Pecharunt|50/100|[from] move: Infestation|[partiallytrapped]
|upkeep
|turn|28
|
|t:|1743800667
|move|p1a: Pecharunt|Hex|p2a: Toxapex
|-damage|p2a: Toxapex|74/100 par
|move|p2a: Toxapex|Infestation|p1a: Pecharunt
|-resisted|p1a: Pecharunt
|-damage|p1a: Pecharunt|49/100
|-damage|p2a: Toxapex|58/100 par|[from] item: Rocky Helmet|[of] p1a: Pecharunt
|
|-damage|p1a: Pecharunt|33/100|[from] move: Infestation|[partiallytrapped]
|upkeep
|turn|29
|
|t:|1743800677
|move|p1a: Pecharunt|Hex|p2a: Toxapex
|-damage|p2a: Toxapex|32/100 par
|move|p2a: Toxapex|Recover|p2a: Toxapex
|-heal|p2a: Toxapex|82/100 par
|
|-damage|p1a: Pecharunt|16/100|[from] move: Infestation|[partiallytrapped]
|upkeep
|turn|30
|
|t:|1743800692
|move|p1a: Pecharunt|Recover|p1a: Pecharunt
|-heal|p1a: Pecharunt|66/100
|move|p2a: Toxapex|Recover|p2a: Toxapex
|-heal|p2a: Toxapex|100/100 par
|
|-end|p1a: Pecharunt|Infestation|[partiallytrapped]
|upkeep
|turn|31
|
|t:|1743800699
|move|p1a: Pecharunt|Hex|p2a: Toxapex
|-damage|p2a: Toxapex|76/100 par
|move|p2a: Toxapex|Infestation|p1a: Pecharunt
|-resisted|p1a: Pecharunt
|-damage|p1a: Pecharunt|66/100
|-activate|p1a: Pecharunt|move: Infestation|[of] p2a: Toxapex
|-damage|p2a: Toxapex|59/100 par|[from] item: Rocky Helmet|[of] p1a: Pecharunt
|
|-damage|p1a: Pecharunt|49/100|[from] move: Infestation|[partiallytrapped]
|upkeep
|turn|32
|
|t:|1743800712
|move|p1a: Pecharunt|Hex|p2a: Toxapex
|-damage|p2a: Toxapex|33/100 par
|move|p2a: Toxapex|Recover|p2a: Toxapex
|-heal|p2a: Toxapex|83/100 par
|
|-damage|p1a: Pecharunt|33/100|[from] move: Infestation|[partiallytrapped]
|upkeep
|turn|33
|
|t:|1743800723
|cant|p2a: Toxapex|par
|move|p1a: Pecharunt|Hex|p2a: Toxapex
|-damage|p2a: Toxapex|57/100 par
|
|-damage|p1a: Pecharunt|16/100|[from] move: Infestation|[partiallytrapped]
|upkeep
|turn|34
|
|t:|1743800730
|move|p1a: Pecharunt|Recover|p1a: Pecharunt
|-heal|p1a: Pecharunt|66/100
|cant|p2a: Toxapex|par
|
|-damage|p1a: Pecharunt|49/100|[from] move: Infestation|[partiallytrapped]
|upkeep
|turn|35
|
|t:|1743800738
|move|p1a: Pecharunt|Hex|p2a: Toxapex
|-damage|p2a: Toxapex|29/100 par
|move|p2a: Toxapex|Recover|p2a: Toxapex
|-heal|p2a: Toxapex|79/100 par
|
|-damage|p1a: Pecharunt|33/100|[from] move: Infestation|[partiallytrapped]
|upkeep
|turn|36
|
|t:|1743800747
|move|p2a: Toxapex|Baneful Bunker|p2a: Toxapex
|-singleturn|p2a: Toxapex|move: Protect
|move|p1a: Pecharunt|Hex|p2a: Toxapex
|-activate|p2a: Toxapex|move: Protect
|
|-end|p1a: Pecharunt|Infestation|[partiallytrapped]
|upkeep
|turn|37
|
|t:|1743800755
|move|p1a: Pecharunt|Hex|p2a: Toxapex
|-damage|p2a: Toxapex|51/100 par
|move|p2a: Toxapex|Recover|p2a: Toxapex
|-heal|p2a: Toxapex|100/100 par
|
|upkeep
|turn|38
|
|t:|1743800764
|move|p1a: Pecharunt|Parting Shot|p2a: Toxapex
|-unboost|p2a: Toxapex|atk|1
|-unboost|p2a: Toxapex|spa|1
|
|t:|1743800766
|switch|p1a: Gholdengo|Gholdengo|94/100 brn|[from] Parting Shot
|-damage|p1a: Gholdengo|88/100 brn|[from] Stealth Rock
|move|p2a: Toxapex|Infestation|p1a: Gholdengo
|-resisted|p1a: Gholdengo
|-damage|p1a: Gholdengo|88/100 brn
|-activate|p1a: Gholdengo|move: Infestation|[of] p2a: Toxapex
|
|-heal|p1a: Gholdengo|94/100 brn|[from] item: Leftovers
|-damage|p1a: Gholdengo|88/100 brn|[from] brn
|-damage|p1a: Gholdengo|71/100 brn|[from] move: Infestation|[partiallytrapped]
|upkeep
|turn|39
|
|t:|1743800786
|move|p2a: Toxapex|Baneful Bunker|p2a: Toxapex
|-singleturn|p2a: Toxapex|move: Protect
|move|p1a: Gholdengo|Hex|p2a: Toxapex
|-activate|p2a: Toxapex|move: Protect
|
|-heal|p1a: Gholdengo|77/100 brn|[from] item: Leftovers
|-damage|p1a: Gholdengo|71/100 brn|[from] brn
|-damage|p1a: Gholdengo|55/100 brn|[from] move: Infestation|[partiallytrapped]
|upkeep
|turn|40
|
|t:|1743800803
|move|p1a: Gholdengo|Recover|p1a: Gholdengo
|-heal|p1a: Gholdengo|100/100 brn
|move|p2a: Toxapex|Recover||[still]
|-fail|p2a: Toxapex|heal
|
|-damage|p1a: Gholdengo|94/100 brn|[from] brn
|-damage|p1a: Gholdengo|78/100 brn|[from] move: Infestation|[partiallytrapped]
|upkeep
|turn|41
|
|t:|1743800821
|switch|p2a: Rillaboom|Rillaboom, M|34/100
|-fieldstart|move: Grassy Terrain|[from] ability: Grassy Surge|[of] p2a: Rillaboom
|move|p1a: Gholdengo|Thunder Wave|p2a: Rillaboom
|-status|p2a: Rillaboom|par
|
|-heal|p1a: Gholdengo|84/100 brn|[from] Grassy Terrain
|-heal|p1a: Gholdengo|90/100 brn|[from] item: Leftovers
|-heal|p2a: Rillaboom|40/100 par|[from] Grassy Terrain
|-damage|p1a: Gholdengo|84/100 brn|[from] brn
|-end|p1a: Gholdengo|Infestation|[partiallytrapped]|[silent]
|upkeep
|turn|42
|inactive|Hydreee has 120 seconds left.
|
|t:|1743800837
|move|p1a: Gholdengo|Hex|p2a: Rillaboom
|-damage|p2a: Rillaboom|0 fnt
|faint|p2a: Rillaboom
|
|-heal|p1a: Gholdengo|90/100 brn|[from] Grassy Terrain
|-heal|p1a: Gholdengo|96/100 brn|[from] item: Leftovers
|-damage|p1a: Gholdengo|90/100 brn|[from] brn
|upkeep
|inactive|Hydreee has 120 seconds left.
|
|t:|1743800847
|switch|p2a: Iron Moth|Iron Moth|100/100
|-enditem|p2a: Iron Moth|Booster Energy
|-activate|p2a: Iron Moth|ability: Quark Drive|[fromitem]
|-start|p2a: Iron Moth|quarkdrivespe
|turn|43
|inactive|Hydreee has 120 seconds left.
|
|t:|1743800870
|-terastallize|p2a: Iron Moth|Ground
|-terastallize|p1a: Gholdengo|Ghost
|move|p2a: Iron Moth|Fiery Dance|p1a: Gholdengo
|-damage|p1a: Gholdengo|49/100 brn
|-boost|p2a: Iron Moth|spa|1
|move|p1a: Gholdengo|Thunder Wave|p2a: Iron Moth
|-immune|p2a: Iron Moth
|
|-heal|p1a: Gholdengo|55/100 brn|[from] Grassy Terrain
|-heal|p1a: Gholdengo|61/100 brn|[from] item: Leftovers
|-damage|p1a: Gholdengo|55/100 brn|[from] brn
|upkeep
|turn|44
|inactive|Hydreee has 120 seconds left.
|
|t:|1743800887
|move|p2a: Iron Moth|Fiery Dance|p1a: Gholdengo
|-damage|p1a: Gholdengo|0 fnt
|faint|p1a: Gholdengo
|
|upkeep
|inactive|chikorita426 has 120 seconds left.
|
|t:|1743800912
|switch|p1a: Darkrai|Darkrai|100/100
|-damage|p1a: Darkrai|88/100|[from] Stealth Rock
|turn|45
|
|t:|1743800916
|move|p2a: Iron Moth|Dazzling Gleam|p1a: Darkrai
|-supereffective|p1a: Darkrai
|-damage|p1a: Darkrai|0 fnt
|faint|p1a: Darkrai
|
|-fieldend|move: Grassy Terrain
|upkeep
|l|☆chikorita426
|inactive|chikorita426 disconnected and has a minute to reconnect!
|player|p1|
|inactive|chikorita426 has 30 seconds to reconnect!
|inactive|chikorita426 has 20 seconds to reconnect!
|inactive|chikorita426 has 15 seconds to reconnect!
|inactive|chikorita426 has 10 seconds to reconnect!
|inactive|chikorita426 has 5 seconds to reconnect!
|-message|chikorita426 lost due to inactivity.
|
|win|Hydreee
|raw|chikorita426's rating: 1101 &rarr; <strong>1079</strong><br />(-22 for losing)
|raw|Hydreee's rating: 1142 &rarr; <strong>1164</strong><br />(+22 for winning)
|l|☆Hydreee
|player|p2|
|j|☆Hydreee
|player|p2|Hydreee|ingo|
