|j|☆moisix
|j|☆N0LegendZ--
|t:|1743890749
|gametype|singles
|player|p1|moisix|170|1127
|player|p2|N0LegendZ--|265|1143
|teamsize|p1|6
|teamsize|p2|6
|gen|9
|tier|[Gen 9] OU
|rated|
|rule|HP Percentage Mod: HP is shown in percentages
|rule|Endless Battle Clause: Forcing endless battles is banned
|rule|Species Clause: Limit one of each Pokémon
|rule|OHKO Clause: OHKO moves are banned
|rule|Evasion Items Clause: Evasion items are banned
|rule|Evasion Moves Clause: Evasion moves are banned
|rule|Sleep Moves Clause: Sleep-inducing moves are banned
|clearpoke
|poke|p1|Abomasnow, F|
|poke|p1|Jolteon, F|
|poke|p1|Cramorant, M|
|poke|p1|Haxorus, M|
|poke|p1|Pelipper, M|
|poke|p1|Tentacruel, F|
|poke|p2|Dragonite, M|
|poke|p2|Gliscor, M|
|poke|p2|Greninja-*, M|
|poke|p2|Blaziken, M|
|poke|p2|Hatterene, F|
|poke|p2|Gengar, F|
|teampreview
|inactive|Battle timer is ON: inactive players will automatically lose when time's up. (requested by N0LegendZ--)
|
|t:|1743890759
|start
|switch|p1a: Pelipper|Pelipper, M|100/100
|switch|p2a: The Reaper|Gengar, F|100/100
|-weather|RainDance|[from] ability: Drizzle|[of] p1a: Pelipper
|turn|1
|
|t:|1743890771
|move|p2a: The Reaper|Trick|p1a: Pelipper
|-activate|p2a: The Reaper|move: Trick|[of] p1a: Pelipper
|-item|p1a: Pelipper|Choice Scarf|[from] move: Trick
|-item|p2a: The Reaper|Rocky Helmet|[from] move: Trick
|move|p1a: Pelipper|U-turn|p2a: The Reaper
|-resisted|p2a: The Reaper
|-damage|p2a: The Reaper|96/100
|-damage|p1a: Pelipper|84/100|[from] item: Rocky Helmet|[of] p2a: The Reaper
|inactive|moisix has 120 seconds left.
|
|t:|1743890796
|switch|p1a: Jolteon|Jolteon, F|100/100|[from] U-turn
|
|-weather|RainDance|[upkeep]
|upkeep
|turn|2
|
|t:|1743890805
|move|p1a: Jolteon|Weather Ball|p2a: The Reaper
|-crit|p2a: The Reaper
|-damage|p2a: The Reaper|0 fnt
|faint|p2a: The Reaper
|
|-weather|RainDance|[upkeep]
|upkeep
|
|t:|1743890813
|switch|p2a: DracoKnight|Dragonite, M|100/100
|turn|3
|
|t:|1743890819
|switch|p1a: Abomasnow|Abomasnow, F|100/100
|-weather|Snowscape|[from] ability: Snow Warning|[of] p1a: Abomasnow
|move|p2a: DracoKnight|Dragon Dance|p2a: DracoKnight
|-boost|p2a: DracoKnight|atk|1
|-boost|p2a: DracoKnight|spe|1
|
|-weather|Snowscape|[upkeep]
|upkeep
|turn|4
|
|t:|1743890829
|-terastallize|p2a: DracoKnight|Normal
|move|p2a: DracoKnight|Dragon Dance|p2a: DracoKnight
|-boost|p2a: DracoKnight|atk|1
|-boost|p2a: DracoKnight|spe|1
|move|p1a: Abomasnow|Blizzard|p2a: DracoKnight
|-damage|p2a: DracoKnight|66/100
|-damage|p1a: Abomasnow|91/100|[from] item: Life Orb
|
|-weather|Snowscape|[upkeep]
|upkeep
|turn|5
|
|t:|1743890844
|move|p2a: DracoKnight|Dragon Claw|p1a: Abomasnow
|-damage|p1a: Abomasnow|15/100
|move|p1a: Abomasnow|Blizzard|p2a: DracoKnight
|-damage|p2a: DracoKnight|2/100
|-damage|p1a: Abomasnow|5/100|[from] item: Life Orb
|
|-weather|Snowscape|[upkeep]
|upkeep
|turn|6
|
|t:|1743890857
|move|p2a: DracoKnight|Extreme Speed|p1a: Abomasnow
|-crit|p1a: Abomasnow
|-damage|p1a: Abomasnow|0 fnt
|faint|p1a: Abomasnow
|
|-weather|Snowscape|[upkeep]
|upkeep
|
|t:|1743890864
|switch|p1a: Haxorus|Haxorus, M|100/100
|-ability|p1a: Haxorus|Mold Breaker
|turn|7
|
|t:|1743890879
|switch|p1a: Cramorant|Cramorant, M|100/100
|move|p2a: DracoKnight|Dragon Claw|p1a: Cramorant
|-damage|p1a: Cramorant|0 fnt
|faint|p1a: Cramorant
|
|-weather|none
|upkeep
|
|t:|1743890888
|switch|p1a: Pelipper|Pelipper, M|84/100
|-weather|RainDance|[from] ability: Drizzle|[of] p1a: Pelipper
|turn|8
|
|t:|1743890893
|move|p2a: DracoKnight|Dragon Claw|p1a: Pelipper
|-damage|p1a: Pelipper|13/100
|move|p1a: Pelipper|U-turn|p2a: DracoKnight
|-damage|p2a: DracoKnight|0 fnt
|faint|p2a: DracoKnight
|
|t:|1743890916
|switch|p1a: Tentacruel|Tentacruel, F|100/100|[from] U-turn
|
|-weather|RainDance|[upkeep]
|upkeep
|
|t:|1743890923
|switch|p2a: Laterna|Hatterene, F|100/100
|turn|9
|
|t:|1743890930
|move|p1a: Tentacruel|Acid Spray|p2a: Laterna
|-supereffective|p2a: Laterna
|-damage|p2a: Laterna|78/100
|-unboost|p2a: Laterna|spd|2
|move|p2a: Laterna|Nuzzle|p1a: Tentacruel
|-supereffective|p1a: Tentacruel
|-damage|p1a: Tentacruel|91/100
|-status|p1a: Tentacruel|par
|
|-weather|RainDance|[upkeep]
|upkeep
|turn|10
|
|t:|1743890944
|switch|p2a: SkorBat|Gliscor, M|100/100
|move|p1a: Tentacruel|Acid Spray|p2a: SkorBat
|-resisted|p2a: SkorBat
|-damage|p2a: SkorBat|91/100
|-unboost|p2a: SkorBat|spd|2
|
|-weather|RainDance|[upkeep]
|-status|p2a: SkorBat|tox|[from] item: Toxic Orb
|upkeep
|turn|11
|
|t:|1743890955
|move|p2a: SkorBat|U-turn|p1a: Tentacruel
|-resisted|p1a: Tentacruel
|-damage|p1a: Tentacruel|81/100 par
|
|t:|1743890959
|switch|p2a: Laterna|Hatterene, F|78/100|[from] U-turn
|move|p1a: Tentacruel|Surf|p2a: Laterna
|-damage|p2a: Laterna|45/100
|
|-weather|RainDance|[upkeep]
|upkeep
|turn|12
|
|t:|1743890967
|move|p1a: Tentacruel|Acid Spray|p2a: Laterna
|-supereffective|p2a: Laterna
|-damage|p2a: Laterna|25/100
|-unboost|p2a: Laterna|spd|2
|move|p2a: Laterna|Psychic Noise|p1a: Tentacruel
|-supereffective|p1a: Tentacruel
|-damage|p1a: Tentacruel|34/100 par
|-start|p1a: Tentacruel|move: Heal Block
|
|-weather|none
|upkeep
|turn|13
|
|t:|1743890979
|move|p1a: Tentacruel|Surf|p2a: Laterna
|-damage|p2a: Laterna|0 fnt
|faint|p2a: Laterna
|
|-end|p1a: Tentacruel|move: Heal Block
|upkeep
|
|t:|1743890985
|switch|p2a: SkorBat|Gliscor, M|91/100 tox
|turn|14
|
|t:|1743890996
|switch|p1a: Pelipper|Pelipper, M|13/100
|-weather|RainDance|[from] ability: Drizzle|[of] p1a: Pelipper
|move|p2a: SkorBat|Substitute|p2a: SkorBat
|-start|p2a: SkorBat|Substitute
|-damage|p2a: SkorBat|66/100 tox
|
|-weather|RainDance|[upkeep]
|-heal|p2a: SkorBat|78/100 tox|[from] ability: Poison Heal
|upkeep
|turn|15
|
|t:|1743891007
|move|p1a: Pelipper|Hurricane|p2a: SkorBat
|-end|p2a: SkorBat|Substitute
|move|p2a: SkorBat|Toxic|p1a: Pelipper
|-status|p1a: Pelipper|tox
|
|-weather|RainDance|[upkeep]
|-damage|p1a: Pelipper|7/100 tox|[from] psn
|-heal|p2a: SkorBat|91/100 tox|[from] ability: Poison Heal
|upkeep
|turn|16
|inactive|moisix has 120 seconds left.
|
|t:|1743891044
|switch|p1a: Jolteon|Jolteon, F|100/100
|switch|p2a: Greninja|Greninja, M|100/100
|
|-weather|RainDance|[upkeep]
|upkeep
|turn|17
|inactive|moisix has 120 seconds left.
|
|t:|1743891053
|move|p2a: Greninja|Water Shuriken|p1a: Jolteon
|-damage|p1a: Jolteon|83/100
|-damage|p1a: Jolteon|65/100
|-damage|p1a: Jolteon|48/100
|-hitcount|p1a: Jolteon|3
|-damage|p2a: Greninja|91/100|[from] item: Life Orb
|move|p1a: Jolteon|Thunder|p2a: Greninja
|-supereffective|p2a: Greninja
|-damage|p2a: Greninja|0 fnt
|faint|p2a: Greninja
|
|-weather|RainDance|[upkeep]
|upkeep
|
|t:|1743891067
|switch|p2a: Cocky|Blaziken, M, shiny|100/100
|turn|18
|
|t:|1743891075
|move|p1a: Jolteon|Thunder|p2a: Cocky
|-damage|p2a: Cocky|0 fnt
|faint|p2a: Cocky
|
|-weather|none
|upkeep
|
|t:|1743891081
|switch|p2a: SkorBat|Gliscor, M|91/100 tox
|turn|19
|-message|N0LegendZ-- forfeited.
|
|win|moisix
|raw|moisix's rating: 1127 &rarr; <strong>1153</strong><br />(+26 for winning)
|raw|N0LegendZ--'s rating: 1143 &rarr; <strong>1117</strong><br />(-26 for losing)
|l|☆N0LegendZ--
|player|p2|
|l|☆moisix
|player|p1|
