|j|☆chubby hi hi see
|j|☆hei_mao666
|t:|1743832851
|gametype|singles
|player|p1|chubby hi hi see|265|1141
|player|p2|hei_mao666|hilbert|1160
|teamsize|p1|6
|teamsize|p2|6
|gen|9
|tier|[Gen 9] OU
|rated|
|rule|HP Percentage Mod: HP is shown in percentages
|rule|Endless Battle Clause: Forcing endless battles is banned
|rule|Species Clause: Limit one of each Pokémon
|rule|OHKO Clause: OHKO moves are banned
|rule|Evasion Items Clause: Evasion items are banned
|rule|Evasion Moves Clause: Evasion moves are banned
|rule|Sleep Moves Clause: Sleep-inducing moves are banned
|clearpoke
|poke|p1|Maushold|
|poke|p1|Iron Valiant|
|poke|p1|Landorus-Therian, M|
|poke|p1|Dragapult, M|
|poke|p1|Hoopa-Unbound|
|poke|p1|Goodra-Hisui, F|
|poke|p2|Gholdengo|
|poke|p2|Raging Bolt|
|poke|p2|Dragapult, F|
|poke|p2|Blaziken, M|
|poke|p2|Alomomola, M|
|poke|p2|Rillaboom, F|
|teampreview
|
|t:|1743832873
|start
|switch|p1a: Dragapult|Dragapult, M|100/100
|switch|p2a: Blaziken|Blaziken, M|100/100
|turn|1
|
|t:|1743832885
|move|p1a: Dragapult|Thunder Wave|p2a: Blaziken
|-status|p2a: Blaziken|par
|move|p2a: Blaziken|Swords Dance|p2a: Blaziken
|-boost|p2a: Blaziken|atk|2
|
|-ability|p2a: Blaziken|Speed Boost|boost
|-boost|p2a: Blaziken|spe|1
|upkeep
|turn|2
|
|t:|1743832896
|move|p1a: Dragapult|U-turn|p2a: Blaziken
|-resisted|p2a: Blaziken
|-damage|p2a: Blaziken|92/100 par
|
|t:|1743832899
|switch|p1a: Landorus|Landorus-Therian, M|100/100|[from] U-turn
|-ability|p1a: Landorus|Intimidate|boost
|-unboost|p2a: Blaziken|atk|1
|move|p2a: Blaziken|Flare Blitz|p1a: Landorus
|-damage|p1a: Landorus|0 fnt
|faint|p1a: Landorus
|-damage|p2a: Blaziken|57/100 par|[from] Recoil
|-damage|p2a: Blaziken|48/100 par|[from] item: Life Orb
|
|-ability|p2a: Blaziken|Speed Boost|boost
|-boost|p2a: Blaziken|spe|1
|upkeep
|
|t:|1743832910
|switch|p1a: Iron Valiant|Iron Valiant|100/100
|-enditem|p1a: Iron Valiant|Booster Energy
|-activate|p1a: Iron Valiant|ability: Quark Drive|[fromitem]
|-start|p1a: Iron Valiant|quarkdrivespe
|turn|3
|
|t:|1743832916
|move|p1a: Iron Valiant|Moonblast|p2a: Blaziken
|-damage|p2a: Blaziken|0 fnt
|faint|p2a: Blaziken
|
|upkeep
|
|t:|1743832920
|switch|p2a: Rillaboom|Rillaboom, F|100/100
|-fieldstart|move: Grassy Terrain|[from] ability: Grassy Surge|[of] p2a: Rillaboom
|turn|4
|
|t:|1743832932
|move|p2a: Rillaboom|Grassy Glide|p1a: Iron Valiant
|-damage|p1a: Iron Valiant|53/100
|move|p1a: Iron Valiant|Knock Off|p2a: Rillaboom
|-damage|p2a: Rillaboom|75/100
|-enditem|p2a: Rillaboom|Leftovers|[from] move: Knock Off|[of] p1a: Iron Valiant
|
|-heal|p1a: Iron Valiant|60/100|[from] Grassy Terrain
|-heal|p2a: Rillaboom|81/100|[from] Grassy Terrain
|upkeep
|turn|5
|
|t:|1743832945
|-end|p1a: Iron Valiant|Quark Drive|[silent]
|switch|p1a: Goodra|Goodra-Hisui, F|100/100
|move|p2a: Rillaboom|Wood Hammer|p1a: Goodra
|-resisted|p1a: Goodra
|-damage|p1a: Goodra|84/100
|-damage|p2a: Rillaboom|76/100|[from] Recoil
|
|-heal|p2a: Rillaboom|82/100|[from] Grassy Terrain
|-heal|p1a: Goodra|90/100|[from] Grassy Terrain
|-heal|p1a: Goodra|96/100|[from] item: Leftovers
|upkeep
|turn|6
|
|t:|1743832955
|move|p2a: Rillaboom|Taunt|p1a: Goodra
|-start|p1a: Goodra|move: Taunt
|cant|p1a: Goodra|move: Taunt|Curse
|
|-heal|p2a: Rillaboom|89/100|[from] Grassy Terrain
|-heal|p1a: Goodra|100/100|[from] Grassy Terrain
|upkeep
|turn|7
|
|t:|1743832962
|move|p2a: Rillaboom|U-turn|p1a: Goodra
|-resisted|p1a: Goodra
|-damage|p1a: Goodra|91/100
|
|t:|1743832966
|switch|p2a: Raging Bolt|Raging Bolt|100/100|[from] U-turn
|move|p1a: Goodra|Gyro Ball|p2a: Raging Bolt
|-resisted|p2a: Raging Bolt
|-damage|p2a: Raging Bolt|95/100
|
|-heal|p2a: Raging Bolt|100/100|[from] Grassy Terrain
|-heal|p1a: Goodra|97/100|[from] Grassy Terrain
|-heal|p1a: Goodra|100/100|[from] item: Leftovers
|upkeep
|turn|8
|
|t:|1743832989
|switch|p1a: Hoopa|Hoopa-Unbound|100/100
|move|p2a: Raging Bolt|Thunder|p1a: Hoopa
|-damage|p1a: Hoopa|47/100
|-status|p1a: Hoopa|par
|
|-heal|p1a: Hoopa|53/100 par|[from] Grassy Terrain
|-fieldend|move: Grassy Terrain
|upkeep
|turn|9
|
|t:|1743832998
|switch|p1a: Goodra|Goodra-Hisui, F|100/100
|move|p2a: Raging Bolt|Thunder|p1a: Goodra
|-resisted|p1a: Goodra
|-damage|p1a: Goodra|74/100
|
|-heal|p1a: Goodra|80/100|[from] item: Leftovers
|upkeep
|turn|10
|
|t:|1743833012
|-end|p2a: Raging Bolt|Protosynthesis|[silent]
|switch|p2a: Dragapult|Dragapult, F|100/100
|move|p1a: Goodra|Substitute|p1a: Goodra
|-start|p1a: Goodra|Substitute
|-damage|p1a: Goodra|55/100
|
|-heal|p1a: Goodra|61/100|[from] item: Leftovers
|upkeep
|turn|11
|
|t:|1743833020
|-terastallize|p2a: Dragapult|Dragon
|move|p2a: Dragapult|Dragon Darts|p1a: Goodra
|-end|p1a: Goodra|Substitute
|-anim|p2a: Dragapult|Dragon Darts|p1a: Goodra
|-damage|p1a: Goodra|23/100
|move|p1a: Goodra|Curse|p1a: Goodra
|-unboost|p1a: Goodra|spe|1
|-boost|p1a: Goodra|atk|1
|-boost|p1a: Goodra|def|1
|
|-heal|p1a: Goodra|29/100|[from] item: Leftovers
|upkeep
|turn|12
|
|t:|1743833031
|switch|p1a: Iron Valiant|Iron Valiant|60/100
|move|p2a: Dragapult|Dragon Darts|p1a: Iron Valiant
|-immune|p1a: Iron Valiant
|
|upkeep
|turn|13
|
|t:|1743833042
|switch|p2a: Gholdengo|Gholdengo|100/100
|move|p1a: Iron Valiant|Moonblast|p2a: Gholdengo
|-resisted|p2a: Gholdengo
|-damage|p2a: Gholdengo|71/100
|
|upkeep
|turn|14
|
|t:|1743833054
|-end|p1a: Iron Valiant|Quark Drive|[silent]
|switch|p1a: Hoopa|Hoopa-Unbound|53/100 par
|move|p2a: Gholdengo|Shadow Ball|p1a: Hoopa
|-damage|p1a: Hoopa|16/100 par
|
|upkeep
|turn|15
|
|t:|1743833064
|move|p2a: Gholdengo|Shadow Ball|p1a: Hoopa
|-damage|p1a: Hoopa|0 fnt
|faint|p1a: Hoopa
|
|upkeep
|
|t:|1743833066
|switch|p1a: Maushold|Maushold|100/100
|turn|16
|
|t:|1743833073
|switch|p2a: Alomomola|Alomomola, M|100/100
|move|p1a: Maushold|Tidy Up|p1a: Maushold
|-boost|p1a: Maushold|atk|1
|-boost|p1a: Maushold|spe|1
|
|upkeep
|turn|17
|
|t:|1743833079
|move|p1a: Maushold|Bullet Seed|p2a: Alomomola
|-supereffective|p2a: Alomomola
|-damage|p2a: Alomomola|84/100
|-supereffective|p2a: Alomomola
|-damage|p2a: Alomomola|66/100
|-supereffective|p2a: Alomomola
|-crit|p2a: Alomomola
|-damage|p2a: Alomomola|40/100
|-hitcount|p2a: Alomomola|3
|move|p2a: Alomomola|Whirlpool|p1a: Maushold
|-damage|p1a: Maushold|91/100
|-activate|p1a: Maushold|move: Whirlpool|[of] p2a: Alomomola
|
|-heal|p2a: Alomomola|46/100|[from] item: Leftovers
|-damage|p1a: Maushold|79/100|[from] move: Whirlpool|[partiallytrapped]
|upkeep
|turn|18
|
|t:|1743833093
|move|p2a: Alomomola|Protect|p2a: Alomomola
|-singleturn|p2a: Alomomola|Protect
|move|p1a: Maushold|Population Bomb|p2a: Alomomola
|-activate|p2a: Alomomola|move: Protect
|
|-heal|p2a: Alomomola|52/100|[from] item: Leftovers
|-damage|p1a: Maushold|66/100|[from] move: Whirlpool|[partiallytrapped]
|upkeep
|turn|19
|
|t:|1743833108
|switch|p2a: Rillaboom|Rillaboom, F|89/100
|-fieldstart|move: Grassy Terrain|[from] ability: Grassy Surge|[of] p2a: Rillaboom
|move|p1a: Maushold|Population Bomb|p2a: Rillaboom
|-damage|p2a: Rillaboom|71/100
|-crit|p2a: Rillaboom
|-damage|p2a: Rillaboom|47/100
|-damage|p2a: Rillaboom|30/100
|-damage|p2a: Rillaboom|15/100
|-damage|p2a: Rillaboom|0 fnt
|faint|p2a: Rillaboom
|-hitcount|p2: Rillaboom|5
|
|-heal|p1a: Maushold|72/100|[from] Grassy Terrain
|-end|p1a: Maushold|Whirlpool|[partiallytrapped]|[silent]
|upkeep
|
|t:|1743833122
|switch|p2a: Gholdengo|Gholdengo|71/100
|turn|20
|
|t:|1743833130
|move|p1a: Maushold|Beat Up|p2a: Gholdengo
|-supereffective|p2a: Gholdengo
|-damage|p2a: Gholdengo|55/100
|-supereffective|p2a: Gholdengo
|-crit|p2a: Gholdengo
|-damage|p2a: Gholdengo|23/100
|-supereffective|p2a: Gholdengo
|-damage|p2a: Gholdengo|0 fnt
|faint|p2a: Gholdengo
|-hitcount|p2: Gholdengo|3
|
|-heal|p1a: Maushold|79/100|[from] Grassy Terrain
|upkeep
|-message|hei_mao666 forfeited.
|
|win|chubby hi hi see
|raw|chubby hi hi see's rating: 1141 &rarr; <strong>1167</strong><br />(+26 for winning)
|raw|hei_mao666's rating: 1160 &rarr; <strong>1134</strong><br />(-26 for losing)
|l|☆hei_mao666
|player|p2|
|l|☆chubby hi hi see
|player|p1|
