|j|☆Fwhii
|j|☆grannykisser666
|t:|1743916266
|gametype|singles
|player|p1|Fwhii|swimmerf-gen4|1138
|player|p2|grannykisser666|brycen|1091
|teamsize|p1|6
|teamsize|p2|6
|gen|9
|tier|[Gen 9] OU
|rated|
|rule|HP Percentage Mod: HP is shown in percentages
|rule|Endless Battle Clause: Forcing endless battles is banned
|rule|Species Clause: Limit one of each Pokémon
|rule|OHKO Clause: OHKO moves are banned
|rule|Evasion Items Clause: Evasion items are banned
|rule|Evasion Moves Clause: Evasion moves are banned
|rule|Sleep Moves Clause: Sleep-inducing moves are banned
|clearpoke
|poke|p1|Landorus-Therian, M|
|poke|p1|Meowscarada, M|
|poke|p1|Walking Wake|
|poke|p1|Clefable, M|
|poke|p1|Gholdengo|
|poke|p1|Torkoal, F|
|poke|p2|Avalugg, M|
|poke|p2|Ambipom, F|
|poke|p2|Scyther, F|
|poke|p2|Raichu, F|
|poke|p2|Exeggutor-Alola, F|
|poke|p2|Espeon, F|
|teampreview
|inactive|Battle timer is ON: inactive players will automatically lose when time's up. (requested by Fwhii)
|
|t:|1743916277
|start
|switch|p1a: Meowscarada|Meowscarada, M|100/100
|switch|p2a: Ambipom|Ambipom, F|100/100
|turn|1
|
|t:|1743916296
|switch|p1a: Gholdengo|Gholdengo|100/100
|-item|p1a: Gholdengo|Air Balloon
|move|p2a: Ambipom|Switcheroo|p1a: Gholdengo
|-immune|p1a: Gholdengo|[from] ability: Good as Gold
|
|upkeep
|turn|2
|
|t:|1743916312
|switch|p2a: Espeon|Espeon, F|100/100
|move|p1a: Gholdengo|Make It Rain|p2a: Espeon
|-damage|p2a: Espeon|8/100
|-unboost|p1a: Gholdengo|spa|1
|
|-heal|p2a: Espeon|14/100|[from] item: Leftovers
|upkeep
|turn|3
|
|t:|1743916321
|switch|p1a: Torkoal|Torkoal, F|100/100
|-weather|SunnyDay|[from] ability: Drought|[of] p1a: Torkoal
|move|p2a: Espeon|Calm Mind|p2a: Espeon
|-boost|p2a: Espeon|spa|1
|-boost|p2a: Espeon|spd|1
|
|-weather|SunnyDay|[upkeep]
|-heal|p2a: Espeon|20/100|[from] item: Leftovers
|upkeep
|turn|4
|
|t:|1743916330
|move|p2a: Espeon|Psychic|p1a: Torkoal
|-damage|p1a: Torkoal|14/100
|move|p1a: Torkoal|Heat Wave|p2a: Espeon
|-damage|p2a: Espeon|0 fnt
|faint|p2a: Espeon
|
|-weather|SunnyDay|[upkeep]
|upkeep
|
|t:|1743916339
|switch|p2a: Scyther|Scyther, F|100/100
|turn|5
|
|t:|1743916343
|switch|p1a: Landorus|Landorus-Therian, M|100/100
|-ability|p1a: Landorus|Intimidate|boost
|-unboost|p2a: Scyther|atk|1
|move|p2a: Scyther|Dual Wingbeat|p1a: Landorus
|-damage|p1a: Landorus|80/100
|-damage|p1a: Landorus|60/100
|-hitcount|p1a: Landorus|2
|
|-weather|SunnyDay|[upkeep]
|-heal|p1a: Landorus|66/100|[from] item: Leftovers
|upkeep
|turn|6
|
|t:|1743916350
|switch|p2a: Ambipom|Ambipom, F|100/100
|move|p1a: Landorus|U-turn|p2a: Ambipom
|-damage|p2a: Ambipom|54/100
|
|t:|1743916357
|switch|p1a: Gholdengo|Gholdengo|100/100|[from] U-turn
|-item|p1a: Gholdengo|Air Balloon
|
|-weather|SunnyDay|[upkeep]
|upkeep
|turn|7
|
|t:|1743916375
|move|p2a: Ambipom|Triple Axel|p1a: Gholdengo
|-resisted|p1a: Gholdengo
|-damage|p1a: Gholdengo|97/100
|-enditem|p1a: Gholdengo|Air Balloon
|-resisted|p1a: Gholdengo
|-damage|p1a: Gholdengo|88/100
|-resisted|p1a: Gholdengo
|-damage|p1a: Gholdengo|76/100
|-hitcount|p1a: Gholdengo|3
|move|p1a: Gholdengo|Make It Rain|p2a: Ambipom
|-damage|p2a: Ambipom|0 fnt
|-unboost|p1a: Gholdengo|spa|1
|faint|p2a: Ambipom
|
|-weather|SunnyDay|[upkeep]
|upkeep
|
|t:|1743916387
|switch|p2a: Scyther|Scyther, F|100/100
|turn|8
|
|t:|1743916392
|switch|p1a: Landorus|Landorus-Therian, M|66/100
|-ability|p1a: Landorus|Intimidate|boost
|-unboost|p2a: Scyther|atk|1
|move|p2a: Scyther|Swords Dance|p2a: Scyther
|-boost|p2a: Scyther|atk|2
|
|-weather|SunnyDay|[upkeep]
|-heal|p1a: Landorus|72/100|[from] item: Leftovers
|upkeep
|turn|9
|
|t:|1743916399
|move|p2a: Scyther|Swords Dance|p2a: Scyther
|-boost|p2a: Scyther|atk|2
|move|p1a: Landorus|U-turn|p2a: Scyther
|-resisted|p2a: Scyther
|-damage|p2a: Scyther|87/100
|
|t:|1743916408
|switch|p1a: Gholdengo|Gholdengo|76/100|[from] U-turn
|
|-weather|SunnyDay|[upkeep]
|upkeep
|turn|10
|
|t:|1743916415
|move|p2a: Scyther|Dual Wingbeat|p1a: Gholdengo
|-resisted|p1a: Gholdengo
|-damage|p1a: Gholdengo|42/100
|-resisted|p1a: Gholdengo
|-damage|p1a: Gholdengo|11/100
|-hitcount|p1a: Gholdengo|2
|move|p1a: Gholdengo|Thunderbolt|p2a: Scyther
|-supereffective|p2a: Scyther
|-damage|p2a: Scyther|25/100
|
|-weather|none
|upkeep
|turn|11
|
|t:|1743916426
|switch|p1a: Landorus|Landorus-Therian, M|72/100
|-ability|p1a: Landorus|Intimidate|boost
|-unboost|p2a: Scyther|atk|1
|move|p2a: Scyther|Dual Wingbeat|p1a: Landorus
|-damage|p1a: Landorus|1/100
|-damage|p1a: Landorus|0 fnt
|faint|p1a: Landorus
|-hitcount|p1: Landorus|2
|
|upkeep
|
|t:|1743916434
|switch|p1a: Torkoal|Torkoal, F|14/100
|-weather|SunnyDay|[from] ability: Drought|[of] p1a: Torkoal
|turn|12
|
|t:|1743916445
|move|p2a: Scyther|Dual Wingbeat|p1a: Torkoal|[miss]
|-miss|p2a: Scyther|p1a: Torkoal
|move|p1a: Torkoal|Heat Wave|p2a: Scyther
|-supereffective|p2a: Scyther
|-damage|p2a: Scyther|0 fnt
|faint|p2a: Scyther
|
|-weather|SunnyDay|[upkeep]
|upkeep
|
|t:|1743916451
|switch|p2a: Raichu|Raichu, F|100/100
|turn|13
|
|t:|1743916455
|move|p2a: Raichu|Surf|p1a: Torkoal
|-supereffective|p1a: Torkoal
|-damage|p1a: Torkoal|0 fnt
|faint|p1a: Torkoal
|-damage|p2a: Raichu|91/100|[from] item: Life Orb
|
|-weather|SunnyDay|[upkeep]
|upkeep
|
|t:|1743916459
|switch|p1a: Walking Wake|Walking Wake|100/100
|-activate|p1a: Walking Wake|ability: Protosynthesis
|-start|p1a: Walking Wake|protosynthesisspa
|turn|14
|
|t:|1743916470
|move|p1a: Walking Wake|Hydro Steam|p2a: Raichu
|-damage|p2a: Raichu|0 fnt
|faint|p2a: Raichu
|
|-weather|SunnyDay|[upkeep]
|upkeep
|
|t:|1743916478
|switch|p2a: Exeggutor|Exeggutor-Alola, F|100/100
|turn|15
|
|t:|1743916484
|-end|p1a: Walking Wake|Protosynthesis|[silent]
|switch|p1a: Clefable|Clefable, M|100/100
|move|p2a: Exeggutor|Leech Seed|p1a: Clefable
|-start|p1a: Clefable|move: Leech Seed
|
|-weather|SunnyDay|[upkeep]
|-damage|p1a: Clefable|88/100|[from] Leech Seed|[of] p2a: Exeggutor
|upkeep
|turn|16
|
|t:|1743916495
|move|p2a: Exeggutor|Substitute|p2a: Exeggutor
|-start|p2a: Exeggutor|Substitute
|-damage|p2a: Exeggutor|75/100
|move|p1a: Clefable|Wish|p1a: Clefable
|
|-weather|SunnyDay|[upkeep]
|-heal|p1a: Clefable|94/100|[from] item: Leftovers
|-damage|p1a: Clefable|82/100|[from] Leech Seed|[of] p2a: Exeggutor
|-heal|p2a: Exeggutor|88/100|[silent]
|upkeep
|turn|17
|
|t:|1743916501
|switch|p1a: Gholdengo|Gholdengo|11/100
|move|p2a: Exeggutor|Flamethrower|p1a: Gholdengo
|-supereffective|p1a: Gholdengo
|-damage|p1a: Gholdengo|0 fnt
|faint|p1a: Gholdengo
|
|-weather|SunnyDay|[upkeep]
|upkeep
|
|t:|1743916512
|switch|p1a: Meowscarada|Meowscarada, M|100/100
|turn|18
|
|t:|1743916517
|move|p1a: Meowscarada|Triple Axel|p2a: Exeggutor
|-start|p1a: Meowscarada|typechange|Ice|[from] ability: Protean
|-supereffective|p2a: Exeggutor
|-end|p2a: Exeggutor|Substitute
|-supereffective|p2a: Exeggutor
|-damage|p2a: Exeggutor|10/100
|-enditem|p2a: Exeggutor|Sitrus Berry|[eat]
|-heal|p2a: Exeggutor|35/100|[from] item: Sitrus Berry
|-supereffective|p2a: Exeggutor
|-damage|p2a: Exeggutor|0 fnt
|faint|p2a: Exeggutor
|-hitcount|p2: Exeggutor|3
|
|-weather|SunnyDay|[upkeep]
|upkeep
|
|t:|1743916520
|switch|p2a: Avalugg|Avalugg, M|100/100
|turn|19
|
|t:|1743916528
|switch|p1a: Clefable|Clefable, M|82/100
|move|p2a: Avalugg|Iron Defense|p2a: Avalugg
|-boost|p2a: Avalugg|def|2
|
|-weather|none
|-heal|p1a: Clefable|88/100|[from] item: Leftovers
|upkeep
|turn|20
|
|t:|1743916535
|move|p1a: Clefable|Flamethrower|p2a: Avalugg
|-supereffective|p2a: Avalugg
|-damage|p2a: Avalugg|22/100
|move|p2a: Avalugg|Body Press|p1a: Clefable
|-resisted|p1a: Clefable
|-damage|p1a: Clefable|67/100
|
|-heal|p1a: Clefable|73/100|[from] item: Leftovers
|upkeep
|turn|21
|-message|grannykisser666 forfeited.
|
|win|Fwhii
|raw|Fwhii's rating: 1138 &rarr; <strong>1160</strong><br />(+22 for winning)
|raw|grannykisser666's rating: 1091 &rarr; <strong>1071</strong><br />(-20 for losing)
|l|☆grannykisser666
|player|p2|
|l|☆Fwhii
|player|p1|
