|j|☆zeeeth
|j|☆SloopJhonB
|t:|1743834637
|gametype|singles
|player|p1|zeeeth|veteran|1261
|player|p2|SloopJhonB|iono|1372
|teamsize|p1|6
|teamsize|p2|6
|gen|9
|tier|[Gen 9] OU
|rated|
|rule|HP Percentage Mod: HP is shown in percentages
|rule|Endless Battle Clause: Forcing endless battles is banned
|rule|Species Clause: Limit one of each Pokémon
|rule|OHKO Clause: OHKO moves are banned
|rule|Evasion Items Clause: Evasion items are banned
|rule|Evasion Moves Clause: Evasion moves are banned
|rule|Sleep Moves Clause: Sleep-inducing moves are banned
|clearpoke
|poke|p1|Skeledirge, M|
|poke|p1|Iron Valiant|
|poke|p1|Ditto|
|poke|p1|Cloyster, M|
|poke|p1|Dragonite, M|
|poke|p1|Great Tusk|
|poke|p2|Hydreigon, M|
|poke|p2|Gholdengo|
|poke|p2|Alomomola, F|
|poke|p2|Great Tusk|
|poke|p2|Slowking-Galar, F|
|poke|p2|Ogerpon-Wellspring, F|
|teampreview
|inactive|Battle timer is ON: inactive players will automatically lose when time's up. (requested by SloopJhonB)
|
|t:|1743834648
|start
|switch|p1a: Cloyster|Cloyster, M|100/100
|switch|p2a: Great Tusk|Great Tusk|100/100
|turn|1
|
|t:|1743834656
|move|p2a: Great Tusk|Headlong Rush|p1a: Cloyster
|-damage|p1a: Cloyster|49/100
|-unboost|p2a: Great Tusk|def|1
|-unboost|p2a: Great Tusk|spd|1
|move|p1a: Cloyster|Shell Smash|p1a: Cloyster
|-unboost|p1a: Cloyster|def|1
|-unboost|p1a: Cloyster|spd|1
|-boost|p1a: Cloyster|atk|2
|-boost|p1a: Cloyster|spa|2
|-boost|p1a: Cloyster|spe|2
|
|upkeep
|turn|2
|
|t:|1743834676
|-end|p2a: Great Tusk|Protosynthesis|[silent]
|switch|p2a: Alomomola|Alomomola, F|100/100
|move|p1a: Cloyster|Icicle Spear|p2a: Alomomola
|-resisted|p2a: Alomomola
|-damage|p2a: Alomomola|90/100
|-resisted|p2a: Alomomola
|-damage|p2a: Alomomola|80/100
|-resisted|p2a: Alomomola
|-damage|p2a: Alomomola|71/100
|-resisted|p2a: Alomomola
|-damage|p2a: Alomomola|61/100
|-resisted|p2a: Alomomola
|-damage|p2a: Alomomola|52/100
|-hitcount|p2a: Alomomola|5
|-damage|p1a: Cloyster|39/100|[from] item: Life Orb
|
|upkeep
|turn|3
|
|t:|1743834684
|move|p1a: Cloyster|Rock Blast|p2a: Alomomola
|-damage|p2a: Alomomola|39/100
|-damage|p2a: Alomomola|26/100
|-damage|p2a: Alomomola|12/100
|-damage|p2a: Alomomola|0 fnt
|faint|p2a: Alomomola
|-hitcount|p2: Alomomola|4
|-damage|p1a: Cloyster|29/100|[from] item: Life Orb
|
|upkeep
|
|t:|1743834688
|switch|p2a: Hydreigon|Hydreigon, M|100/100
|turn|4
|
|t:|1743834695
|move|p2a: Hydreigon|Draco Meteor|p1a: Cloyster
|-damage|p1a: Cloyster|0 fnt
|-unboost|p2a: Hydreigon|spa|2
|faint|p1a: Cloyster
|
|upkeep
|
|t:|1743834703
|switch|p1a: Dragonite|Dragonite, M, shiny|100/100
|turn|5
|
|t:|1743834715
|switch|p2a: Great Tusk|Great Tusk|100/100
|move|p1a: Dragonite|Dragon Dance|p1a: Dragonite
|-boost|p1a: Dragonite|atk|1
|-boost|p1a: Dragonite|spe|1
|
|upkeep
|turn|6
|
|t:|1743834719
|move|p1a: Dragonite|Dragon Dance|p1a: Dragonite
|-boost|p1a: Dragonite|atk|1
|-boost|p1a: Dragonite|spe|1
|move|p2a: Great Tusk|Ice Spinner|p1a: Dragonite
|-supereffective|p1a: Dragonite
|-damage|p1a: Dragonite|34/100
|-enditem|p1a: Dragonite|Weakness Policy
|-boost|p1a: Dragonite|atk|2|[from] item: Weakness Policy
|-boost|p1a: Dragonite|spa|2|[from] item: Weakness Policy
|
|upkeep
|turn|7
|
|t:|1743834731
|move|p1a: Dragonite|Dragon Claw|p2a: Great Tusk
|-damage|p2a: Great Tusk|7/100
|-damage|p1a: Dragonite|18/100|[from] item: Rocky Helmet|[of] p2a: Great Tusk
|move|p2a: Great Tusk|Ice Spinner|p1a: Dragonite
|-supereffective|p1a: Dragonite
|-damage|p1a: Dragonite|0 fnt
|faint|p1a: Dragonite
|
|upkeep
|inactive|zeeeth has 120 seconds left.
|
|t:|1743834756
|switch|p1a: Great Tusk|Great Tusk|100/100
|turn|8
|
|t:|1743834760
|move|p2a: Great Tusk|Stealth Rock|p1a: Great Tusk
|-sidestart|p1: zeeeth|move: Stealth Rock
|move|p1a: Great Tusk|Rapid Spin|p2a: Great Tusk
|-damage|p2a: Great Tusk|0 fnt
|-boost|p1a: Great Tusk|spe|1
|-damage|p1a: Great Tusk|84/100|[from] item: Rocky Helmet|[of] p2a: Great Tusk
|-sideend|p1: zeeeth|Stealth Rock|[from] move: Rapid Spin|[of] p1a: Great Tusk
|faint|p2a: Great Tusk
|-end|p2a: Great Tusk|Protosynthesis|[silent]
|
|upkeep
|
|t:|1743834774
|switch|p2a: Gholdengo|Gholdengo|100/100
|-item|p2a: Gholdengo|Air Balloon
|turn|9
|
|t:|1743834782
|move|p1a: Great Tusk|Ice Spinner|p2a: Gholdengo
|-resisted|p2a: Gholdengo
|-damage|p2a: Gholdengo|91/100
|-enditem|p2a: Gholdengo|Air Balloon
|move|p2a: Gholdengo|Shadow Ball|p1a: Great Tusk
|-damage|p1a: Great Tusk|31/100
|
|upkeep
|turn|10
|
|t:|1743834791
|switch|p2a: Hydreigon|Hydreigon, M|100/100
|move|p1a: Great Tusk|Headlong Rush|p2a: Hydreigon
|-immune|p2a: Hydreigon|[from] ability: Levitate
|
|upkeep
|turn|11
|
|t:|1743834800
|move|p2a: Hydreigon|Draco Meteor|p1a: Great Tusk
|-damage|p1a: Great Tusk|0 fnt
|-unboost|p2a: Hydreigon|spa|2
|faint|p1a: Great Tusk
|-end|p1a: Great Tusk|Protosynthesis|[silent]
|
|upkeep
|
|t:|1743834807
|switch|p1a: Iron Valiant|Iron Valiant|100/100
|-enditem|p1a: Iron Valiant|Booster Energy
|-activate|p1a: Iron Valiant|ability: Quark Drive|[fromitem]
|-start|p1a: Iron Valiant|quarkdrivespe
|turn|12
|
|t:|1743834816
|switch|p2a: Gholdengo|Gholdengo|91/100
|move|p1a: Iron Valiant|Calm Mind|p1a: Iron Valiant
|-boost|p1a: Iron Valiant|spa|1
|-boost|p1a: Iron Valiant|spd|1
|
|upkeep
|turn|13
|
|t:|1743834824
|move|p1a: Iron Valiant|Shadow Ball|p2a: Gholdengo
|-supereffective|p2a: Gholdengo
|-damage|p2a: Gholdengo|17/100
|move|p2a: Gholdengo|Make It Rain|p1a: Iron Valiant
|-supereffective|p1a: Iron Valiant
|-damage|p1a: Iron Valiant|0 fnt
|-unboost|p2a: Gholdengo|spa|1
|faint|p1a: Iron Valiant
|-end|p1a: Iron Valiant|Quark Drive|[silent]
|
|upkeep
|
|t:|1743834841
|switch|p1a: Skeledirge|Skeledirge, M|100/100
|turn|14
|
|t:|1743834847
|switch|p2a: Hydreigon|Hydreigon, M|100/100
|move|p1a: Skeledirge|Torch Song|p2a: Hydreigon
|-resisted|p2a: Hydreigon
|-damage|p2a: Hydreigon|84/100
|-boost|p1a: Skeledirge|spa|1
|-enditem|p1a: Skeledirge|Throat Spray
|-boost|p1a: Skeledirge|spa|1|[from] item: Throat Spray
|
|upkeep
|turn|15
|
|t:|1743834859
|-terastallize|p1a: Skeledirge|Fire
|move|p2a: Hydreigon|Dark Pulse|p1a: Skeledirge
|-damage|p1a: Skeledirge|59/100
|cant|p1a: Skeledirge|flinch
|
|upkeep
|turn|16
|
|t:|1743834867
|move|p2a: Hydreigon|Dark Pulse|p1a: Skeledirge
|-crit|p1a: Skeledirge
|-damage|p1a: Skeledirge|0 fnt
|faint|p1a: Skeledirge
|
|upkeep
|
|t:|1743834873
|switch|p1a: Ditto|Ditto|100/100
|-transform|p1a: Ditto|p2a: Hydreigon|[from] ability: Imposter
|turn|17
|
|t:|1743834882
|switch|p2a: Slowking|Slowking-Galar, F|100/100
|move|p1a: Ditto|U-turn|p2a: Slowking
|-damage|p2a: Slowking|82/100
|-damage|p1a: Ditto|91/100|[from] item: Life Orb
|
|upkeep
|turn|18
|
|t:|1743834890
|move|p1a: Ditto|Dark Pulse|p2a: Slowking
|-supereffective|p2a: Slowking
|-damage|p2a: Slowking|16/100
|-damage|p1a: Ditto|81/100|[from] item: Life Orb
|move|p2a: Slowking|Thunder Wave|p1a: Ditto
|-status|p1a: Ditto|par
|
|upkeep
|turn|19
|
|t:|1743834901
|move|p1a: Ditto|Dark Pulse|p2a: Slowking
|-supereffective|p2a: Slowking
|-damage|p2a: Slowking|0 fnt
|faint|p2a: Slowking
|-damage|p1a: Ditto|71/100 par|[from] item: Life Orb
|
|upkeep
|
|t:|1743834906
|switch|p2a: Hydreigon|Hydreigon, M|84/100
|turn|20
|
|t:|1743834910
|-terastallize|p2a: Hydreigon|Steel
|move|p2a: Hydreigon|Draco Meteor|p1a: Ditto
|-supereffective|p1a: Ditto
|-damage|p1a: Ditto|0 fnt
|-unboost|p2a: Hydreigon|spa|2
|faint|p1a: Ditto
|
|win|SloopJhonB
|raw|zeeeth's rating: 1261 &rarr; <strong>1244</strong><br />(-17 for losing)
|raw|SloopJhonB's rating: 1372 &rarr; <strong>1386</strong><br />(+14 for winning)
|l|☆SloopJhonB
|player|p2|
|l|☆zeeeth
|player|p1|
