|j|☆Dimitry5000
|j|☆Arcanine1011
|t:|1743859515
|gametype|singles
|player|p1|Dimitry5000|cyclistf-gen4|1272
|player|p2|Arcanine1011|bruno|1397
|teamsize|p1|6
|teamsize|p2|6
|gen|9
|tier|[Gen 9] OU
|rated|
|rule|HP Percentage Mod: HP is shown in percentages
|rule|Endless Battle Clause: Forcing endless battles is banned
|rule|Species Clause: Limit one of each Pokémon
|rule|OHKO Clause: OHKO moves are banned
|rule|Evasion Items Clause: Evasion items are banned
|rule|Evasion Moves Clause: Evasion moves are banned
|rule|Sleep Moves Clause: Sleep-inducing moves are banned
|clearpoke
|poke|p1|Toxapex, M|
|poke|p1|Gliscor, M|
|poke|p1|Dondozo, F|
|poke|p1|Blissey, F|
|poke|p1|Corviknight, M|
|poke|p1|Clefable, M|
|poke|p2|Great Tusk|
|poke|p2|Zapdos|
|poke|p2|Iron Crown|
|poke|p2|Garganacl, F|
|poke|p2|Samurott-Hisui, M|
|poke|p2|Dragapult, M|
|teampreview
|inactive|Battle timer is ON: inactive players will automatically lose when time's up. (requested by Dimitry5000)
|
|t:|1743859560
|start
|switch|p1a: Toxapex|Toxapex, M|100/100
|switch|p2a: Great Tusk|Great Tusk|100/100
|turn|1
|
|t:|1743859570
|move|p2a: Great Tusk|Ice Spinner|p1a: Toxapex
|-resisted|p1a: Toxapex
|-damage|p1a: Toxapex|92/100
|-damage|p2a: Great Tusk|84/100|[from] item: Rocky Helmet|[of] p1a: Toxapex
|move|p1a: Toxapex|Toxic|p2a: Great Tusk
|-status|p2a: Great Tusk|tox
|
|-damage|p2a: Great Tusk|78/100 tox|[from] psn
|upkeep
|turn|2
|
|t:|1743859586
|switch|p1a: Corviknight|Corviknight, M|100/100
|move|p2a: Great Tusk|Stealth Rock|p1a: Corviknight
|-sidestart|p1: Dimitry5000|move: Stealth Rock
|
|-damage|p2a: Great Tusk|65/100 tox|[from] psn
|upkeep
|turn|3
|
|t:|1743859592
|-end|p2a: Great Tusk|Protosynthesis|[silent]
|switch|p2a: Zapdos|Zapdos|100/100
|move|p1a: Corviknight|Defog|p2a: Zapdos
|-unboost|p2a: Zapdos|evasion|1
|-sideend|p1: Dimitry5000|Stealth Rock|[from] move: Defog|[of] p1a: Corviknight
|
|upkeep
|turn|4
|
|t:|1743859598
|switch|p1a: Gliscor|Gliscor, M|100/100
|move|p2a: Zapdos|Hurricane|p1a: Gliscor|[miss]
|-miss|p2a: Zapdos|p1a: Gliscor
|
|-status|p1a: Gliscor|tox|[from] item: Toxic Orb
|upkeep
|turn|5
|
|t:|1743859614
|switch|p2a: Great Tusk|Great Tusk|65/100 tox
|move|p1a: Gliscor|Toxic|p2a: Great Tusk
|-fail|p2a: Great Tusk|tox
|
|-damage|p2a: Great Tusk|59/100 tox|[from] psn
|upkeep
|turn|6
|
|t:|1743859625
|-end|p2a: Great Tusk|Protosynthesis|[silent]
|switch|p2a: Zapdos|Zapdos|100/100
|move|p1a: Gliscor|Substitute|p1a: Gliscor
|-start|p1a: Gliscor|Substitute
|-damage|p1a: Gliscor|76/100 tox
|
|-heal|p1a: Gliscor|88/100 tox|[from] ability: Poison Heal
|upkeep
|turn|7
|
|t:|1743859635
|move|p1a: Gliscor|Toxic|p2a: Zapdos
|-status|p2a: Zapdos|tox
|move|p2a: Zapdos|Hurricane|p1a: Gliscor
|-end|p1a: Gliscor|Substitute
|
|-heal|p1a: Gliscor|100/100 tox|[from] ability: Poison Heal
|-damage|p2a: Zapdos|94/100 tox|[from] psn
|upkeep
|turn|8
|
|t:|1743859644
|switch|p2a: Iron Crown|Iron Crown|100/100
|move|p1a: Gliscor|Substitute|p1a: Gliscor
|-start|p1a: Gliscor|Substitute
|-damage|p1a: Gliscor|76/100 tox
|
|-heal|p1a: Gliscor|88/100 tox|[from] ability: Poison Heal
|upkeep
|turn|9
|
|t:|1743859654
|move|p2a: Iron Crown|Tachyon Cutter|p1a: Gliscor
|-end|p1a: Gliscor|Substitute
|-damage|p1a: Gliscor|39/100 tox
|-hitcount|p1a: Gliscor|2
|move|p1a: Gliscor|Earthquake|p2a: Iron Crown
|-supereffective|p2a: Iron Crown
|-damage|p2a: Iron Crown|33/100
|
|-heal|p1a: Gliscor|51/100 tox|[from] ability: Poison Heal
|upkeep
|turn|10
|
|t:|1743859665
|switch|p1a: Toxapex|Toxapex, M|100/100
|move|p2a: Iron Crown|Tachyon Cutter|p1a: Toxapex
|-resisted|p1a: Toxapex
|-damage|p1a: Toxapex|85/100
|-resisted|p1a: Toxapex
|-damage|p1a: Toxapex|68/100
|-hitcount|p1a: Toxapex|2
|
|upkeep
|turn|11
|
|t:|1743859673
|-end|p2a: Iron Crown|Quark Drive|[silent]
|switch|p2a: Zapdos|Zapdos|94/100 tox
|move|p1a: Toxapex|Haze|p1a: Toxapex
|-clearallboost
|
|-damage|p2a: Zapdos|88/100 tox|[from] psn
|upkeep
|turn|12
|
|t:|1743859685
|switch|p1a: Blissey|Blissey, F|100/100
|move|p2a: Zapdos|Hurricane|p1a: Blissey|[miss]
|-miss|p2a: Zapdos|p1a: Blissey
|
|-damage|p2a: Zapdos|76/100 tox|[from] psn
|upkeep
|turn|13
|
|t:|1743859695
|move|p2a: Zapdos|Volt Switch|p1a: Blissey
|-damage|p1a: Blissey|91/100
|
|t:|1743859699
|switch|p2a: Great Tusk|Great Tusk|59/100 tox|[from] Volt Switch
|move|p1a: Blissey|Calm Mind|p1a: Blissey
|-boost|p1a: Blissey|spa|1
|-boost|p1a: Blissey|spd|1
|
|-damage|p2a: Great Tusk|53/100 tox|[from] psn
|upkeep
|turn|14
|
|t:|1743859712
|switch|p1a: Corviknight|Corviknight, M|100/100
|move|p2a: Great Tusk|Headlong Rush|p1a: Corviknight
|-immune|p1a: Corviknight
|
|-damage|p2a: Great Tusk|41/100 tox|[from] psn
|upkeep
|turn|15
|
|t:|1743859724
|-end|p2a: Great Tusk|Protosynthesis|[silent]
|switch|p2a: Zapdos|Zapdos|76/100 tox
|move|p1a: Corviknight|Body Press|p2a: Zapdos
|-resisted|p2a: Zapdos
|-damage|p2a: Zapdos|68/100 tox
|
|-damage|p2a: Zapdos|62/100 tox|[from] psn
|upkeep
|turn|16
|
|t:|1743859733
|switch|p1a: Blissey|Blissey, F|91/100
|move|p2a: Zapdos|Hurricane|p1a: Blissey
|-damage|p1a: Blissey|78/100
|
|-damage|p2a: Zapdos|50/100 tox|[from] psn
|upkeep
|turn|17
|
|t:|1743859739
|move|p2a: Zapdos|Roost|p2a: Zapdos
|-heal|p2a: Zapdos|99/100 tox
|-singleturn|p2a: Zapdos|move: Roost
|move|p1a: Blissey|Seismic Toss|p2a: Zapdos
|-damage|p2a: Zapdos|74/100 tox
|-status|p1a: Blissey|par|[from] ability: Static|[of] p2a: Zapdos
|
|-damage|p2a: Zapdos|56/100 tox|[from] psn
|upkeep
|turn|18
|
|t:|1743859749
|move|p2a: Zapdos|Volt Switch|p1a: Blissey
|-damage|p1a: Blissey|68/100 par
|
|t:|1743859754
|switch|p2a: Iron Crown|Iron Crown|33/100|[from] Volt Switch
|cant|p1a: Blissey|par
|
|upkeep
|turn|19
|
|t:|1743859765
|-curestatus|p1a: Blissey|par|[from] ability: Natural Cure
|switch|p1a: Toxapex|Toxapex, M|100/100
|move|p2a: Iron Crown|Psyshock|p1a: Toxapex
|-supereffective|p1a: Toxapex
|-damage|p1a: Toxapex|31/100
|
|upkeep
|turn|20
|
|t:|1743859772
|switch|p1a: Corviknight|Corviknight, M|100/100
|move|p2a: Iron Crown|Psyshock|p1a: Corviknight
|-resisted|p1a: Corviknight
|-damage|p1a: Corviknight|79/100
|
|upkeep
|turn|21
|
|t:|1743859796
|-end|p2a: Iron Crown|Quark Drive|[silent]
|switch|p2a: Zapdos|Zapdos|56/100 tox
|move|p1a: Corviknight|Body Press|p2a: Zapdos
|-resisted|p2a: Zapdos
|-damage|p2a: Zapdos|47/100 tox
|
|-damage|p2a: Zapdos|41/100 tox|[from] psn
|upkeep
|turn|22
|
|t:|1743859804
|switch|p1a: Blissey|Blissey, F|68/100
|move|p2a: Zapdos|Roost|p2a: Zapdos
|-heal|p2a: Zapdos|91/100 tox
|-singleturn|p2a: Zapdos|move: Roost
|
|-damage|p2a: Zapdos|79/100 tox|[from] psn
|upkeep
|turn|23
|
|t:|1743859814
|move|p2a: Zapdos|Volt Switch|p1a: Blissey
|-damage|p1a: Blissey|59/100
|
|t:|1743859820
|switch|p2a: Dragapult|Dragapult, M|100/100|[from] Volt Switch
|move|p1a: Blissey|Soft-Boiled|p1a: Blissey
|-heal|p1a: Blissey|100/100
|
|upkeep
|turn|24
|
|t:|1743859846
|switch|p1a: Toxapex|Toxapex, M|64/100
|move|p2a: Dragapult|U-turn|p1a: Toxapex
|-resisted|p1a: Toxapex
|-damage|p1a: Toxapex|59/100
|-damage|p2a: Dragapult|84/100|[from] item: Rocky Helmet|[of] p1a: Toxapex
|
|t:|1743859851
|switch|p2a: Iron Crown|Iron Crown|33/100|[from] U-turn
|
|upkeep
|turn|25
|
|t:|1743859859
|switch|p1a: Dondozo|Dondozo, F|100/100
|move|p2a: Iron Crown|Psyshock|p1a: Dondozo
|-crit|p1a: Dondozo
|-damage|p1a: Dondozo|64/100
|
|-heal|p1a: Dondozo|70/100|[from] item: Leftovers
|upkeep
|turn|26
|
|t:|1743859871
|-end|p2a: Iron Crown|Quark Drive|[silent]
|switch|p2a: Samurott|Samurott-Hisui, M|100/100
|move|p1a: Dondozo|Waterfall|p2a: Samurott
|-resisted|p2a: Samurott
|-damage|p2a: Samurott|85/100
|
|-heal|p1a: Dondozo|76/100|[from] item: Leftovers
|upkeep
|turn|27
|
|t:|1743859881
|move|p2a: Samurott|Ceaseless Edge|p1a: Dondozo
|-damage|p1a: Dondozo|56/100
|-sidestart|p1: Dimitry5000|Spikes
|move|p1a: Dondozo|Curse|p1a: Dondozo
|-unboost|p1a: Dondozo|spe|1
|-boost|p1a: Dondozo|atk|1
|-boost|p1a: Dondozo|def|1
|
|-heal|p1a: Dondozo|62/100|[from] item: Leftovers
|upkeep
|turn|28
|
|t:|1743859890
|move|p2a: Samurott|Encore|p1a: Dondozo
|-start|p1a: Dondozo|Encore
|move|p1a: Dondozo|Curse|p1a: Dondozo
|-unboost|p1a: Dondozo|spe|1
|-boost|p1a: Dondozo|atk|1
|-boost|p1a: Dondozo|def|1
|
|-heal|p1a: Dondozo|68/100|[from] item: Leftovers
|upkeep
|turn|29
|
|t:|1743859898
|switch|p2a: Zapdos|Zapdos|79/100 tox
|move|p1a: Dondozo|Curse|p1a: Dondozo
|-unboost|p1a: Dondozo|spe|1
|-boost|p1a: Dondozo|atk|1
|-boost|p1a: Dondozo|def|1
|
|-heal|p1a: Dondozo|75/100|[from] item: Leftovers
|-damage|p2a: Zapdos|73/100 tox|[from] psn
|upkeep
|turn|30
|
|t:|1743859908
|switch|p1a: Blissey|Blissey, F|100/100
|move|p2a: Zapdos|Hurricane|p1a: Blissey
|-damage|p1a: Blissey|87/100
|
|-damage|p2a: Zapdos|61/100 tox|[from] psn
|upkeep
|turn|31
|
|t:|1743859919
|move|p2a: Zapdos|Thunder Wave|p1a: Blissey
|-status|p1a: Blissey|par
|move|p1a: Blissey|Seismic Toss|p2a: Zapdos
|-damage|p2a: Zapdos|35/100 tox
|
|-damage|p2a: Zapdos|17/100 tox|[from] psn
|upkeep
|turn|32
|
|t:|1743859927
|move|p2a: Zapdos|Roost|p2a: Zapdos
|-heal|p2a: Zapdos|67/100 tox
|-singleturn|p2a: Zapdos|move: Roost
|cant|p1a: Blissey|par
|
|-damage|p2a: Zapdos|43/100 tox|[from] psn
|upkeep
|turn|33
|
|t:|1743859934
|move|p2a: Zapdos|Volt Switch|p1a: Blissey
|-damage|p1a: Blissey|79/100 par
|
|t:|1743859943
|switch|p2a: Samurott|Samurott-Hisui, M|85/100|[from] Volt Switch
|cant|p1a: Blissey|par
|
|upkeep
|turn|34
|
|t:|1743859953
|-curestatus|p1a: Blissey|par|[from] ability: Natural Cure
|switch|p1a: Toxapex|Toxapex, M|92/100
|-damage|p1a: Toxapex|80/100|[from] Spikes
|move|p2a: Samurott|Razor Shell|p1a: Toxapex
|-resisted|p1a: Toxapex
|-damage|p1a: Toxapex|64/100
|-unboost|p1a: Toxapex|def|1
|-damage|p2a: Samurott|68/100|[from] item: Rocky Helmet|[of] p1a: Toxapex
|
|upkeep
|turn|35
|
|t:|1743859969
|switch|p1a: Dondozo|Dondozo, F|75/100
|-damage|p1a: Dondozo|62/100|[from] Spikes
|move|p2a: Samurott|Ceaseless Edge|p1a: Dondozo
|-damage|p1a: Dondozo|44/100
|-sidestart|p1: Dimitry5000|Spikes
|
|-heal|p1a: Dondozo|50/100|[from] item: Leftovers
|upkeep
|turn|36
|
|t:|1743859987
|move|p2a: Samurott|Razor Shell|p1a: Dondozo
|-resisted|p1a: Dondozo
|-damage|p1a: Dondozo|38/100
|move|p1a: Dondozo|Rest|p1a: Dondozo
|-status|p1a: Dondozo|slp|[from] move: Rest
|-heal|p1a: Dondozo|100/100 slp|[silent]
|
|upkeep
|turn|37
|
|t:|1743859994
|switch|p2a: Garganacl|Garganacl, F|100/100
|cant|p1a: Dondozo|slp
|move|p1a: Dondozo|Sleep Talk|p1a: Dondozo
|move|p1a: Dondozo|Rest||[from] move: Sleep Talk|[still]
|-fail|p1a: Dondozo
|
|upkeep
|turn|38
|
|t:|1743860010
|-terastallize|p2a: Garganacl|Fairy
|move|p2a: Garganacl|Iron Defense|p2a: Garganacl
|-boost|p2a: Garganacl|def|2
|cant|p1a: Dondozo|slp
|move|p1a: Dondozo|Sleep Talk|p1a: Dondozo
|move|p1a: Dondozo|Curse|p1a: Dondozo|[from] move: Sleep Talk
|-unboost|p1a: Dondozo|spe|1
|-boost|p1a: Dondozo|atk|1
|-boost|p1a: Dondozo|def|1
|
|upkeep
|turn|39
|
|t:|1743860025
|move|p2a: Garganacl|Salt Cure|p1a: Dondozo
|-damage|p1a: Dondozo|96/100 slp
|-start|p1a: Dondozo|Salt Cure
|-curestatus|p1a: Dondozo|slp|[msg]
|move|p1a: Dondozo|Waterfall|p2a: Garganacl
|-damage|p2a: Garganacl|77/100
|
|-heal|p2a: Garganacl|84/100|[from] item: Leftovers
|-heal|p1a: Dondozo|100/100|[from] item: Leftovers
|-damage|p1a: Dondozo|75/100|[from] Salt Cure
|upkeep
|turn|40
|
|t:|1743860038
|switch|p1a: Clefable|Clefable, M|100/100
|-damage|p1a: Clefable|84/100|[from] Spikes
|move|p2a: Garganacl|Iron Defense|p2a: Garganacl
|-boost|p2a: Garganacl|def|2
|
|-heal|p1a: Clefable|90/100|[from] item: Leftovers
|-heal|p2a: Garganacl|90/100|[from] item: Leftovers
|upkeep
|turn|41
|
|t:|1743860049
|move|p1a: Clefable|Calm Mind|p1a: Clefable
|-boost|p1a: Clefable|spa|1
|-boost|p1a: Clefable|spd|1
|move|p2a: Garganacl|Salt Cure|p1a: Clefable
|-damage|p1a: Clefable|80/100
|-start|p1a: Clefable|Salt Cure
|
|-heal|p1a: Clefable|86/100|[from] item: Leftovers
|-heal|p2a: Garganacl|96/100|[from] item: Leftovers
|-damage|p1a: Clefable|74/100|[from] Salt Cure
|upkeep
|turn|42
|
|t:|1743860061
|switch|p2a: Samurott|Samurott-Hisui, M|68/100
|-terastallize|p1a: Clefable|Fairy
|move|p1a: Clefable|Moonblast|p2a: Samurott
|-supereffective|p2a: Samurott
|-damage|p2a: Samurott|0 fnt
|faint|p2a: Samurott
|
|-heal|p1a: Clefable|80/100|[from] item: Leftovers
|-damage|p1a: Clefable|68/100|[from] Salt Cure
|upkeep
|
|t:|1743860073
|switch|p2a: Iron Crown|Iron Crown|33/100
|turn|43
|
|t:|1743860077
|switch|p1a: Corviknight|Corviknight, M|79/100
|move|p2a: Iron Crown|Tachyon Cutter|p1a: Corviknight
|-resisted|p1a: Corviknight
|-damage|p1a: Corviknight|62/100
|-resisted|p1a: Corviknight
|-damage|p1a: Corviknight|45/100
|-hitcount|p1a: Corviknight|2
|
|upkeep
|turn|44
|
|t:|1743860093
|-end|p2a: Iron Crown|Quark Drive|[silent]
|switch|p2a: Garganacl|Garganacl, F, tera:Fairy|96/100
|move|p1a: Corviknight|Roost|p1a: Corviknight
|-heal|p1a: Corviknight|95/100
|-singleturn|p1a: Corviknight|move: Roost
|
|-heal|p2a: Garganacl|100/100|[from] item: Leftovers
|upkeep
|turn|45
|
|t:|1743860101
|move|p1a: Corviknight|Defog|p2a: Garganacl
|-unboost|p2a: Garganacl|evasion|1
|-sideend|p1: Dimitry5000|Spikes|[from] move: Defog|[of] p1a: Corviknight
|move|p2a: Garganacl|Salt Cure|p1a: Corviknight
|-damage|p1a: Corviknight|85/100
|-start|p1a: Corviknight|Salt Cure
|
|-damage|p1a: Corviknight|60/100|[from] Salt Cure
|upkeep
|turn|46
|
|t:|1743860111
|switch|p1a: Clefable|Clefable, M, tera:Fairy|68/100
|move|p2a: Garganacl|Salt Cure|p1a: Clefable
|-damage|p1a: Clefable|58/100
|-start|p1a: Clefable|Salt Cure
|
|-heal|p1a: Clefable|64/100|[from] item: Leftovers
|-damage|p1a: Clefable|51/100|[from] Salt Cure
|upkeep
|turn|47
|
|t:|1743860128
|switch|p2a: Iron Crown|Iron Crown|33/100
|move|p1a: Clefable|Wish|p1a: Clefable
|
|-heal|p1a: Clefable|57/100|[from] item: Leftovers
|-damage|p1a: Clefable|45/100|[from] Salt Cure
|upkeep
|turn|48
|
|t:|1743860145
|move|p1a: Clefable|Protect|p1a: Clefable
|-singleturn|p1a: Clefable|Protect
|move|p2a: Iron Crown|Tachyon Cutter|p1a: Clefable
|-activate|p1a: Clefable|move: Protect
|
|-heal|p1a: Clefable|95/100|[from] move: Wish|[wisher] Clefable
|-heal|p1a: Clefable|100/100|[from] item: Leftovers
|-damage|p1a: Clefable|88/100|[from] Salt Cure
|upkeep
|turn|49
|
|t:|1743860158
|switch|p1a: Toxapex|Toxapex, M|97/100
|move|p2a: Iron Crown|Tachyon Cutter|p1a: Toxapex
|-resisted|p1a: Toxapex
|-damage|p1a: Toxapex|81/100
|-resisted|p1a: Toxapex
|-damage|p1a: Toxapex|66/100
|-hitcount|p1a: Toxapex|2
|
|upkeep
|turn|50
|
|t:|1743860166
|-end|p2a: Iron Crown|Quark Drive|[silent]
|switch|p2a: Garganacl|Garganacl, F, tera:Fairy|100/100
|move|p1a: Toxapex|Surf|p2a: Garganacl
|-damage|p2a: Garganacl|84/100
|
|-heal|p2a: Garganacl|90/100|[from] item: Leftovers
|upkeep
|turn|51
|
|t:|1743860173
|switch|p1a: Clefable|Clefable, M, tera:Fairy|88/100
|move|p2a: Garganacl|Salt Cure|p1a: Clefable
|-damage|p1a: Clefable|77/100
|-start|p1a: Clefable|Salt Cure
|
|-heal|p1a: Clefable|83/100|[from] item: Leftovers
|-heal|p2a: Garganacl|96/100|[from] item: Leftovers
|-damage|p1a: Clefable|70/100|[from] Salt Cure
|upkeep
|turn|52
|
|t:|1743860189
|move|p1a: Clefable|Wish|p1a: Clefable
|move|p2a: Garganacl|Iron Defense|p2a: Garganacl
|-boost|p2a: Garganacl|def|2
|
|-heal|p1a: Clefable|76/100|[from] item: Leftovers
|-heal|p2a: Garganacl|100/100|[from] item: Leftovers
|-damage|p1a: Clefable|64/100|[from] Salt Cure
|upkeep
|turn|53
|
|t:|1743860197
|move|p1a: Clefable|Calm Mind|p1a: Clefable
|-boost|p1a: Clefable|spa|1
|-boost|p1a: Clefable|spd|1
|move|p2a: Garganacl|Iron Defense|p2a: Garganacl
|-boost|p2a: Garganacl|def|2
|
|-heal|p1a: Clefable|100/100|[from] move: Wish|[wisher] Clefable
|-damage|p1a: Clefable|88/100|[from] Salt Cure
|upkeep
|turn|54
|
|t:|1743860206
|move|p1a: Clefable|Moonblast|p2a: Garganacl
|-damage|p2a: Garganacl|46/100
|move|p2a: Garganacl|Salt Cure|p1a: Clefable
|-damage|p1a: Clefable|78/100
|
|-heal|p1a: Clefable|84/100|[from] item: Leftovers
|-heal|p2a: Garganacl|52/100|[from] item: Leftovers
|-damage|p1a: Clefable|72/100|[from] Salt Cure
|upkeep
|turn|55
|
|t:|1743860227
|switch|p2a: Zapdos|Zapdos|43/100 tox
|move|p1a: Clefable|Moonblast|p2a: Zapdos
|-damage|p2a: Zapdos|0 fnt
|faint|p2a: Zapdos
|
|-heal|p1a: Clefable|78/100|[from] item: Leftovers
|-damage|p1a: Clefable|65/100|[from] Salt Cure
|upkeep
|
|t:|1743860232
|switch|p2a: Great Tusk|Great Tusk|41/100 tox
|turn|56
|
|t:|1743860245
|switch|p1a: Corviknight|Corviknight, M|60/100
|move|p2a: Great Tusk|Stealth Rock|p1a: Corviknight
|-sidestart|p1: Dimitry5000|move: Stealth Rock
|
|-damage|p2a: Great Tusk|34/100 tox|[from] psn
|upkeep
|turn|57
|
|t:|1743860252
|-end|p2a: Great Tusk|Protosynthesis|[silent]
|switch|p2a: Iron Crown|Iron Crown|33/100
|move|p1a: Corviknight|Defog|p2a: Iron Crown
|-unboost|p2a: Iron Crown|evasion|1
|-sideend|p1: Dimitry5000|Stealth Rock|[from] move: Defog|[of] p1a: Corviknight
|
|upkeep
|turn|58
|
|t:|1743860260
|switch|p1a: Toxapex|Toxapex, M|99/100
|move|p2a: Iron Crown|Volt Switch|p1a: Toxapex
|-supereffective|p1a: Toxapex
|-damage|p1a: Toxapex|43/100
|
|t:|1743860272
|-end|p2a: Iron Crown|Quark Drive|[silent]
|switch|p2a: Dragapult|Dragapult, M|84/100|[from] Volt Switch
|
|upkeep
|turn|59
|
|t:|1743860284
|move|p2a: Dragapult|Draco Meteor|p1a: Toxapex
|-damage|p1a: Toxapex|0 fnt
|-unboost|p2a: Dragapult|spa|2
|faint|p1a: Toxapex
|
|upkeep
|
|t:|1743860292
|switch|p1a: Clefable|Clefable, M, tera:Fairy|65/100
|turn|60
|
|t:|1743860304
|switch|p2a: Iron Crown|Iron Crown|33/100
|move|p1a: Clefable|Wish|p1a: Clefable
|
|-heal|p1a: Clefable|72/100|[from] item: Leftovers
|upkeep
|turn|61
|
|t:|1743860317
|move|p2a: Iron Crown|Tachyon Cutter|p1a: Clefable
|-supereffective|p1a: Clefable
|-damage|p1a: Clefable|0 fnt
|faint|p1a: Clefable
|-hitcount|p1: Clefable|1
|
|upkeep
|
|t:|1743860323
|switch|p1a: Gliscor|Gliscor, M|51/100 tox
|turn|62
|
|t:|1743860337
|-end|p2a: Iron Crown|Quark Drive|[silent]
|switch|p2a: Dragapult|Dragapult, M|84/100
|move|p1a: Gliscor|Earthquake|p2a: Dragapult
|-damage|p2a: Dragapult|41/100
|
|-heal|p1a: Gliscor|63/100 tox|[from] ability: Poison Heal
|upkeep
|turn|63
|
|t:|1743860348
|move|p1a: Gliscor|Protect|p1a: Gliscor
|-singleturn|p1a: Gliscor|Protect
|move|p2a: Dragapult|Draco Meteor|p1a: Gliscor
|-activate|p1a: Gliscor|move: Protect
|
|-heal|p1a: Gliscor|76/100 tox|[from] ability: Poison Heal
|upkeep
|turn|64
|
|t:|1743860360
|switch|p1a: Blissey|Blissey, F|79/100
|move|p2a: Dragapult|Draco Meteor|p1a: Blissey|[miss]
|-miss|p2a: Dragapult|p1a: Blissey
|
|upkeep
|turn|65
|
|t:|1743860369
|switch|p2a: Great Tusk|Great Tusk|34/100 tox
|move|p1a: Blissey|Calm Mind|p1a: Blissey
|-boost|p1a: Blissey|spa|1
|-boost|p1a: Blissey|spd|1
|
|-damage|p2a: Great Tusk|28/100 tox|[from] psn
|upkeep
|turn|66
|
|t:|1743860380
|switch|p1a: Dondozo|Dondozo, F|75/100
|move|p2a: Great Tusk|Headlong Rush|p1a: Dondozo
|-damage|p1a: Dondozo|50/100
|-unboost|p2a: Great Tusk|def|1
|-unboost|p2a: Great Tusk|spd|1
|
|-heal|p1a: Dondozo|56/100|[from] item: Leftovers
|-damage|p2a: Great Tusk|16/100 tox|[from] psn
|upkeep
|turn|67
|
|t:|1743860390
|-end|p2a: Great Tusk|Protosynthesis|[silent]
|switch|p2a: Garganacl|Garganacl, F, tera:Fairy|52/100
|move|p1a: Dondozo|Waterfall|p2a: Garganacl
|-damage|p2a: Garganacl|36/100
|
|-heal|p1a: Dondozo|62/100|[from] item: Leftovers
|-heal|p2a: Garganacl|42/100|[from] item: Leftovers
|upkeep
|turn|68
|
|t:|1743860400
|switch|p1a: Gliscor|Gliscor, M|76/100 tox
|move|p2a: Garganacl|Recover|p2a: Garganacl
|-heal|p2a: Garganacl|92/100
|
|-heal|p2a: Garganacl|98/100|[from] item: Leftovers
|-heal|p1a: Gliscor|88/100 tox|[from] ability: Poison Heal
|upkeep
|turn|69
|
|t:|1743860413
|move|p1a: Gliscor|Substitute|p1a: Gliscor
|-start|p1a: Gliscor|Substitute
|-damage|p1a: Gliscor|63/100 tox
|move|p2a: Garganacl|Iron Defense|p2a: Garganacl
|-boost|p2a: Garganacl|def|2
|
|-heal|p2a: Garganacl|100/100|[from] item: Leftovers
|-heal|p1a: Gliscor|76/100 tox|[from] ability: Poison Heal
|upkeep
|turn|70
|
|t:|1743860423
|move|p1a: Gliscor|Earthquake|p2a: Garganacl
|-damage|p2a: Garganacl|91/100
|move|p2a: Garganacl|Iron Defense|p2a: Garganacl
|-boost|p2a: Garganacl|def|2
|
|-heal|p2a: Garganacl|97/100|[from] item: Leftovers
|-heal|p1a: Gliscor|88/100 tox|[from] ability: Poison Heal
|upkeep
|turn|71
|
|t:|1743860433
|move|p1a: Gliscor|Earthquake|p2a: Garganacl
|-damage|p2a: Garganacl|91/100
|move|p2a: Garganacl|Iron Defense|p2a: Garganacl
|-boost|p2a: Garganacl|def|2
|
|-heal|p2a: Garganacl|97/100|[from] item: Leftovers
|-heal|p1a: Gliscor|100/100 tox|[from] ability: Poison Heal
|upkeep
|turn|72
|
|t:|1743860442
|move|p1a: Gliscor|Toxic|p2a: Garganacl
|-immune|p2a: Garganacl|[from] ability: Purifying Salt
|move|p2a: Garganacl|Body Press|p1a: Gliscor
|-resisted|p1a: Gliscor
|-end|p1a: Gliscor|Substitute
|
|-heal|p2a: Garganacl|100/100|[from] item: Leftovers
|upkeep
|turn|73
|
|t:|1743860453
|move|p1a: Gliscor|Substitute|p1a: Gliscor
|-start|p1a: Gliscor|Substitute
|-damage|p1a: Gliscor|76/100 tox
|move|p2a: Garganacl|Salt Cure|p1a: Gliscor
|-activate|p1a: Gliscor|move: Substitute|[damage]
|
|-heal|p1a: Gliscor|88/100 tox|[from] ability: Poison Heal
|upkeep
|turn|74
|
|t:|1743860461
|move|p1a: Gliscor|Toxic|p2a: Garganacl
|-immune|p2a: Garganacl|[from] ability: Purifying Salt
|move|p2a: Garganacl|Body Press|p1a: Gliscor
|-resisted|p1a: Gliscor
|-end|p1a: Gliscor|Substitute
|
|-heal|p1a: Gliscor|100/100 tox|[from] ability: Poison Heal
|upkeep
|turn|75
|
|t:|1743860487
|move|p1a: Gliscor|Substitute|p1a: Gliscor
|-start|p1a: Gliscor|Substitute
|-damage|p1a: Gliscor|76/100 tox
|move|p2a: Garganacl|Body Press|p1a: Gliscor
|-resisted|p1a: Gliscor
|-end|p1a: Gliscor|Substitute
|
|-heal|p1a: Gliscor|88/100 tox|[from] ability: Poison Heal
|upkeep
|turn|76
|
|t:|1743860494
|move|p1a: Gliscor|Protect|p1a: Gliscor
|-singleturn|p1a: Gliscor|Protect
|move|p2a: Garganacl|Body Press|p1a: Gliscor
|-activate|p1a: Gliscor|move: Protect
|
|-heal|p1a: Gliscor|100/100 tox|[from] ability: Poison Heal
|upkeep
|turn|77
|
|t:|1743860502
|move|p1a: Gliscor|Substitute|p1a: Gliscor
|-start|p1a: Gliscor|Substitute
|-damage|p1a: Gliscor|76/100 tox
|move|p2a: Garganacl|Body Press|p1a: Gliscor
|-resisted|p1a: Gliscor
|-end|p1a: Gliscor|Substitute
|
|-heal|p1a: Gliscor|88/100 tox|[from] ability: Poison Heal
|upkeep
|turn|78
|
|t:|1743860509
|move|p1a: Gliscor|Protect|p1a: Gliscor
|-singleturn|p1a: Gliscor|Protect
|move|p2a: Garganacl|Iron Defense|p2a: Garganacl
|-boost|p2a: Garganacl|def|0
|
|-heal|p1a: Gliscor|100/100 tox|[from] ability: Poison Heal
|upkeep
|turn|79
|
|t:|1743860521
|move|p1a: Gliscor|Substitute|p1a: Gliscor
|-start|p1a: Gliscor|Substitute
|-damage|p1a: Gliscor|76/100 tox
|move|p2a: Garganacl|Body Press|p1a: Gliscor
|-resisted|p1a: Gliscor
|-end|p1a: Gliscor|Substitute
|
|-heal|p1a: Gliscor|88/100 tox|[from] ability: Poison Heal
|upkeep
|turn|80
|
|t:|1743860530
|move|p1a: Gliscor|Protect|p1a: Gliscor
|-singleturn|p1a: Gliscor|Protect
|move|p2a: Garganacl|Salt Cure|p1a: Gliscor
|-activate|p1a: Gliscor|move: Protect
|
|-heal|p1a: Gliscor|100/100 tox|[from] ability: Poison Heal
|upkeep
|turn|81
|
|t:|1743860537
|move|p1a: Gliscor|Substitute|p1a: Gliscor
|-start|p1a: Gliscor|Substitute
|-damage|p1a: Gliscor|76/100 tox
|move|p2a: Garganacl|Body Press|p1a: Gliscor
|-resisted|p1a: Gliscor
|-end|p1a: Gliscor|Substitute
|
|-heal|p1a: Gliscor|88/100 tox|[from] ability: Poison Heal
|upkeep
|turn|82
|
|t:|1743860546
|move|p1a: Gliscor|Substitute|p1a: Gliscor
|-start|p1a: Gliscor|Substitute
|-damage|p1a: Gliscor|63/100 tox
|move|p2a: Garganacl|Salt Cure|p1a: Gliscor
|-activate|p1a: Gliscor|move: Substitute|[damage]
|
|-heal|p1a: Gliscor|76/100 tox|[from] ability: Poison Heal
|upkeep
|turn|83
|
|t:|1743860555
|move|p1a: Gliscor|Toxic|p2a: Garganacl
|-immune|p2a: Garganacl|[from] ability: Purifying Salt
|move|p2a: Garganacl|Iron Defense|p2a: Garganacl
|-boost|p2a: Garganacl|def|0
|
|-heal|p1a: Gliscor|88/100 tox|[from] ability: Poison Heal
|upkeep
|turn|84
|
|t:|1743860562
|move|p1a: Gliscor|Toxic|p2a: Garganacl
|-immune|p2a: Garganacl|[from] ability: Purifying Salt
|move|p2a: Garganacl|Iron Defense|p2a: Garganacl
|-boost|p2a: Garganacl|def|0
|
|-heal|p1a: Gliscor|100/100 tox|[from] ability: Poison Heal
|upkeep
|turn|85
|
|t:|1743860573
|switch|p2a: Iron Crown|Iron Crown|33/100
|move|p1a: Gliscor|Toxic|p2a: Iron Crown
|-immune|p2a: Iron Crown
|
|upkeep
|turn|86
|
|t:|1743860579
|move|p2a: Iron Crown|Tachyon Cutter|p1a: Gliscor
|-end|p1a: Gliscor|Substitute
|-damage|p1a: Gliscor|58/100 tox
|-hitcount|p1a: Gliscor|2
|move|p1a: Gliscor|Earthquake|p2a: Iron Crown
|-supereffective|p2a: Iron Crown
|-damage|p2a: Iron Crown|0 fnt
|faint|p2a: Iron Crown
|-end|p2a: Iron Crown|Quark Drive|[silent]
|
|-heal|p1a: Gliscor|70/100 tox|[from] ability: Poison Heal
|upkeep
|
|t:|1743860590
|switch|p2a: Dragapult|Dragapult, M|41/100
|turn|87
|
|t:|1743860599
|move|p1a: Gliscor|Protect|p1a: Gliscor
|-singleturn|p1a: Gliscor|Protect
|move|p2a: Dragapult|Draco Meteor|p1a: Gliscor
|-activate|p1a: Gliscor|move: Protect
|
|-heal|p1a: Gliscor|83/100 tox|[from] ability: Poison Heal
|upkeep
|turn|88
|
|t:|1743860607
|switch|p1a: Blissey|Blissey, F|79/100
|move|p2a: Dragapult|Draco Meteor|p1a: Blissey
|-damage|p1a: Blissey|52/100
|-unboost|p2a: Dragapult|spa|2
|
|upkeep
|turn|89
|
|t:|1743860618
|switch|p2a: Great Tusk|Great Tusk|16/100 tox
|move|p1a: Blissey|Soft-Boiled|p1a: Blissey
|-heal|p1a: Blissey|100/100
|
|-damage|p2a: Great Tusk|10/100 tox|[from] psn
|upkeep
|turn|90
|
|t:|1743860628
|-end|p2a: Great Tusk|Protosynthesis|[silent]
|switch|p2a: Garganacl|Garganacl, F, tera:Fairy|100/100
|switch|p1a: Dondozo|Dondozo, F|62/100
|
|-heal|p1a: Dondozo|68/100|[from] item: Leftovers
|upkeep
|turn|91
|
|t:|1743860638
|move|p2a: Garganacl|Salt Cure|p1a: Dondozo
|-damage|p1a: Dondozo|62/100
|-start|p1a: Dondozo|Salt Cure
|move|p1a: Dondozo|Waterfall|p2a: Garganacl
|-damage|p2a: Garganacl|87/100
|
|-heal|p1a: Dondozo|68/100|[from] item: Leftovers
|-heal|p2a: Garganacl|93/100|[from] item: Leftovers
|-damage|p1a: Dondozo|43/100|[from] Salt Cure
|upkeep
|turn|92
|
|t:|1743860647
|switch|p1a: Blissey|Blissey, F|100/100
|move|p2a: Garganacl|Salt Cure|p1a: Blissey
|-damage|p1a: Blissey|87/100
|-start|p1a: Blissey|Salt Cure
|
|-heal|p2a: Garganacl|99/100|[from] item: Leftovers
|-damage|p1a: Blissey|75/100|[from] Salt Cure
|upkeep
|turn|93
|
|t:|1743860660
|move|p1a: Blissey|Seismic Toss|p2a: Garganacl
|-damage|p2a: Garganacl|74/100
|move|p2a: Garganacl|Salt Cure|p1a: Blissey
|-damage|p1a: Blissey|60/100
|
|-heal|p2a: Garganacl|81/100|[from] item: Leftovers
|-damage|p1a: Blissey|48/100|[from] Salt Cure
|upkeep
|turn|94
|
|t:|1743860672
|move|p1a: Blissey|Soft-Boiled|p1a: Blissey
|-heal|p1a: Blissey|98/100
|move|p2a: Garganacl|Body Press|p1a: Blissey
|-supereffective|p1a: Blissey
|-damage|p1a: Blissey|38/100
|
|-heal|p2a: Garganacl|87/100|[from] item: Leftovers
|-damage|p1a: Blissey|26/100|[from] Salt Cure
|upkeep
|turn|95
|
|t:|1743860682
|switch|p1a: Dondozo|Dondozo, F|43/100
|move|p2a: Garganacl|Salt Cure|p1a: Dondozo
|-damage|p1a: Dondozo|37/100
|-start|p1a: Dondozo|Salt Cure
|
|-heal|p2a: Garganacl|93/100|[from] item: Leftovers
|-heal|p1a: Dondozo|43/100|[from] item: Leftovers
|-damage|p1a: Dondozo|18/100|[from] Salt Cure
|upkeep
|turn|96
|
|t:|1743860693
|move|p1a: Dondozo|Rest|p1a: Dondozo
|-status|p1a: Dondozo|slp|[from] move: Rest
|-heal|p1a: Dondozo|100/100 slp|[silent]
|move|p2a: Garganacl|Iron Defense|p2a: Garganacl
|-boost|p2a: Garganacl|def|2
|
|-heal|p2a: Garganacl|99/100|[from] item: Leftovers
|-damage|p1a: Dondozo|75/100 slp|[from] Salt Cure
|upkeep
|turn|97
|
|t:|1743860708
|switch|p1a: Corviknight|Corviknight, M|60/100
|move|p2a: Garganacl|Salt Cure|p1a: Corviknight
|-damage|p1a: Corviknight|51/100
|-start|p1a: Corviknight|Salt Cure
|
|-heal|p2a: Garganacl|100/100|[from] item: Leftovers
|-damage|p1a: Corviknight|26/100|[from] Salt Cure
|upkeep
|turn|98
|
|t:|1743860720
|move|p1a: Corviknight|Roost|p1a: Corviknight
|-heal|p1a: Corviknight|76/100
|-singleturn|p1a: Corviknight|move: Roost
|move|p2a: Garganacl|Salt Cure|p1a: Corviknight
|-resisted|p1a: Corviknight
|-damage|p1a: Corviknight|71/100
|
|-damage|p1a: Corviknight|46/100|[from] Salt Cure
|upkeep
|turn|99
|
|t:|1743860730
|move|p1a: Corviknight|Roost|p1a: Corviknight
|-heal|p1a: Corviknight|96/100
|-singleturn|p1a: Corviknight|move: Roost
|move|p2a: Garganacl|Iron Defense|p2a: Garganacl
|-boost|p2a: Garganacl|def|2
|
|-damage|p1a: Corviknight|71/100|[from] Salt Cure
|upkeep
|turn|100
|inactive|Dimitry5000 has 120 seconds left.
|
|t:|1743860744
|switch|p1a: Dondozo|Dondozo, F|75/100 slp
|move|p2a: Garganacl|Salt Cure|p1a: Dondozo
|-damage|p1a: Dondozo|69/100 slp
|-start|p1a: Dondozo|Salt Cure
|
|-heal|p1a: Dondozo|75/100 slp|[from] item: Leftovers
|-damage|p1a: Dondozo|50/100 slp|[from] Salt Cure
|upkeep
|turn|101
|inactive|Dimitry5000 has 120 seconds left.
|inactive|Arcanine1011 has 120 seconds left.
|
|t:|1743860759
|switch|p1a: Corviknight|Corviknight, M|71/100
|move|p2a: Garganacl|Iron Defense|p2a: Garganacl
|-boost|p2a: Garganacl|def|2
|
|upkeep
|turn|102
|inactive|Dimitry5000 has 120 seconds left.
|
|t:|1743860767
|move|p1a: Corviknight|Roost|p1a: Corviknight
|-heal|p1a: Corviknight|100/100
|-singleturn|p1a: Corviknight|move: Roost
|move|p2a: Garganacl|Salt Cure|p1a: Corviknight
|-resisted|p1a: Corviknight
|-damage|p1a: Corviknight|96/100
|-start|p1a: Corviknight|Salt Cure
|
|-damage|p1a: Corviknight|71/100|[from] Salt Cure
|upkeep
|turn|103
|inactive|Dimitry5000 has 120 seconds left.
|inactive|Arcanine1011 has 120 seconds left.
|
|t:|1743860785
|move|p1a: Corviknight|Roost|p1a: Corviknight
|-heal|p1a: Corviknight|100/100
|-singleturn|p1a: Corviknight|move: Roost
|move|p2a: Garganacl|Salt Cure|p1a: Corviknight
|-resisted|p1a: Corviknight
|-damage|p1a: Corviknight|96/100
|
|-damage|p1a: Corviknight|71/100|[from] Salt Cure
|upkeep
|turn|104
|
|t:|1743860794
|switch|p1a: Dondozo|Dondozo, F|50/100 slp
|move|p2a: Garganacl|Body Press|p1a: Dondozo
|-damage|p1a: Dondozo|36/100 slp
|
|-heal|p1a: Dondozo|42/100 slp|[from] item: Leftovers
|upkeep
|turn|105
|
|t:|1743860805
|switch|p1a: Corviknight|Corviknight, M|71/100
|move|p2a: Garganacl|Salt Cure|p1a: Corviknight
|-damage|p1a: Corviknight|61/100
|-start|p1a: Corviknight|Salt Cure
|
|-damage|p1a: Corviknight|36/100|[from] Salt Cure
|upkeep
|turn|106
|inactive|Arcanine1011 has 120 seconds left.
|
|t:|1743860815
|switch|p1a: Dondozo|Dondozo, F|42/100 slp
|move|p2a: Garganacl|Body Press|p1a: Dondozo
|-damage|p1a: Dondozo|30/100 slp
|
|-heal|p1a: Dondozo|36/100 slp|[from] item: Leftovers
|upkeep
|turn|107
|inactive|Arcanine1011 has 120 seconds left.
|
|t:|1743860824
|move|p2a: Garganacl|Salt Cure|p1a: Dondozo
|-damage|p1a: Dondozo|29/100 slp
|-start|p1a: Dondozo|Salt Cure
|cant|p1a: Dondozo|slp
|move|p1a: Dondozo|Sleep Talk|p1a: Dondozo
|move|p1a: Dondozo|Waterfall|p2a: Garganacl|[from] move: Sleep Talk
|-damage|p2a: Garganacl|86/100
|
|-heal|p2a: Garganacl|93/100|[from] item: Leftovers
|-heal|p1a: Dondozo|36/100 slp|[from] item: Leftovers
|-damage|p1a: Dondozo|11/100 slp|[from] Salt Cure
|upkeep
|turn|108
|inactive|Arcanine1011 has 120 seconds left.
|
|t:|1743860838
|cant|p1a: Dondozo|slp
|move|p2a: Garganacl|Body Press|p1a: Dondozo
|-damage|p1a: Dondozo|0 fnt
|faint|p1a: Dondozo
|
|-heal|p2a: Garganacl|99/100|[from] item: Leftovers
|upkeep
|
|t:|1743860846
|switch|p1a: Gliscor|Gliscor, M|83/100 tox
|turn|109
|inactive|Arcanine1011 has 120 seconds left.
|inactive|Arcanine1011 has 90 seconds left.
|
|t:|1743860885
|move|p1a: Gliscor|Substitute|p1a: Gliscor
|-start|p1a: Gliscor|Substitute
|-damage|p1a: Gliscor|58/100 tox
|move|p2a: Garganacl|Body Press|p1a: Gliscor
|-resisted|p1a: Gliscor
|-end|p1a: Gliscor|Substitute
|
|-heal|p2a: Garganacl|100/100|[from] item: Leftovers
|-heal|p1a: Gliscor|70/100 tox|[from] ability: Poison Heal
|upkeep
|turn|110
|inactive|Arcanine1011 has 90 seconds left.
|
|t:|1743860896
|move|p1a: Gliscor|Protect|p1a: Gliscor
|-singleturn|p1a: Gliscor|Protect
|move|p2a: Garganacl|Iron Defense|p2a: Garganacl
|-boost|p2a: Garganacl|def|0
|
|-heal|p1a: Gliscor|83/100 tox|[from] ability: Poison Heal
|upkeep
|turn|111
|
|t:|1743860904
|move|p1a: Gliscor|Substitute|p1a: Gliscor
|-start|p1a: Gliscor|Substitute
|-damage|p1a: Gliscor|58/100 tox
|move|p2a: Garganacl|Body Press|p1a: Gliscor
|-resisted|p1a: Gliscor
|-end|p1a: Gliscor|Substitute
|
|-heal|p1a: Gliscor|70/100 tox|[from] ability: Poison Heal
|upkeep
|turn|112
|inactive|Arcanine1011 has 90 seconds left.
|
|t:|1743860918
|move|p1a: Gliscor|Substitute|p1a: Gliscor
|-start|p1a: Gliscor|Substitute
|-damage|p1a: Gliscor|45/100 tox
|move|p2a: Garganacl|Iron Defense|p2a: Garganacl
|-boost|p2a: Garganacl|def|0
|
|-heal|p1a: Gliscor|58/100 tox|[from] ability: Poison Heal
|upkeep
|turn|113
|
|t:|1743860926
|move|p1a: Gliscor|Protect|p1a: Gliscor
|-singleturn|p1a: Gliscor|Protect
|move|p2a: Garganacl|Body Press|p1a: Gliscor
|-activate|p1a: Gliscor|move: Protect
|
|-heal|p1a: Gliscor|70/100 tox|[from] ability: Poison Heal
|upkeep
|turn|114
|
|t:|1743860935
|move|p1a: Gliscor|Toxic|p2a: Garganacl
|-immune|p2a: Garganacl|[from] ability: Purifying Salt
|move|p2a: Garganacl|Body Press|p1a: Gliscor
|-resisted|p1a: Gliscor
|-end|p1a: Gliscor|Substitute
|
|-heal|p1a: Gliscor|83/100 tox|[from] ability: Poison Heal
|upkeep
|turn|115
|
|t:|1743860944
|switch|p2a: Dragapult|Dragapult, M|41/100
|move|p1a: Gliscor|Protect||[still]
|-fail|p1a: Gliscor
|
|-heal|p1a: Gliscor|95/100 tox|[from] ability: Poison Heal
|upkeep
|turn|116
|inactive|Arcanine1011 has 90 seconds left.
|
|t:|1743860966
|switch|p1a: Blissey|Blissey, F|26/100
|move|p2a: Dragapult|Draco Meteor|p1a: Blissey
|-damage|p1a: Blissey|2/100
|-unboost|p2a: Dragapult|spa|2
|
|upkeep
|turn|117
|
|t:|1743860975
|move|p2a: Dragapult|Draco Meteor|p1a: Blissey
|-damage|p1a: Blissey|0 fnt
|-unboost|p2a: Dragapult|spa|2
|faint|p1a: Blissey
|
|upkeep
|
|t:|1743860981
|switch|p1a: Gliscor|Gliscor, M|95/100 tox
|turn|118
|
|t:|1743861003
|switch|p2a: Garganacl|Garganacl, F, tera:Fairy|100/100
|move|p1a: Gliscor|Earthquake|p2a: Garganacl
|-damage|p2a: Garganacl|83/100
|
|-heal|p2a: Garganacl|89/100|[from] item: Leftovers
|-heal|p1a: Gliscor|100/100 tox|[from] ability: Poison Heal
|upkeep
|turn|119
|inactive|Arcanine1011 has 60 seconds left.
|
|t:|1743861020
|switch|p2a: Dragapult|Dragapult, M|41/100
|move|p1a: Gliscor|Protect||[still]
|-fail|p1a: Gliscor
|
|upkeep
|turn|120
|
|t:|1743861025
|switch|p2a: Garganacl|Garganacl, F, tera:Fairy|89/100
|move|p1a: Gliscor|Earthquake|p2a: Garganacl
|-crit|p2a: Garganacl
|-damage|p2a: Garganacl|62/100
|
|-heal|p2a: Garganacl|68/100|[from] item: Leftovers
|upkeep
|turn|121
|
|t:|1743861033
|move|p1a: Gliscor|Earthquake|p2a: Garganacl
|-damage|p2a: Garganacl|49/100
|move|p2a: Garganacl|Recover|p2a: Garganacl
|-heal|p2a: Garganacl|99/100
|
|-heal|p2a: Garganacl|100/100|[from] item: Leftovers
|upkeep
|turn|122
|inactive|Arcanine1011 has 60 seconds left.
|
|t:|1743861046
|move|p1a: Gliscor|Substitute|p1a: Gliscor
|-start|p1a: Gliscor|Substitute
|-damage|p1a: Gliscor|76/100 tox
|move|p2a: Garganacl|Salt Cure|p1a: Gliscor
|-activate|p1a: Gliscor|move: Substitute|[damage]
|
|-heal|p1a: Gliscor|88/100 tox|[from] ability: Poison Heal
|upkeep
|turn|123
|inactive|Arcanine1011 has 60 seconds left.
|
|t:|1743861054
|move|p1a: Gliscor|Toxic|p2a: Garganacl
|-immune|p2a: Garganacl|[from] ability: Purifying Salt
|move|p2a: Garganacl|Iron Defense|p2a: Garganacl
|-boost|p2a: Garganacl|def|2
|
|-heal|p1a: Gliscor|100/100 tox|[from] ability: Poison Heal
|upkeep
|turn|124
|inactive|Arcanine1011 has 60 seconds left.
|
|t:|1743861063
|switch|p2a: Dragapult|Dragapult, M|41/100
|move|p1a: Gliscor|Toxic|p2a: Dragapult
|-status|p2a: Dragapult|tox
|
|-damage|p2a: Dragapult|35/100 tox|[from] psn
|upkeep
|turn|125
|inactive|Arcanine1011 has 60 seconds left.
|
|t:|1743861071
|switch|p2a: Garganacl|Garganacl, F, tera:Fairy|100/100
|move|p1a: Gliscor|Earthquake|p2a: Garganacl
|-damage|p2a: Garganacl|82/100
|
|-heal|p2a: Garganacl|88/100|[from] item: Leftovers
|upkeep
|turn|126
|inactive|Arcanine1011 has 60 seconds left.
|
|t:|1743861079
|move|p1a: Gliscor|Toxic|p2a: Garganacl|[miss]
|-miss|p1a: Gliscor|p2a: Garganacl
|move|p2a: Garganacl|Iron Defense|p2a: Garganacl
|-boost|p2a: Garganacl|def|2
|
|-heal|p2a: Garganacl|94/100|[from] item: Leftovers
|upkeep
|turn|127
|inactive|Arcanine1011 has 60 seconds left.
|
|t:|1743861086
|move|p1a: Gliscor|Toxic|p2a: Garganacl
|-immune|p2a: Garganacl|[from] ability: Purifying Salt
|move|p2a: Garganacl|Iron Defense|p2a: Garganacl
|-boost|p2a: Garganacl|def|2
|
|-heal|p2a: Garganacl|100/100|[from] item: Leftovers
|upkeep
|turn|128
|inactive|Arcanine1011 has 60 seconds left.
|
|t:|1743861093
|switch|p2a: Great Tusk|Great Tusk|10/100 tox
|move|p1a: Gliscor|Toxic|p2a: Great Tusk
|-fail|p2a: Great Tusk|tox
|
|-damage|p2a: Great Tusk|3/100 tox|[from] psn
|upkeep
|turn|129
|inactive|Arcanine1011 has 60 seconds left.
|
|t:|1743861104
|move|p1a: Gliscor|Earthquake|p2a: Great Tusk
|-damage|p2a: Great Tusk|0 fnt
|faint|p2a: Great Tusk
|-end|p2a: Great Tusk|Protosynthesis|[silent]
|
|upkeep
|
|t:|1743861120
|switch|p2a: Dragapult|Dragapult, M|35/100 tox
|turn|130
|
|t:|1743861124
|move|p2a: Dragapult|Draco Meteor|p1a: Gliscor
|-damage|p1a: Gliscor|0 fnt
|-unboost|p2a: Dragapult|spa|2
|faint|p1a: Gliscor
|
|-damage|p2a: Dragapult|29/100 tox|[from] psn
|upkeep
|
|t:|1743861131
|switch|p1a: Corviknight|Corviknight, M|36/100
|turn|131
|c|☆Arcanine1011|lol
|-message|Dimitry5000 forfeited.
|
|win|Arcanine1011
|raw|Dimitry5000's rating: 1272 &rarr; <strong>1256</strong><br />(-16 for losing)
|raw|Arcanine1011's rating: 1397 &rarr; <strong>1410</strong><br />(+13 for winning)
|l|☆Dimitry5000
|player|p1|
|c|☆Arcanine1011|hahaha
