|j|☆Goose980
|j|☆egessgse
|t:|1743874370
|gametype|singles
|player|p1|Goose980|lucas|1087
|player|p2|egessgse|265|1090
|teamsize|p1|6
|teamsize|p2|6
|gen|9
|tier|[Gen 9] OU
|rated|
|rule|HP Percentage Mod: HP is shown in percentages
|rule|Endless Battle Clause: Forcing endless battles is banned
|rule|Species Clause: Limit one of each Pokémon
|rule|OHKO Clause: OHKO moves are banned
|rule|Evasion Items Clause: Evasion items are banned
|rule|Evasion Moves Clause: Evasion moves are banned
|rule|Sleep Moves Clause: Sleep-inducing moves are banned
|clearpoke
|poke|p1|Dragapult, F|
|poke|p1|Zamazenta-*|
|poke|p1|Hatterene, F|
|poke|p1|Rillaboom, M|
|poke|p1|Walking Wake|
|poke|p1|Zapdos|
|poke|p2|Palossand, F|
|poke|p2|Dragapult, F|
|poke|p2|Cinderace, M|
|poke|p2|Iron Crown|
|poke|p2|Kingambit, F|
|poke|p2|Ogerpon-Wellspring, F|
|teampreview
|
|t:|1743874381
|start
|switch|p1a: Hatterene|Hatterene, F|100/100
|switch|p2a: Iron Crown|Iron Crown|100/100
|turn|1
|
|t:|1743874391
|move|p2a: Iron Crown|Tachyon Cutter|p1a: Hatterene
|-supereffective|p1a: Hatterene
|-crit|p1a: Hatterene
|-damage|p1a: Hatterene|0 fnt
|faint|p1a: Hatterene
|-hitcount|p1: Hatterene|1
|
|upkeep
|
|t:|1743874405
|switch|p1a: Zamazenta|Zamazenta|100/100
|-ability|p1a: Zamazenta|Dauntless Shield|boost
|-boost|p1a: Zamazenta|def|1
|turn|2
|
|t:|1743874410
|-end|p2a: Iron Crown|Quark Drive|[silent]
|switch|p2a: Palossand|Palossand, F|100/100
|move|p1a: Zamazenta|Iron Defense|p1a: Zamazenta
|-boost|p1a: Zamazenta|def|2
|
|upkeep
|turn|3
|
|t:|1743874417
|move|p1a: Zamazenta|Crunch|p2a: Palossand
|-supereffective|p2a: Palossand
|-damage|p2a: Palossand|71/100
|move|p2a: Palossand|Stealth Rock|p1a: Zamazenta
|-sidestart|p1: Goose980|move: Stealth Rock
|
|upkeep
|turn|4
|
|t:|1743874447
|move|p1a: Zamazenta|Crunch|p2a: Palossand
|-supereffective|p2a: Palossand
|-damage|p2a: Palossand|44/100
|move|p2a: Palossand|Scorching Sands|p1a: Zamazenta
|-damage|p1a: Zamazenta|81/100
|
|-heal|p1a: Zamazenta|87/100|[from] item: Leftovers
|upkeep
|turn|5
|
|t:|1743874464
|move|p1a: Zamazenta|Crunch|p2a: Palossand
|-supereffective|p2a: Palossand
|-damage|p2a: Palossand|16/100
|move|p2a: Palossand|Scorching Sands|p1a: Zamazenta
|-damage|p1a: Zamazenta|67/100
|-status|p1a: Zamazenta|brn
|
|-heal|p1a: Zamazenta|73/100 brn|[from] item: Leftovers
|-damage|p1a: Zamazenta|67/100 brn|[from] brn
|upkeep
|turn|6
|
|t:|1743874476
|move|p1a: Zamazenta|Crunch|p2a: Palossand
|-supereffective|p2a: Palossand
|-damage|p2a: Palossand|2/100
|-unboost|p2a: Palossand|def|1
|move|p2a: Palossand|Hex|p1a: Zamazenta
|-crit|p1a: Zamazenta
|-damage|p1a: Zamazenta|15/100 brn
|
|-heal|p1a: Zamazenta|21/100 brn|[from] item: Leftovers
|-damage|p1a: Zamazenta|15/100 brn|[from] brn
|upkeep
|turn|7
|
|t:|1743874488
|move|p1a: Zamazenta|Crunch|p2a: Palossand
|-supereffective|p2a: Palossand
|-damage|p2a: Palossand|0 fnt
|faint|p2a: Palossand
|
|-heal|p1a: Zamazenta|21/100 brn|[from] item: Leftovers
|-damage|p1a: Zamazenta|15/100 brn|[from] brn
|upkeep
|
|t:|1743874503
|switch|p2a: Dragapult|Dragapult, F|100/100
|turn|8
|
|t:|1743874512
|move|p2a: Dragapult|Dragon Darts|p1a: Zamazenta
|-damage|p1a: Zamazenta|4/100 brn
|-anim|p2a: Dragapult|Dragon Darts|p1a: Zamazenta
|-damage|p1a: Zamazenta|0 fnt
|faint|p1a: Zamazenta
|
|upkeep
|
|t:|1743874531
|switch|p1a: Zapdos|Zapdos|100/100
|turn|9
|
|t:|1743874540
|move|p2a: Dragapult|Dragon Darts|p1a: Zapdos
|-crit|p1a: Zapdos
|-damage|p1a: Zapdos|61/100
|-anim|p2a: Dragapult|Dragon Darts|p1a: Zapdos
|-damage|p1a: Zapdos|34/100
|move|p1a: Zapdos|Thunder Wave|p2a: Dragapult
|-status|p2a: Dragapult|par
|
|upkeep
|turn|10
|
|t:|1743874548
|move|p1a: Zapdos|Roost|p1a: Zapdos
|-heal|p1a: Zapdos|84/100
|-singleturn|p1a: Zapdos|move: Roost
|move|p2a: Dragapult|Dragon Darts|p1a: Zapdos
|-damage|p1a: Zapdos|58/100
|-anim|p2a: Dragapult|Dragon Darts|p1a: Zapdos
|-damage|p1a: Zapdos|33/100
|
|upkeep
|turn|11
|
|t:|1743874575
|switch|p2a: Cinderace|Cinderace, M|100/100
|move|p1a: Zapdos|Roost|p1a: Zapdos
|-heal|p1a: Zapdos|84/100
|-singleturn|p1a: Zapdos|move: Roost
|
|upkeep
|turn|12
|
|t:|1743874583
|move|p2a: Cinderace|U-turn|p1a: Zapdos
|-start|p2a: Cinderace|typechange|Bug|[from] ability: Libero
|-resisted|p1a: Zapdos
|-damage|p1a: Zapdos|71/100
|-status|p2a: Cinderace|par|[from] ability: Static|[of] p1a: Zapdos
|
|t:|1743874589
|switch|p2a: Dragapult|Dragapult, F|100/100 par|[from] U-turn
|move|p1a: Zapdos|Thunderbolt|p2a: Dragapult
|-resisted|p2a: Dragapult
|-damage|p2a: Dragapult|76/100 par
|
|upkeep
|turn|13
|
|t:|1743874603
|move|p1a: Zapdos|Thunderbolt|p2a: Dragapult
|-resisted|p2a: Dragapult
|-damage|p2a: Dragapult|50/100 par
|cant|p2a: Dragapult|par
|
|upkeep
|turn|14
|
|t:|1743874610
|move|p1a: Zapdos|Thunderbolt|p2a: Dragapult
|-resisted|p2a: Dragapult
|-damage|p2a: Dragapult|24/100 par
|move|p2a: Dragapult|U-turn|p1a: Zapdos
|-resisted|p1a: Zapdos
|-damage|p1a: Zapdos|58/100
|
|t:|1743874627
|switch|p2a: Ogerpon|Ogerpon-Wellspring, F|100/100|[from] U-turn
|
|upkeep
|turn|15
|
|t:|1743874635
|move|p2a: Ogerpon|Knock Off|p1a: Zapdos
|-damage|p1a: Zapdos|31/100
|-enditem|p1a: Zapdos|Heavy-Duty Boots|[from] move: Knock Off|[of] p2a: Ogerpon
|move|p1a: Zapdos|Roost|p1a: Zapdos
|-heal|p1a: Zapdos|81/100
|-singleturn|p1a: Zapdos|move: Roost
|
|upkeep
|turn|16
|
|t:|1743874644
|move|p2a: Ogerpon|Ivy Cudgel|p1a: Zapdos|[anim] Ivy Cudgel Water
|-damage|p1a: Zapdos|40/100
|move|p1a: Zapdos|Thunderbolt|p2a: Ogerpon
|-damage|p2a: Ogerpon|59/100
|-status|p2a: Ogerpon|par
|
|upkeep
|turn|17
|
|t:|1743874653
|move|p1a: Zapdos|Roost|p1a: Zapdos
|-heal|p1a: Zapdos|91/100
|-singleturn|p1a: Zapdos|move: Roost
|move|p2a: Ogerpon|Ivy Cudgel|p1a: Zapdos|[anim] Ivy Cudgel Water
|-damage|p1a: Zapdos|49/100
|
|upkeep
|turn|18
|
|t:|1743874668
|move|p1a: Zapdos|Roost|p1a: Zapdos
|-heal|p1a: Zapdos|99/100
|-singleturn|p1a: Zapdos|move: Roost
|move|p2a: Ogerpon|Ivy Cudgel|p1a: Zapdos|[anim] Ivy Cudgel Water
|-damage|p1a: Zapdos|54/100
|
|upkeep
|turn|19
|
|t:|1743874687
|switch|p2a: Iron Crown|Iron Crown|100/100
|move|p1a: Zapdos|Thunderbolt|p2a: Iron Crown
|-damage|p2a: Iron Crown|65/100
|-status|p2a: Iron Crown|par
|
|upkeep
|turn|20
|
|t:|1743874700
|move|p1a: Zapdos|Heat Wave|p2a: Iron Crown
|-supereffective|p2a: Iron Crown
|-damage|p2a: Iron Crown|11/100 par
|cant|p2a: Iron Crown|par
|
|upkeep
|turn|21
|
|t:|1743874707
|move|p1a: Zapdos|Thunderbolt|p2a: Iron Crown
|-damage|p2a: Iron Crown|0 fnt
|faint|p2a: Iron Crown
|-end|p2a: Iron Crown|Quark Drive|[silent]
|
|upkeep
|
|t:|1743874713
|switch|p2a: Kingambit|Kingambit, F|100/100
|-activate|p2a: Kingambit|ability: Supreme Overlord
|-start|p2a: Kingambit|fallen2|[silent]
|turn|22
|
|t:|1743874718
|move|p1a: Zapdos|Thunder Wave|p2a: Kingambit
|-status|p2a: Kingambit|par
|move|p2a: Kingambit|Swords Dance|p2a: Kingambit
|-boost|p2a: Kingambit|atk|2
|
|upkeep
|turn|23
|
|t:|1743874723
|move|p1a: Zapdos|Heat Wave|p2a: Kingambit
|-supereffective|p2a: Kingambit
|-damage|p2a: Kingambit|46/100 par
|move|p2a: Kingambit|Kowtow Cleave|p1a: Zapdos
|-damage|p1a: Zapdos|0 fnt
|faint|p1a: Zapdos
|
|-heal|p2a: Kingambit|52/100 par|[from] item: Leftovers
|upkeep
|
|t:|1743874743
|switch|p1a: Walking Wake|Walking Wake|100/100
|-damage|p1a: Walking Wake|88/100|[from] Stealth Rock
|turn|24
|
|t:|1743874763
|-terastallize|p2a: Kingambit|Flying
|move|p1a: Walking Wake|Draco Meteor|p2a: Kingambit
|-damage|p2a: Kingambit|0 fnt
|-unboost|p1a: Walking Wake|spa|2
|faint|p2a: Kingambit
|-end|p2a: Kingambit|fallen2|[silent]
|
|upkeep
|
|t:|1743874769
|switch|p2a: Ogerpon|Ogerpon-Wellspring, F|59/100 par
|turn|25
|
|t:|1743874774
|move|p1a: Walking Wake|Flip Turn|p2a: Ogerpon
|-heal|p2a: Ogerpon|84/100 par|[from] ability: Water Absorb|[of] p1a: Walking Wake
|move|p2a: Ogerpon|Horn Leech|p1a: Walking Wake
|-damage|p1a: Walking Wake|39/100
|-heal|p2a: Ogerpon|100/100 par|[from] drain|[of] p1a: Walking Wake
|
|upkeep
|turn|26
|
|t:|1743874789
|-end|p1a: Walking Wake|Protosynthesis|[silent]
|switch|p1a: Rillaboom|Rillaboom, M|100/100
|-damage|p1a: Rillaboom|88/100|[from] Stealth Rock
|-fieldstart|move: Grassy Terrain|[from] ability: Grassy Surge|[of] p1a: Rillaboom
|move|p2a: Ogerpon|Horn Leech|p1a: Rillaboom
|-resisted|p1a: Rillaboom
|-damage|p1a: Rillaboom|62/100
|
|-heal|p1a: Rillaboom|68/100|[from] Grassy Terrain
|upkeep
|turn|27
|
|t:|1743874804
|-terastallize|p1a: Rillaboom|Grass
|move|p1a: Rillaboom|Wood Hammer|p2a: Ogerpon
|-damage|p2a: Ogerpon|0 fnt
|faint|p2a: Ogerpon
|-damage|p1a: Rillaboom|43/100|[from] Recoil
|
|-heal|p1a: Rillaboom|49/100|[from] Grassy Terrain
|upkeep
|
|t:|1743874811
|switch|p2a: Dragapult|Dragapult, F|24/100 par
|turn|28
|
|t:|1743874815
|move|p1a: Rillaboom|Wood Hammer|p2a: Dragapult
|-resisted|p2a: Dragapult
|-damage|p2a: Dragapult|0 fnt
|faint|p2a: Dragapult
|-damage|p1a: Rillaboom|43/100|[from] Recoil
|
|-heal|p1a: Rillaboom|49/100|[from] Grassy Terrain
|upkeep
|-message|egessgse forfeited.
|
|win|Goose980
|raw|Goose980's rating: 1087 &rarr; <strong>1114</strong><br />(+27 for winning)
|raw|egessgse's rating: 1090 &rarr; <strong>1066</strong><br />(-24 for losing)
|l|☆egessgse
|player|p2|
|l|☆Goose980
|player|p1|
