|j|☆inothigh
|j|☆Gravy'n Toast
|t:|1743912148
|gametype|singles
|player|p1|inothigh|2|1260
|player|p2|Gravy'n Toast|giovanni|1312
|teamsize|p1|6
|teamsize|p2|6
|gen|9
|tier|[Gen 9] OU
|rated|
|rule|HP Percentage Mod: HP is shown in percentages
|rule|Endless Battle Clause: Forcing endless battles is banned
|rule|Species Clause: Limit one of each Pokémon
|rule|OHKO Clause: OHKO moves are banned
|rule|Evasion Items Clause: Evasion items are banned
|rule|Evasion Moves Clause: Evasion moves are banned
|rule|Sleep Moves Clause: Sleep-inducing moves are banned
|clearpoke
|poke|p1|Meowscarada, F|
|poke|p1|Gliscor, M|
|poke|p1|Dragapult, F|
|poke|p1|Ting-Lu|
|poke|p1|Zamazenta-*|
|poke|p1|Slowking-Galar, F|
|poke|p2|Great Tusk|
|poke|p2|Dragapult, F|
|poke|p2|Dragonite, F|
|poke|p2|Kleavor, F|
|poke|p2|Ribombee, F|
|poke|p2|Gholdengo|
|teampreview
|inactive|Battle timer is ON: inactive players will automatically lose when time's up. (requested by inothigh)
|inactive|Gravy'n Toast has 120 seconds left.
|
|t:|1743912186
|start
|switch|p1a: Gliscor|Gliscor, M|100/100
|switch|p2a: Ribombee|Ribombee, F|100/100
|turn|1
|
|t:|1743912192
|move|p2a: Ribombee|Skill Swap|p1a: Gliscor
|-activate|p2a: Ribombee|move: Skill Swap|Poison Heal|Shield Dust|[of] p1a: Gliscor
|move|p1a: Gliscor|Toxic|p2a: Ribombee
|-status|p2a: Ribombee|tox
|
|-status|p1a: Gliscor|tox|[from] item: Toxic Orb
|upkeep
|turn|2
|
|t:|1743912209
|move|p2a: Ribombee|Sticky Web|p1a: Gliscor
|-sidestart|p1: inothigh|move: Sticky Web
|move|p1a: Gliscor|Spikes|p2a: Ribombee
|-sidestart|p2: Gravy'n Toast|Spikes
|
|-damage|p1a: Gliscor|94/100 tox|[from] psn
|upkeep
|turn|3
|
|t:|1743912223
|move|p2a: Ribombee|Moonblast|p1a: Gliscor
|-damage|p1a: Gliscor|61/100 tox
|move|p1a: Gliscor|Earthquake|p2a: Ribombee
|-resisted|p2a: Ribombee
|-damage|p2a: Ribombee|69/100 tox
|
|-heal|p2a: Ribombee|81/100 tox|[from] ability: Poison Heal
|-damage|p1a: Gliscor|49/100 tox|[from] psn
|upkeep
|turn|4
|
|t:|1743912246
|switch|p1a: Slowking|Slowking-Galar, F|100/100
|-activate|p1a: Slowking|move: Sticky Web
|-unboost|p1a: Slowking|spe|1
|move|p2a: Ribombee|Moonblast|p1a: Slowking
|-resisted|p1a: Slowking
|-damage|p1a: Slowking|91/100
|-unboost|p1a: Slowking|spa|1
|
|-heal|p2a: Ribombee|93/100 tox|[from] ability: Poison Heal
|upkeep
|turn|5
|
|t:|1743912259
|move|p2a: Ribombee|Stun Spore|p1a: Slowking
|-status|p1a: Slowking|par
|cant|p1a: Slowking|par
|
|-heal|p2a: Ribombee|100/100 tox|[from] ability: Poison Heal
|upkeep
|turn|6
|
|t:|1743912272
|switch|p2a: Great Tusk|Great Tusk|100/100
|-damage|p2a: Great Tusk|88/100|[from] Spikes
|-enditem|p2a: Great Tusk|Booster Energy
|-activate|p2a: Great Tusk|ability: Protosynthesis|[fromitem]
|-start|p2a: Great Tusk|protosynthesisatk
|move|p1a: Slowking|Flamethrower|p2a: Great Tusk
|-damage|p2a: Great Tusk|61/100
|
|upkeep
|turn|7
|
|t:|1743912291
|-terastallize|p1a: Slowking|Water
|move|p2a: Great Tusk|Ice Spinner|p1a: Slowking
|-resisted|p1a: Slowking
|-damage|p1a: Slowking|72/100 par
|move|p1a: Slowking|Psyshock|p2a: Great Tusk
|-supereffective|p2a: Great Tusk
|-damage|p2a: Great Tusk|22/100
|
|upkeep
|turn|8
|
|t:|1743912302
|move|p2a: Great Tusk|Rapid Spin|p1a: Slowking
|-damage|p1a: Slowking|48/100 par
|-boost|p2a: Great Tusk|spe|1
|-sideend|p2: Gravy'n Toast|Spikes|[from] move: Rapid Spin|[of] p2a: Great Tusk
|move|p1a: Slowking|Psyshock|p2a: Great Tusk
|-supereffective|p2a: Great Tusk
|-damage|p2a: Great Tusk|0 fnt
|faint|p2a: Great Tusk
|-end|p2a: Great Tusk|Protosynthesis|[silent]
|
|upkeep
|
|t:|1743912313
|switch|p2a: Kleavor|Kleavor, F|100/100
|turn|9
|
|t:|1743912329
|move|p2a: Kleavor|Swords Dance|p2a: Kleavor
|-boost|p2a: Kleavor|atk|2
|move|p1a: Slowking|Sludge Bomb|p2a: Kleavor
|-resisted|p2a: Kleavor
|-damage|p2a: Kleavor|78/100
|
|upkeep
|turn|10
|
|t:|1743912338
|switch|p1a: Ting-Lu|Ting-Lu|100/100
|-activate|p1a: Ting-Lu|move: Sticky Web
|-unboost|p1a: Ting-Lu|spe|1
|-ability|p1a: Ting-Lu|Vessel of Ruin
|move|p2a: Kleavor|Stone Axe|p1a: Ting-Lu
|-resisted|p1a: Ting-Lu
|-damage|p1a: Ting-Lu|70/100
|-sidestart|p1: inothigh|move: Stealth Rock
|
|-heal|p1a: Ting-Lu|76/100|[from] item: Leftovers
|upkeep
|turn|11
|
|t:|1743912352
|move|p2a: Kleavor|Aerial Ace|p1a: Ting-Lu
|-damage|p1a: Ting-Lu|41/100
|move|p1a: Ting-Lu|Stealth Rock|p2a: Kleavor
|-sidestart|p2: Gravy'n Toast|move: Stealth Rock
|
|-heal|p1a: Ting-Lu|47/100|[from] item: Leftovers
|upkeep
|turn|12
|
|t:|1743912362
|move|p2a: Kleavor|Aerial Ace|p1a: Ting-Lu
|-damage|p1a: Ting-Lu|10/100
|move|p1a: Ting-Lu|Earthquake|p2a: Kleavor
|-damage|p2a: Kleavor|26/100
|
|-heal|p1a: Ting-Lu|16/100|[from] item: Leftovers
|upkeep
|turn|13
|
|t:|1743912382
|switch|p1a: Gliscor|Gliscor, M|49/100 tox
|-damage|p1a: Gliscor|36/100 tox|[from] Stealth Rock
|move|p2a: Kleavor|Aerial Ace|p1a: Gliscor
|-damage|p1a: Gliscor|0 fnt
|faint|p1a: Gliscor
|
|upkeep
|
|t:|1743912389
|switch|p1a: Meowscarada|Meowscarada, F|100/100
|turn|14
|
|t:|1743912400
|move|p1a: Meowscarada|Flower Trick|p2a: Kleavor
|-start|p1a: Meowscarada|typechange|Grass|[from] ability: Protean
|-crit|p2a: Kleavor
|-damage|p2a: Kleavor|0 fnt
|faint|p2a: Kleavor
|
|upkeep
|
|t:|1743912427
|switch|p2a: Ribombee|Ribombee, F|100/100 tox
|-damage|p2a: Ribombee|76/100 tox|[from] Stealth Rock
|turn|15
|
|t:|1743912447
|switch|p1a: Slowking|Slowking-Galar, F, tera:Water|81/100 par
|-activate|p1a: Slowking|move: Sticky Web
|-unboost|p1a: Slowking|spe|1
|-damage|p1a: Slowking|69/100 par|[from] Stealth Rock
|move|p2a: Ribombee|Moonblast|p1a: Slowking
|-damage|p1a: Slowking|50/100 par
|-unboost|p1a: Slowking|spa|1
|
|-damage|p2a: Ribombee|69/100 tox|[from] psn
|upkeep
|turn|16
|inactive|inothigh has 120 seconds left.
|
|t:|1743912462
|move|p2a: Ribombee|Moonblast|p1a: Slowking
|-damage|p1a: Slowking|30/100 par
|move|p1a: Slowking|Sludge Bomb|p2a: Ribombee
|-supereffective|p2a: Ribombee
|-damage|p2a: Ribombee|0 fnt
|faint|p2a: Ribombee
|
|upkeep
|
|t:|1743912469
|switch|p2a: Dragonite|Dragonite, F, shiny|100/100
|-damage|p2a: Dragonite|76/100|[from] Stealth Rock
|turn|17
|
|t:|1743912477
|move|p2a: Dragonite|Dragon Dance|p2a: Dragonite
|-boost|p2a: Dragonite|atk|1
|-boost|p2a: Dragonite|spe|1
|move|p1a: Slowking|Ice Beam|p2a: Dragonite
|-supereffective|p2a: Dragonite
|-damage|p2a: Dragonite|0 fnt
|faint|p2a: Dragonite
|
|upkeep
|
|t:|1743912483
|switch|p2a: Dragapult|Dragapult, F|100/100
|-damage|p2a: Dragapult|88/100|[from] Stealth Rock
|turn|18
|
|t:|1743912492
|move|p2a: Dragapult|Dragon Dance|p2a: Dragapult
|-boost|p2a: Dragapult|atk|1
|-boost|p2a: Dragapult|spe|1
|move|p1a: Slowking|Ice Beam|p2a: Dragapult
|-supereffective|p2a: Dragapult
|-damage|p2a: Dragapult|27/100
|
|upkeep
|turn|19
|
|t:|1743912500
|move|p2a: Dragapult|Shadow Ball|p1a: Slowking
|-damage|p1a: Slowking|4/100 par
|-damage|p2a: Dragapult|17/100|[from] item: Life Orb
|move|p1a: Slowking|Ice Beam|p2a: Dragapult
|-supereffective|p2a: Dragapult
|-damage|p2a: Dragapult|0 fnt
|faint|p2a: Dragapult
|
|upkeep
|
|t:|1743912505
|switch|p2a: Gholdengo|Gholdengo|100/100
|-damage|p2a: Gholdengo|94/100|[from] Stealth Rock
|-item|p2a: Gholdengo|Air Balloon
|turn|20
|
|t:|1743912513
|move|p2a: Gholdengo|Nasty Plot|p2a: Gholdengo
|-boost|p2a: Gholdengo|spa|2
|move|p1a: Slowking|Flamethrower|p2a: Gholdengo
|-supereffective|p2a: Gholdengo
|-damage|p2a: Gholdengo|56/100
|-enditem|p2a: Gholdengo|Air Balloon
|
|upkeep
|turn|21
|-message|Gravy'n Toast forfeited.
|
|win|inothigh
|raw|inothigh's rating: 1260 &rarr; <strong>1289</strong><br />(+29 for winning)
|raw|Gravy&apos;n Toast's rating: 1312 &rarr; <strong>1289</strong><br />(-23 for losing)
|l|☆Gravy'n Toast
|player|p2|
|l|☆inothigh
|player|p1|
