|j|☆Bum_Muncha
|j|☆smokesniper
|t:|1743787985
|gametype|singles
|player|p1|Bum_Muncha|169|1647
|player|p2|smokesniper|veteran|1590
|teamsize|p1|6
|teamsize|p2|6
|gen|9
|tier|[Gen 9] OU
|rated|
|rule|HP Percentage Mod: HP is shown in percentages
|rule|Endless Battle Clause: Forcing endless battles is banned
|rule|Species Clause: Limit one of each Pokémon
|rule|OHKO Clause: OHKO moves are banned
|rule|Evasion Items Clause: Evasion items are banned
|rule|Evasion Moves Clause: Evasion moves are banned
|rule|Sleep Moves Clause: Sleep-inducing moves are banned
|clearpoke
|poke|p1|Ting-Lu|
|poke|p1|Gliscor, M|
|poke|p1|Sinistcha|
|poke|p1|Keldeo-Resolute|
|poke|p1|Tinkaton, F|
|poke|p1|Dragonite, F|
|poke|p2|Volcanion|
|poke|p2|Scream Tail|
|poke|p2|Corviknight, F|
|poke|p2|Zamazenta-*|
|poke|p2|Ting-Lu|
|poke|p2|Rillaboom, F|
|teampreview
|j| goldceus
|
|t:|1743787992
|start
|switch|p1a: Tinkaton|Tinkaton, F|100/100
|switch|p2a: Volcanion|Volcanion|100/100
|-ability|p1a: Tinkaton|Mold Breaker
|-item|p1a: Tinkaton|Air Balloon
|turn|1
|
|t:|1743787996
|move|p1a: Tinkaton|Stealth Rock|p2a: Volcanion
|-sidestart|p2: smokesniper|move: Stealth Rock
|move|p2a: Volcanion|Fire Spin|p1a: Tinkaton
|-supereffective|p1a: Tinkaton
|-damage|p1a: Tinkaton|71/100
|-activate|p1a: Tinkaton|move: Fire Spin|[of] p2a: Volcanion
|-enditem|p1a: Tinkaton|Air Balloon
|
|-damage|p1a: Tinkaton|59/100|[from] move: Fire Spin|[partiallytrapped]
|upkeep
|turn|2
|
|t:|1743788000
|move|p1a: Tinkaton|Knock Off|p2a: Volcanion
|-damage|p2a: Volcanion|89/100
|-enditem|p2a: Volcanion|Heavy-Duty Boots|[from] move: Knock Off|[of] p1a: Tinkaton
|move|p2a: Volcanion|Fire Blast|p1a: Tinkaton
|-supereffective|p1a: Tinkaton
|-damage|p1a: Tinkaton|0 fnt
|faint|p1a: Tinkaton
|
|upkeep
|
|t:|1743788005
|switch|p1a: Dragonite|Dragonite, F|100/100
|turn|3
|
|t:|1743788008
|move|p1a: Dragonite|Earthquake|p2a: Volcanion
|-supereffective|p2a: Volcanion
|-damage|p2a: Volcanion|36/100
|move|p2a: Volcanion|Taunt|p1a: Dragonite
|-start|p1a: Dragonite|move: Taunt
|
|upkeep
|turn|4
|
|t:|1743788014
|switch|p2a: Corviknight|Corviknight, F|100/100
|-ability|p2a: Corviknight|Pressure
|move|p1a: Dragonite|Dragon Tail|p2a: Corviknight
|-resisted|p2a: Corviknight
|-damage|p2a: Corviknight|90/100
|drag|p2a: Volcanion|Volcanion|36/100
|-damage|p2a: Volcanion|11/100|[from] Stealth Rock
|
|upkeep
|turn|5
|
|t:|1743788023
|move|p1a: Dragonite|Earthquake|p2a: Volcanion
|-supereffective|p2a: Volcanion
|-damage|p2a: Volcanion|0 fnt
|faint|p2a: Volcanion
|
|upkeep
|
|t:|1743788026
|switch|p2a: Corviknight|Corviknight, F|90/100
|-ability|p2a: Corviknight|Pressure
|turn|6
|
|t:|1743788032
|move|p2a: Corviknight|Roost|p2a: Corviknight
|-heal|p2a: Corviknight|100/100
|-singleturn|p2a: Corviknight|move: Roost
|move|p1a: Dragonite|Dragon Tail|p2a: Corviknight
|-resisted|p2a: Corviknight
|-damage|p2a: Corviknight|90/100
|drag|p2a: Zamazenta|Zamazenta|100/100
|-damage|p2a: Zamazenta|94/100|[from] Stealth Rock
|-ability|p2a: Zamazenta|Dauntless Shield|boost
|-boost|p2a: Zamazenta|def|1
|
|-heal|p2a: Zamazenta|100/100|[from] item: Leftovers
|-end|p1a: Dragonite|move: Taunt
|upkeep
|turn|7
|
|t:|1743788041
|move|p2a: Zamazenta|Crunch|p1a: Dragonite
|-damage|p1a: Dragonite|90/100
|move|p1a: Dragonite|Dragon Tail|p2a: Zamazenta
|-damage|p2a: Zamazenta|83/100
|drag|p2a: Corviknight|Corviknight, F|90/100
|-ability|p2a: Corviknight|Pressure
|
|upkeep
|turn|8
|
|t:|1743788052
|move|p2a: Corviknight|Defog|p1a: Dragonite
|-unboost|p1a: Dragonite|evasion|1
|-sideend|p2: smokesniper|Stealth Rock|[from] move: Defog|[of] p2a: Corviknight
|move|p1a: Dragonite|Dragon Tail|p2a: Corviknight
|-resisted|p2a: Corviknight
|-damage|p2a: Corviknight|79/100
|drag|p2a: Ting-Lu|Ting-Lu|100/100
|-ability|p2a: Ting-Lu|Vessel of Ruin
|
|upkeep
|turn|9
|
|t:|1743788057
|switch|p1a: Ting-Lu|Ting-Lu|100/100
|-ability|p1a: Ting-Lu|Vessel of Ruin
|move|p2a: Ting-Lu|Stealth Rock|p1a: Ting-Lu
|-sidestart|p1: Bum_Muncha|move: Stealth Rock
|
|upkeep
|turn|10
|
|t:|1743788060
|switch|p2a: Rillaboom|Rillaboom, F|100/100
|-fieldstart|move: Grassy Terrain|[from] ability: Grassy Surge|[of] p2a: Rillaboom
|move|p1a: Ting-Lu|Spikes|p2a: Rillaboom
|-sidestart|p2: smokesniper|Spikes
|
|upkeep
|turn|11
|
|t:|1743788070
|switch|p1a: Sinistcha|Sinistcha|100/100
|move|p2a: Rillaboom|Knock Off|p1a: Sinistcha
|-supereffective|p1a: Sinistcha
|-damage|p1a: Sinistcha|36/100
|-enditem|p1a: Sinistcha|Heavy-Duty Boots|[from] move: Knock Off|[of] p2a: Rillaboom
|
|-heal|p1a: Sinistcha|42/100|[from] Grassy Terrain
|upkeep
|turn|12
|
|t:|1743788077
|move|p2a: Rillaboom|Knock Off|p1a: Sinistcha
|-supereffective|p1a: Sinistcha
|-damage|p1a: Sinistcha|0 fnt
|faint|p1a: Sinistcha
|
|upkeep
|
|t:|1743788079
|switch|p1a: Dragonite|Dragonite, F|90/100
|turn|13
|
|t:|1743788083
|switch|p1a: Keldeo|Keldeo-Resolute|100/100
|move|p2a: Rillaboom|Knock Off|p1a: Keldeo
|-resisted|p1a: Keldeo
|-crit|p1a: Keldeo
|-damage|p1a: Keldeo|59/100
|-ability|p1a: Keldeo|Justified|boost
|-boost|p1a: Keldeo|atk|1
|-enditem|p1a: Keldeo|Heavy-Duty Boots|[from] move: Knock Off|[of] p2a: Rillaboom
|
|-heal|p1a: Keldeo|66/100|[from] Grassy Terrain
|upkeep
|turn|14
|
|t:|1743788090
|switch|p2a: Scream Tail|Scream Tail|100/100
|move|p1a: Keldeo|Secret Sword|p2a: Scream Tail
|-resisted|p2a: Scream Tail
|-damage|p2a: Scream Tail|92/100
|
|-heal|p1a: Keldeo|72/100|[from] Grassy Terrain
|-heal|p2a: Scream Tail|98/100|[from] Grassy Terrain
|-fieldend|move: Grassy Terrain
|upkeep
|turn|15
|
|t:|1743788097
|move|p1a: Keldeo|Flip Turn|p2a: Scream Tail
|-damage|p2a: Scream Tail|80/100
|
|t:|1743788099
|switch|p1a: Gliscor|Gliscor, M|100/100|[from] Flip Turn
|-damage|p1a: Gliscor|88/100|[from] Stealth Rock
|move|p2a: Scream Tail|Wish|p2a: Scream Tail
|
|-status|p1a: Gliscor|tox|[from] item: Toxic Orb
|upkeep
|turn|16
|
|t:|1743788106
|-end|p2a: Scream Tail|Protosynthesis|[silent]
|switch|p2a: Rillaboom|Rillaboom, F|100/100
|-damage|p2a: Rillaboom|88/100|[from] Spikes
|-fieldstart|move: Grassy Terrain|[from] ability: Grassy Surge|[of] p2a: Rillaboom
|move|p1a: Gliscor|Swords Dance|p1a: Gliscor
|-boost|p1a: Gliscor|atk|2
|
|-heal|p2a: Rillaboom|100/100|[from] move: Wish|[wisher] Scream Tail
|-heal|p1a: Gliscor|100/100 tox|[from] ability: Poison Heal
|upkeep
|turn|17
|
|t:|1743788116
|-terastallize|p2a: Rillaboom|Grass
|move|p1a: Gliscor|Protect|p1a: Gliscor
|-singleturn|p1a: Gliscor|Protect
|move|p2a: Rillaboom|Wood Hammer|p1a: Gliscor
|-activate|p1a: Gliscor|move: Protect
|
|upkeep
|turn|18
|
|t:|1743788121
|switch|p1a: Dragonite|Dragonite, F|90/100
|move|p2a: Rillaboom|Wood Hammer|p1a: Dragonite
|-resisted|p1a: Dragonite
|-damage|p1a: Dragonite|57/100
|-damage|p2a: Rillaboom|88/100|[from] Recoil
|
|-heal|p2a: Rillaboom|94/100|[from] Grassy Terrain
|upkeep
|turn|19
|
|t:|1743788134
|move|p2a: Rillaboom|Wood Hammer|p1a: Dragonite
|-resisted|p1a: Dragonite
|-damage|p1a: Dragonite|24/100
|-damage|p2a: Rillaboom|82/100|[from] Recoil
|move|p1a: Dragonite|Roost|p1a: Dragonite
|-heal|p1a: Dragonite|74/100
|-singleturn|p1a: Dragonite|move: Roost
|
|-heal|p2a: Rillaboom|88/100|[from] Grassy Terrain
|-heal|p1a: Dragonite|80/100|[from] Grassy Terrain
|upkeep
|turn|20
|
|t:|1743788147
|switch|p2a: Ting-Lu|Ting-Lu|100/100
|-damage|p2a: Ting-Lu|88/100|[from] Spikes
|-ability|p2a: Ting-Lu|Vessel of Ruin
|move|p1a: Dragonite|Dragon Tail|p2a: Ting-Lu
|-damage|p2a: Ting-Lu|68/100
|drag|p2a: Rillaboom|Rillaboom, F, tera:Grass|88/100
|-damage|p2a: Rillaboom|76/100|[from] Spikes
|
|-heal|p2a: Rillaboom|82/100|[from] Grassy Terrain
|-fieldend|move: Grassy Terrain
|upkeep
|turn|21
|
|t:|1743788159
|switch|p1a: Gliscor|Gliscor, M|100/100 tox
|-damage|p1a: Gliscor|88/100 tox|[from] Stealth Rock
|move|p2a: Rillaboom|Knock Off|p1a: Gliscor
|-damage|p1a: Gliscor|52/100 tox
|-enditem|p1a: Gliscor|Toxic Orb|[from] move: Knock Off|[of] p2a: Rillaboom
|
|-heal|p1a: Gliscor|64/100 tox|[from] ability: Poison Heal
|upkeep
|turn|22
|
|t:|1743788177
|switch|p2a: Zamazenta|Zamazenta|83/100
|-damage|p2a: Zamazenta|71/100|[from] Spikes
|move|p1a: Gliscor|Swords Dance|p1a: Gliscor
|-boost|p1a: Gliscor|atk|2
|
|-heal|p2a: Zamazenta|77/100|[from] item: Leftovers
|-heal|p1a: Gliscor|77/100 tox|[from] ability: Poison Heal
|upkeep
|turn|23
|
|t:|1743788188
|move|p2a: Zamazenta|Iron Defense|p2a: Zamazenta
|-boost|p2a: Zamazenta|def|2
|move|p1a: Gliscor|Facade|p2a: Zamazenta
|-crit|p2a: Zamazenta
|-damage|p2a: Zamazenta|14/100
|
|-heal|p2a: Zamazenta|21/100|[from] item: Leftovers
|-heal|p1a: Gliscor|89/100 tox|[from] ability: Poison Heal
|upkeep
|turn|24
|
|t:|1743788199
|move|p2a: Zamazenta|Iron Defense|p2a: Zamazenta
|-boost|p2a: Zamazenta|def|2
|move|p1a: Gliscor|Facade|p2a: Zamazenta
|-damage|p2a: Zamazenta|5/100
|
|-heal|p2a: Zamazenta|11/100|[from] item: Leftovers
|-heal|p1a: Gliscor|100/100 tox|[from] ability: Poison Heal
|upkeep
|turn|25
|
|t:|1743788210
|move|p2a: Zamazenta|Body Press|p1a: Gliscor
|-resisted|p1a: Gliscor
|-damage|p1a: Gliscor|60/100 tox
|move|p1a: Gliscor|Facade|p2a: Zamazenta
|-damage|p2a: Zamazenta|0 fnt
|faint|p2a: Zamazenta
|
|-heal|p1a: Gliscor|73/100 tox|[from] ability: Poison Heal
|upkeep
|
|t:|1743788225
|switch|p2a: Rillaboom|Rillaboom, F, tera:Grass|82/100
|-damage|p2a: Rillaboom|70/100|[from] Spikes
|-fieldstart|move: Grassy Terrain|[from] ability: Grassy Surge|[of] p2a: Rillaboom
|turn|26
|
|t:|1743788237
|move|p1a: Gliscor|Protect|p1a: Gliscor
|-singleturn|p1a: Gliscor|Protect
|move|p2a: Rillaboom|Wood Hammer|p1a: Gliscor
|-activate|p1a: Gliscor|move: Protect
|
|-heal|p2a: Rillaboom|76/100|[from] Grassy Terrain
|-heal|p1a: Gliscor|85/100 tox|[from] ability: Poison Heal
|upkeep
|turn|27
|
|t:|1743788241
|switch|p1a: Dragonite|Dragonite, F|80/100
|move|p2a: Rillaboom|Wood Hammer|p1a: Dragonite
|-resisted|p1a: Dragonite
|-damage|p1a: Dragonite|42/100
|-damage|p2a: Rillaboom|61/100|[from] Recoil
|
|-heal|p2a: Rillaboom|68/100|[from] Grassy Terrain
|upkeep
|turn|28
|
|t:|1743788249
|move|p2a: Rillaboom|Wood Hammer|p1a: Dragonite
|-resisted|p1a: Dragonite
|-damage|p1a: Dragonite|5/100
|-damage|p2a: Rillaboom|54/100|[from] Recoil
|move|p1a: Dragonite|Roost|p1a: Dragonite
|-heal|p1a: Dragonite|55/100
|-singleturn|p1a: Dragonite|move: Roost
|
|-heal|p2a: Rillaboom|60/100|[from] Grassy Terrain
|-heal|p1a: Dragonite|61/100|[from] Grassy Terrain
|upkeep
|turn|29
|
|t:|1743788282
|move|p2a: Rillaboom|Wood Hammer|p1a: Dragonite
|-resisted|p1a: Dragonite
|-damage|p1a: Dragonite|26/100
|-damage|p2a: Rillaboom|47/100|[from] Recoil
|move|p1a: Dragonite|Roost|p1a: Dragonite
|-heal|p1a: Dragonite|76/100
|-singleturn|p1a: Dragonite|move: Roost
|
|-heal|p2a: Rillaboom|53/100|[from] Grassy Terrain
|-heal|p1a: Dragonite|83/100|[from] Grassy Terrain
|upkeep
|turn|30
|
|t:|1743788292
|switch|p2a: Scream Tail|Scream Tail|80/100
|move|p1a: Dragonite|Extreme Speed|p2a: Scream Tail
|-damage|p2a: Scream Tail|54/100
|
|-heal|p2a: Scream Tail|60/100|[from] Grassy Terrain
|-fieldend|move: Grassy Terrain
|upkeep
|turn|31
|l| goldceus
|
|t:|1743788312
|switch|p1a: Gliscor|Gliscor, M|85/100 tox
|-damage|p1a: Gliscor|73/100 tox|[from] Stealth Rock
|move|p2a: Scream Tail|Wish|p2a: Scream Tail
|
|-heal|p1a: Gliscor|85/100 tox|[from] ability: Poison Heal
|upkeep
|turn|32
|
|t:|1743788323
|-end|p2a: Scream Tail|Protosynthesis|[silent]
|switch|p2a: Rillaboom|Rillaboom, F, tera:Grass|53/100
|-damage|p2a: Rillaboom|41/100|[from] Spikes
|-fieldstart|move: Grassy Terrain|[from] ability: Grassy Surge|[of] p2a: Rillaboom
|move|p1a: Gliscor|Facade|p2a: Rillaboom
|-damage|p2a: Rillaboom|10/100
|
|-heal|p2a: Rillaboom|73/100|[from] move: Wish|[wisher] Scream Tail
|-heal|p2a: Rillaboom|79/100|[from] Grassy Terrain
|-heal|p1a: Gliscor|98/100 tox|[from] ability: Poison Heal
|upkeep
|turn|33
|
|t:|1743788335
|switch|p2a: Scream Tail|Scream Tail|60/100
|move|p1a: Gliscor|Protect||[still]
|-fail|p1a: Gliscor
|
|-heal|p2a: Scream Tail|67/100|[from] Grassy Terrain
|-heal|p1a: Gliscor|100/100 tox|[from] ability: Poison Heal
|upkeep
|turn|34
|
|t:|1743788348
|move|p1a: Gliscor|Swords Dance|p1a: Gliscor
|-boost|p1a: Gliscor|atk|2
|move|p2a: Scream Tail|Wish|p2a: Scream Tail
|
|-heal|p2a: Scream Tail|73/100|[from] Grassy Terrain
|upkeep
|turn|35
|
|t:|1743788351
|move|p1a: Gliscor|Knock Off|p2a: Scream Tail
|-damage|p2a: Scream Tail|39/100
|-enditem|p2a: Scream Tail|Heavy-Duty Boots|[from] move: Knock Off|[of] p1a: Gliscor
|move|p2a: Scream Tail|Psychic Noise|p1a: Gliscor
|-damage|p1a: Gliscor|78/100 tox
|-start|p1a: Gliscor|move: Heal Block
|
|-heal|p2a: Scream Tail|89/100|[from] move: Wish|[wisher] Scream Tail
|-heal|p2a: Scream Tail|96/100|[from] Grassy Terrain
|upkeep
|turn|36
|
|t:|1743788355
|move|p1a: Gliscor|Facade|p2a: Scream Tail
|-damage|p2a: Scream Tail|46/100
|move|p2a: Scream Tail|Psychic Noise|p1a: Gliscor
|-damage|p1a: Gliscor|57/100 tox
|
|-heal|p2a: Scream Tail|53/100|[from] Grassy Terrain
|-end|p1a: Gliscor|move: Heal Block
|-fieldend|move: Grassy Terrain
|upkeep
|turn|37
|
|t:|1743788358
|move|p1a: Gliscor|Facade|p2a: Scream Tail
|-damage|p2a: Scream Tail|0 fnt
|faint|p2a: Scream Tail
|-end|p2a: Scream Tail|Protosynthesis|[silent]
|
|-heal|p1a: Gliscor|70/100 tox|[from] ability: Poison Heal
|upkeep
|
|t:|1743788370
|switch|p2a: Rillaboom|Rillaboom, F, tera:Grass|79/100
|-damage|p2a: Rillaboom|67/100|[from] Spikes
|-fieldstart|move: Grassy Terrain|[from] ability: Grassy Surge|[of] p2a: Rillaboom
|turn|38
|
|t:|1743788388
|move|p1a: Gliscor|Protect|p1a: Gliscor
|-singleturn|p1a: Gliscor|Protect
|move|p2a: Rillaboom|Wood Hammer|p1a: Gliscor
|-activate|p1a: Gliscor|move: Protect
|
|-heal|p2a: Rillaboom|73/100|[from] Grassy Terrain
|-heal|p1a: Gliscor|82/100 tox|[from] ability: Poison Heal
|upkeep
|turn|39
|
|t:|1743788390
|switch|p1a: Dragonite|Dragonite, F|83/100
|move|p2a: Rillaboom|Wood Hammer|p1a: Dragonite
|-resisted|p1a: Dragonite
|-damage|p1a: Dragonite|50/100
|-damage|p2a: Rillaboom|61/100|[from] Recoil
|
|-heal|p2a: Rillaboom|67/100|[from] Grassy Terrain
|upkeep
|turn|40
|
|t:|1743788397
|move|p2a: Rillaboom|Wood Hammer|p1a: Dragonite
|-resisted|p1a: Dragonite
|-damage|p1a: Dragonite|13/100
|-damage|p2a: Rillaboom|53/100|[from] Recoil
|move|p1a: Dragonite|Roost|p1a: Dragonite
|-heal|p1a: Dragonite|63/100
|-singleturn|p1a: Dragonite|move: Roost
|
|-heal|p2a: Rillaboom|59/100|[from] Grassy Terrain
|-heal|p1a: Dragonite|69/100|[from] Grassy Terrain
|upkeep
|turn|41
|
|t:|1743788424
|move|p1a: Dragonite|Extreme Speed|p2a: Rillaboom
|-damage|p2a: Rillaboom|28/100
|move|p2a: Rillaboom|Wood Hammer|p1a: Dragonite
|-resisted|p1a: Dragonite
|-damage|p1a: Dragonite|33/100
|-damage|p2a: Rillaboom|15/100|[from] Recoil
|
|-heal|p2a: Rillaboom|21/100|[from] Grassy Terrain
|upkeep
|turn|42
|
|t:|1743788430
|switch|p2a: Corviknight|Corviknight, F|79/100
|-ability|p2a: Corviknight|Pressure
|move|p1a: Dragonite|Extreme Speed|p2a: Corviknight
|-resisted|p2a: Corviknight
|-damage|p2a: Corviknight|70/100
|
|-fieldend|move: Grassy Terrain
|upkeep
|turn|43
|
|t:|1743788433
|move|p1a: Dragonite|Roost|p1a: Dragonite
|-heal|p1a: Dragonite|83/100
|-singleturn|p1a: Dragonite|move: Roost
|move|p2a: Corviknight|Defog|p1a: Dragonite
|-unboost|p1a: Dragonite|evasion|1
|-sideend|p1: Bum_Muncha|Stealth Rock|[from] move: Defog|[of] p2a: Corviknight
|-sideend|p2: smokesniper|Spikes|[from] move: Defog|[of] p2a: Corviknight
|
|upkeep
|turn|44
|
|t:|1743788438
|switch|p1a: Ting-Lu|Ting-Lu|100/100
|-ability|p1a: Ting-Lu|Vessel of Ruin
|move|p2a: Corviknight|Roost|p2a: Corviknight
|-heal|p2a: Corviknight|100/100
|-singleturn|p2a: Corviknight|move: Roost
|
|upkeep
|turn|45
|
|t:|1743788441
|move|p2a: Corviknight|Body Press|p1a: Ting-Lu
|-supereffective|p1a: Ting-Lu
|-damage|p1a: Ting-Lu|72/100
|move|p1a: Ting-Lu|Spikes|p2a: Corviknight
|-sidestart|p2: smokesniper|Spikes
|
|-heal|p1a: Ting-Lu|78/100|[from] item: Leftovers
|upkeep
|turn|46
|
|t:|1743788445
|move|p2a: Corviknight|Body Press|p1a: Ting-Lu
|-supereffective|p1a: Ting-Lu
|-crit|p1a: Ting-Lu
|-damage|p1a: Ting-Lu|37/100
|move|p1a: Ting-Lu|Ruination|p2a: Corviknight
|-damage|p2a: Corviknight|51/100
|
|-heal|p1a: Ting-Lu|43/100|[from] item: Leftovers
|upkeep
|turn|47
|
|t:|1743788451
|move|p2a: Corviknight|Body Press|p1a: Ting-Lu
|-supereffective|p1a: Ting-Lu
|-damage|p1a: Ting-Lu|14/100
|move|p1a: Ting-Lu|Spikes|p2a: Corviknight
|-sidestart|p2: smokesniper|Spikes
|
|-heal|p1a: Ting-Lu|20/100|[from] item: Leftovers
|upkeep
|turn|48
|
|t:|1743788457
|move|p2a: Corviknight|Roost|p2a: Corviknight
|-heal|p2a: Corviknight|100/100
|-singleturn|p2a: Corviknight|move: Roost
|move|p1a: Ting-Lu|Ruination|p2a: Corviknight
|-damage|p2a: Corviknight|51/100
|
|-heal|p1a: Ting-Lu|27/100|[from] item: Leftovers
|upkeep
|turn|49
|
|t:|1743788468
|switch|p1a: Gliscor|Gliscor, M|82/100 tox
|move|p2a: Corviknight|Defog|p1a: Gliscor
|-unboost|p1a: Gliscor|evasion|1
|-sideend|p2: smokesniper|Spikes|[from] move: Defog|[of] p2a: Corviknight
|
|-heal|p1a: Gliscor|95/100 tox|[from] ability: Poison Heal
|upkeep
|turn|50
|
|t:|1743788471
|move|p1a: Gliscor|Swords Dance|p1a: Gliscor
|-boost|p1a: Gliscor|atk|2
|move|p2a: Corviknight|U-turn|p1a: Gliscor
|-resisted|p1a: Gliscor
|-damage|p1a: Gliscor|89/100 tox
|
|t:|1743788474
|switch|p2a: Rillaboom|Rillaboom, F, tera:Grass|21/100|[from] U-turn
|-fieldstart|move: Grassy Terrain|[from] ability: Grassy Surge|[of] p2a: Rillaboom
|
|-heal|p2a: Rillaboom|27/100|[from] Grassy Terrain
|-heal|p1a: Gliscor|100/100 tox|[from] ability: Poison Heal
|upkeep
|turn|51
|
|t:|1743788477
|move|p1a: Gliscor|Facade|p2a: Rillaboom
|-damage|p2a: Rillaboom|0 fnt
|faint|p2a: Rillaboom
|
|upkeep
|c|☆smokesniper|gg
|-message|smokesniper forfeited.
|
|win|Bum_Muncha
|raw|Bum_Muncha's rating: 1647 &rarr; <strong>1664</strong><br />(+17 for winning)
|raw|smokesniper's rating: 1590 &rarr; <strong>1573</strong><br />(-17 for losing)
|l|☆smokesniper
|player|p2|
|l|☆Bum_Muncha
|player|p1|
