|j|☆AndreRWright
|j|☆jielzzz
|t:|1743783807
|gametype|singles
|player|p1|AndreRWright|giovanni|1345
|player|p2|jielzzz|worker|1322
|teamsize|p1|6
|teamsize|p2|6
|gen|9
|tier|[Gen 9] OU
|rated|
|rule|HP Percentage Mod: HP is shown in percentages
|rule|Endless Battle Clause: Forcing endless battles is banned
|rule|Species Clause: Limit one of each Pokémon
|rule|OHKO Clause: OHKO moves are banned
|rule|Evasion Items Clause: Evasion items are banned
|rule|Evasion Moves Clause: Evasion moves are banned
|rule|Sleep Moves Clause: Sleep-inducing moves are banned
|clearpoke
|poke|p1|Goodra-Hisui, M|
|poke|p1|Porygon2|
|poke|p1|Cobalion|
|poke|p1|Flareon, F|
|poke|p1|Moltres|
|poke|p1|Milotic, F|
|poke|p2|Ribombee, M|
|poke|p2|Kingambit, F|
|poke|p2|Iron Moth|
|poke|p2|Great Tusk|
|poke|p2|Gholdengo|
|poke|p2|Kyurem|
|teampreview
|inactive|Battle timer is ON: inactive players will automatically lose when time's up. (requested by jielzzz)
|
|t:|1743783814
|start
|switch|p1a: Goodra|Goodra-Hisui, M|100/100
|switch|p2a: Ribombee|Ribombee, M|100/100
|turn|1
|
|t:|1743783824
|move|p2a: Ribombee|Sticky Web|p1a: Goodra
|-sidestart|p1: AndreRWright|move: Sticky Web
|move|p1a: Goodra|Flash Cannon|p2a: Ribombee
|-supereffective|p2a: Ribombee
|-enditem|p2a: Ribombee|Focus Sash
|-damage|p2a: Ribombee|1/100
|
|upkeep
|turn|2
|
|t:|1743783831
|switch|p2a: Great Tusk|Great Tusk|100/100
|move|p1a: Goodra|Knock Off|p2a: Great Tusk
|-resisted|p2a: Great Tusk
|-damage|p2a: Great Tusk|95/100
|-enditem|p2a: Great Tusk|Leftovers|[from] move: Knock Off|[of] p1a: Goodra
|
|upkeep
|turn|3
|
|t:|1743783840
|switch|p1a: Moltres|Moltres|100/100
|move|p2a: Great Tusk|Knock Off|p1a: Moltres
|-damage|p1a: Moltres|81/100
|-enditem|p1a: Moltres|Heavy-Duty Boots|[from] move: Knock Off|[of] p2a: Great Tusk
|
|upkeep
|turn|4
|
|t:|1743783851
|move|p1a: Moltres|U-turn|p2a: Great Tusk
|-resisted|p2a: Great Tusk
|-damage|p2a: Great Tusk|92/100
|
|t:|1743783864
|switch|p1a: Milotic|Milotic, F|100/100|[from] U-turn
|-activate|p1a: Milotic|move: Sticky Web
|-unboost|p1a: Milotic|spe|1
|-ability|p1a: Milotic|Competitive|boost
|-boost|p1a: Milotic|spa|2
|move|p2a: Great Tusk|Stealth Rock|p1a: Milotic
|-sidestart|p1: AndreRWright|move: Stealth Rock
|
|upkeep
|turn|5
|
|t:|1743783875
|-end|p2a: Great Tusk|Protosynthesis|[silent]
|switch|p2a: Ribombee|Ribombee, M|1/100
|move|p1a: Milotic|Scald|p2a: Ribombee
|-damage|p2a: Ribombee|0 fnt
|faint|p2a: Ribombee
|
|upkeep
|
|t:|1743783898
|switch|p2a: Iron Moth|Iron Moth|100/100
|-enditem|p2a: Iron Moth|Booster Energy
|-activate|p2a: Iron Moth|ability: Quark Drive|[fromitem]
|-start|p2a: Iron Moth|quarkdrivespa
|turn|6
|
|t:|1743783904
|-terastallize|p2a: Iron Moth|Grass
|move|p2a: Iron Moth|Energy Ball|p1a: Milotic
|-supereffective|p1a: Milotic
|-damage|p1a: Milotic|9/100
|move|p1a: Milotic|Bulldoze|p2a: Iron Moth
|-resisted|p2a: Iron Moth
|-damage|p2a: Iron Moth|94/100
|-unboost|p2a: Iron Moth|spe|1
|
|upkeep
|turn|7
|
|t:|1743783916
|switch|p1a: Goodra|Goodra-Hisui, M|100/100
|-activate|p1a: Goodra|move: Sticky Web
|-unboost|p1a: Goodra|spe|1
|-damage|p1a: Goodra|95/100|[from] Stealth Rock
|move|p2a: Iron Moth|Fiery Dance|p1a: Goodra
|-damage|p1a: Goodra|70/100
|
|upkeep
|turn|8
|
|t:|1743783930
|move|p2a: Iron Moth|Substitute|p2a: Iron Moth
|-start|p2a: Iron Moth|Substitute
|-damage|p2a: Iron Moth|69/100
|move|p1a: Goodra|Ice Beam|p2a: Iron Moth
|-supereffective|p2a: Iron Moth
|-end|p2a: Iron Moth|Substitute
|
|upkeep
|turn|9
|
|t:|1743783938
|-end|p2a: Iron Moth|Quark Drive|[silent]
|switch|p2a: Kingambit|Kingambit, F|100/100
|-activate|p2a: Kingambit|ability: Supreme Overlord
|-start|p2a: Kingambit|fallen1|[silent]
|move|p1a: Goodra|Ice Beam|p2a: Kingambit
|-resisted|p2a: Kingambit
|-damage|p2a: Kingambit|85/100
|
|upkeep
|turn|10
|
|t:|1743783948
|switch|p1a: Milotic|Milotic, F|9/100
|-activate|p1a: Milotic|move: Sticky Web
|-unboost|p1a: Milotic|spe|1
|-ability|p1a: Milotic|Competitive|boost
|-boost|p1a: Milotic|spa|2
|-damage|p1a: Milotic|0 fnt|[from] Stealth Rock
|faint|p1a: Milotic
|move|p2a: Kingambit|Kowtow Cleave|p1: Milotic|[notarget]
|-fail|p2a: Kingambit
|
|upkeep
|
|t:|1743783960
|switch|p1a: Moltres|Moltres|81/100
|-damage|p1a: Moltres|31/100|[from] Stealth Rock
|turn|11
|
|t:|1743783965
|move|p2a: Kingambit|Sucker Punch||[still]
|-fail|p2a: Kingambit
|move|p1a: Moltres|Roost|p1a: Moltres
|-heal|p1a: Moltres|81/100
|-singleturn|p1a: Moltres|move: Roost
|
|upkeep
|turn|12
|
|t:|1743783981
|-end|p2a: Kingambit|fallen1|[silent]
|switch|p2a: Kyurem|Kyurem|100/100
|-ability|p2a: Kyurem|Pressure
|move|p1a: Moltres|Substitute|p1a: Moltres
|-start|p1a: Moltres|Substitute
|-damage|p1a: Moltres|56/100
|
|upkeep
|turn|13
|
|t:|1743783992
|move|p2a: Kyurem|Scale Shot|p1a: Moltres
|-activate|p1a: Moltres|move: Substitute|[damage]
|-activate|p1a: Moltres|move: Substitute|[damage]
|-end|p1a: Moltres|Substitute
|-damage|p1a: Moltres|45/100
|-damage|p1a: Moltres|34/100
|-hitcount|p1a: Moltres|5
|-unboost|p2a: Kyurem|def|1
|-boost|p2a: Kyurem|spe|1
|move|p1a: Moltres|Roost|p1a: Moltres
|-heal|p1a: Moltres|84/100
|-singleturn|p1a: Moltres|move: Roost
|
|upkeep
|turn|14
|inactive|AndreRWright has 120 seconds left.
|
|t:|1743784030
|switch|p1a: Porygon2|Porygon2|100/100
|-activate|p1a: Porygon2|move: Sticky Web
|-unboost|p1a: Porygon2|spe|1
|-damage|p1a: Porygon2|88/100|[from] Stealth Rock
|-ability|p1a: Porygon2|Pressure
|-ability|p1a: Porygon2|Pressure|[from] ability: Trace|[of] p2a: Kyurem
|move|p2a: Kyurem|Icicle Spear|p1a: Porygon2
|-damage|p1a: Porygon2|81/100
|-damage|p1a: Porygon2|72/100
|-damage|p1a: Porygon2|64/100
|-damage|p1a: Porygon2|56/100
|-damage|p1a: Porygon2|48/100
|-hitcount|p1a: Porygon2|5
|
|upkeep
|turn|15
|inactive|AndreRWright has 120 seconds left.
|
|t:|1743784046
|move|p2a: Kyurem|Dragon Dance|p2a: Kyurem
|-boost|p2a: Kyurem|atk|1
|-boost|p2a: Kyurem|spe|1
|move|p1a: Porygon2|Recover|p1a: Porygon2
|-heal|p1a: Porygon2|98/100
|
|upkeep
|turn|16
|inactive|AndreRWright has 120 seconds left.
|
|t:|1743784054
|move|p2a: Kyurem|Icicle Spear|p1a: Porygon2
|-damage|p1a: Porygon2|85/100
|-damage|p1a: Porygon2|73/100
|-damage|p1a: Porygon2|60/100
|-damage|p1a: Porygon2|48/100
|-damage|p1a: Porygon2|36/100
|-hitcount|p1a: Porygon2|5
|move|p1a: Porygon2|Foul Play|p2a: Kyurem
|-damage|p2a: Kyurem|17/100
|
|upkeep
|turn|17
|inactive|AndreRWright has 120 seconds left.
|
|t:|1743784077
|move|p2a: Kyurem|Scale Shot|p1a: Porygon2
|-damage|p1a: Porygon2|25/100
|-damage|p1a: Porygon2|12/100
|-damage|p1a: Porygon2|0 fnt
|faint|p1a: Porygon2
|-hitcount|p1: Porygon2|3
|-unboost|p2a: Kyurem|def|1
|-boost|p2a: Kyurem|spe|1
|
|upkeep
|
|t:|1743784088
|switch|p1a: Cobalion|Cobalion|100/100
|-activate|p1a: Cobalion|move: Sticky Web
|-unboost|p1a: Cobalion|spe|1
|-damage|p1a: Cobalion|97/100|[from] Stealth Rock
|turn|18
|
|t:|1743784099
|move|p2a: Kyurem|Icicle Spear|p1a: Cobalion
|-resisted|p1a: Cobalion
|-damage|p1a: Cobalion|90/100
|-resisted|p1a: Cobalion
|-crit|p1a: Cobalion
|-damage|p1a: Cobalion|80/100
|-resisted|p1a: Cobalion
|-damage|p1a: Cobalion|71/100
|-resisted|p1a: Cobalion
|-damage|p1a: Cobalion|64/100
|-resisted|p1a: Cobalion
|-damage|p1a: Cobalion|56/100
|-hitcount|p1a: Cobalion|5
|move|p1a: Cobalion|Body Press|p2a: Kyurem
|-supereffective|p2a: Kyurem
|-damage|p2a: Kyurem|0 fnt
|faint|p2a: Kyurem
|
|-heal|p1a: Cobalion|63/100|[from] item: Leftovers
|upkeep
|
|t:|1743784119
|switch|p2a: Gholdengo|Gholdengo|100/100
|-item|p2a: Gholdengo|Air Balloon
|turn|19
|inactive|AndreRWright has 120 seconds left.
|
|t:|1743784126
|switch|p1a: Flareon|Flareon, F|100/100
|move|p2a: Gholdengo|Shadow Ball|p1a: Flareon
|-damage|p1a: Flareon|72/100
|
|upkeep
|turn|20
|
|t:|1743784133
|switch|p2a: Great Tusk|Great Tusk|92/100
|move|p1a: Flareon|Wish|p1a: Flareon
|
|upkeep
|turn|21
|
|t:|1743784144
|switch|p1a: Moltres|Moltres|84/100
|-damage|p1a: Moltres|34/100|[from] Stealth Rock
|move|p2a: Great Tusk|Knock Off|p1a: Moltres
|-damage|p1a: Moltres|20/100
|
|-heal|p1a: Moltres|67/100|[from] move: Wish|[wisher] Flareon
|upkeep
|turn|22
|inactive|AndreRWright has 120 seconds left.
|
|t:|1743784161
|move|p1a: Moltres|U-turn|p2a: Great Tusk
|-resisted|p2a: Great Tusk
|-damage|p2a: Great Tusk|89/100
|
|t:|1743784164
|switch|p1a: Goodra|Goodra-Hisui, M|70/100|[from] U-turn
|-activate|p1a: Goodra|move: Sticky Web
|-unboost|p1a: Goodra|spe|1
|-damage|p1a: Goodra|64/100|[from] Stealth Rock
|move|p2a: Great Tusk|Earthquake|p1a: Goodra
|-supereffective|p1a: Goodra
|-damage|p1a: Goodra|0 fnt
|faint|p1a: Goodra
|
|upkeep
|inactive|AndreRWright has 120 seconds left.
|
|t:|1743784181
|switch|p1a: Moltres|Moltres|67/100
|-damage|p1a: Moltres|17/100|[from] Stealth Rock
|turn|23
|
|t:|1743784190
|move|p1a: Moltres|Roost|p1a: Moltres
|-heal|p1a: Moltres|67/100
|-singleturn|p1a: Moltres|move: Roost
|move|p2a: Great Tusk|Earthquake|p1a: Moltres
|-supereffective|p1a: Moltres
|-damage|p1a: Moltres|1/100
|
|upkeep
|turn|24
|
|t:|1743784200
|move|p1a: Moltres|Hurricane|p2a: Great Tusk
|-supereffective|p2a: Great Tusk
|-damage|p2a: Great Tusk|0 fnt
|faint|p2a: Great Tusk
|-end|p2a: Great Tusk|Protosynthesis|[silent]
|
|upkeep
|
|t:|1743784208
|switch|p2a: Iron Moth|Iron Moth, tera:Grass|69/100
|turn|25
|
|t:|1743784212
|switch|p1a: Flareon|Flareon, F|72/100
|move|p2a: Iron Moth|Fiery Dance|p1a: Flareon
|-start|p1a: Flareon|ability: Flash Fire
|
|upkeep
|turn|26
|
|t:|1743784237
|move|p2a: Iron Moth|Dazzling Gleam|p1a: Flareon
|-resisted|p1a: Flareon
|-damage|p1a: Flareon|63/100
|move|p1a: Flareon|Wish|p1a: Flareon
|
|upkeep
|turn|27
|
|t:|1743784245
|move|p2a: Iron Moth|Energy Ball|p1a: Flareon
|-resisted|p1a: Flareon
|-damage|p1a: Flareon|45/100
|move|p1a: Flareon|Flare Blitz|p2a: Iron Moth
|-supereffective|p2a: Iron Moth
|-damage|p2a: Iron Moth|0 fnt
|faint|p2a: Iron Moth
|-end|p2a: Iron Moth|Quark Drive|[silent]
|-damage|p1a: Flareon|24/100|[from] Recoil
|
|-heal|p1a: Flareon|74/100|[from] move: Wish|[wisher] Flareon
|upkeep
|
|t:|1743784265
|switch|p2a: Kingambit|Kingambit, F|85/100
|-activate|p2a: Kingambit|ability: Supreme Overlord
|-start|p2a: Kingambit|fallen4|[silent]
|turn|28
|
|t:|1743784269
|-end|p1a: Flareon|ability: Flash Fire|[silent]
|switch|p1a: Moltres|Moltres|1/100
|-damage|p1a: Moltres|0 fnt|[from] Stealth Rock
|faint|p1a: Moltres
|move|p2a: Kingambit|Kowtow Cleave|p1: Moltres|[notarget]
|-fail|p2a: Kingambit
|
|upkeep
|
|t:|1743784275
|switch|p1a: Cobalion|Cobalion|63/100
|-activate|p1a: Cobalion|move: Sticky Web
|-unboost|p1a: Cobalion|spe|1
|-damage|p1a: Cobalion|59/100|[from] Stealth Rock
|turn|29
|
|t:|1743784281
|switch|p1a: Flareon|Flareon, F|74/100
|-end|p2a: Kingambit|fallen4|[silent]
|switch|p2a: Gholdengo|Gholdengo|100/100
|-item|p2a: Gholdengo|Air Balloon
|
|upkeep
|turn|30
|
|t:|1743784293
|move|p2a: Gholdengo|Shadow Ball|p1a: Flareon
|-damage|p1a: Flareon|45/100
|move|p1a: Flareon|Flare Blitz|p2a: Gholdengo
|-supereffective|p2a: Gholdengo
|-damage|p2a: Gholdengo|0 fnt
|-enditem|p2a: Gholdengo|Air Balloon
|faint|p2a: Gholdengo
|-damage|p1a: Flareon|14/100|[from] Recoil
|
|upkeep
|
|t:|1743784303
|switch|p2a: Kingambit|Kingambit, F|85/100
|-activate|p2a: Kingambit|ability: Supreme Overlord
|-start|p2a: Kingambit|fallen5|[silent]
|turn|31
|
|t:|1743784308
|move|p2a: Kingambit|Sucker Punch||[still]
|-fail|p2a: Kingambit
|move|p1a: Flareon|Wish|p1a: Flareon
|
|upkeep
|turn|32
|
|t:|1743784314
|switch|p1a: Cobalion|Cobalion|59/100
|-activate|p1a: Cobalion|move: Sticky Web
|-unboost|p1a: Cobalion|spe|1
|-damage|p1a: Cobalion|56/100|[from] Stealth Rock
|move|p2a: Kingambit|Sucker Punch||[still]
|-fail|p2a: Kingambit
|
|-heal|p1a: Cobalion|100/100|[from] move: Wish|[wisher] Flareon
|upkeep
|turn|33
|
|t:|1743784324
|move|p1a: Cobalion|Iron Defense|p1a: Cobalion
|-boost|p1a: Cobalion|def|2
|move|p2a: Kingambit|Iron Head|p1a: Cobalion
|-resisted|p1a: Cobalion
|-damage|p1a: Cobalion|87/100
|
|-heal|p1a: Cobalion|93/100|[from] item: Leftovers
|upkeep
|turn|34
|-message|jielzzz forfeited.
|
|win|AndreRWright
|raw|AndreRWright's rating: 1345 &rarr; <strong>1364</strong><br />(+19 for winning)
|raw|jielzzz's rating: 1322 &rarr; <strong>1303</strong><br />(-19 for losing)
|l|☆jielzzz
|player|p2|
|l|☆AndreRWright
|player|p1|
