|j|☆Kin+ak
|j|☆dia45
|t:|1743911876
|gametype|singles
|player|p1|Kin+ak|leon-masters|1445
|player|p2|dia45|rancher|1440
|teamsize|p1|6
|teamsize|p2|6
|gen|9
|tier|[Gen 9] OU
|rated|
|rule|HP Percentage Mod: HP is shown in percentages
|rule|Endless Battle Clause: Forcing endless battles is banned
|rule|Species Clause: Limit one of each Pokémon
|rule|OHKO Clause: OHKO moves are banned
|rule|Evasion Items Clause: Evasion items are banned
|rule|Evasion Moves Clause: Evasion moves are banned
|rule|Sleep Moves Clause: Sleep-inducing moves are banned
|clearpoke
|poke|p1|Blaziken, F|
|poke|p1|Scovillain, M|
|poke|p1|Ninetales, F|
|poke|p1|Slither Wing|
|poke|p1|Scizor, F|
|poke|p1|Gliscor, M|
|poke|p2|Lokix, M|
|poke|p2|Slowking-Galar, F|
|poke|p2|Moltres|
|poke|p2|Okidogi, M|
|poke|p2|Enamorus, F|
|poke|p2|Iron Treads|
|teampreview
|inactive|Battle timer is ON: inactive players will automatically lose when time's up. (requested by dia45)
|inactive|dia45 has 120 seconds left.
|
|t:|1743911911
|start
|switch|p1a: GliscWhopper|Gliscor, M|100/100
|switch|p2a: Slowking|Slowking-Galar, F|100/100
|turn|1
|
|t:|1743911927
|move|p1a: GliscWhopper|Spikes|p2a: Slowking
|-sidestart|p2: dia45|Spikes
|-prepare|p2a: Slowking|Chilly Reception|[premajor]
|move|p2a: Slowking|Chilly Reception|p2a: Slowking
|-weather|Snowscape
|
|t:|1743911943
|switch|p2a: Moltres|Moltres|100/100|[from] Chilly Reception
|
|-weather|Snowscape|[upkeep]
|-status|p1a: GliscWhopper|tox|[from] item: Toxic Orb
|upkeep
|turn|2
|
|t:|1743911949
|move|p1a: GliscWhopper|Toxic|p2a: Moltres
|-status|p2a: Moltres|tox
|move|p2a: Moltres|Flamethrower|p1a: GliscWhopper
|-damage|p1a: GliscWhopper|70/100 tox
|
|-weather|Snowscape|[upkeep]
|-heal|p1a: GliscWhopper|82/100 tox|[from] ability: Poison Heal
|-damage|p2a: Moltres|94/100 tox|[from] psn
|upkeep
|turn|3
|
|t:|1743911953
|move|p1a: GliscWhopper|Spikes|p2a: Moltres
|-sidestart|p2: dia45|Spikes
|move|p2a: Moltres|U-turn|p1a: GliscWhopper
|-resisted|p1a: GliscWhopper
|-damage|p1a: GliscWhopper|77/100 tox
|c|☆Kin+ak|for a sec I thought it was a weather ball moltres
|
|t:|1743911967
|switch|p2a: Okidogi|Okidogi, M|100/100|[from] U-turn
|-damage|p2a: Okidogi|84/100|[from] Spikes
|
|-weather|Snowscape|[upkeep]
|-heal|p1a: GliscWhopper|89/100 tox|[from] ability: Poison Heal
|upkeep
|turn|4
|inactive|Kin+ak has 120 seconds left.
|inactive|Kin+ak has 90 seconds left.
|
|t:|1743912028
|switch|p1a: Ninetales|Ninetales, F|100/100
|-weather|SunnyDay|[from] ability: Drought|[of] p1a: Ninetales
|move|p2a: Okidogi|Knock Off|p1a: Ninetales
|-damage|p1a: Ninetales|59/100
|-enditem|p1a: Ninetales|Heat Rock|[from] move: Knock Off|[of] p2a: Okidogi
|
|-weather|SunnyDay|[upkeep]
|upkeep
|turn|5
|
|t:|1743912041
|switch|p1a: Scizor|Scizor, F|100/100
|move|p2a: Okidogi|Knock Off|p1a: Scizor
|-damage|p1a: Scizor|71/100
|-enditem|p1a: Scizor|Heavy-Duty Boots|[from] move: Knock Off|[of] p2a: Okidogi
|
|-weather|SunnyDay|[upkeep]
|upkeep
|turn|6
|
|t:|1743912054
|move|p2a: Okidogi|Drain Punch|p1a: Scizor
|-damage|p1a: Scizor|38/100
|-heal|p2a: Okidogi|99/100|[from] drain|[of] p1a: Scizor
|move|p1a: Scizor|U-turn|p2a: Okidogi
|-resisted|p2a: Okidogi
|-crit|p2a: Okidogi
|-damage|p2a: Okidogi|90/100
|
|t:|1743912061
|switch|p1a: Scovillain|Scovillain, M|100/100|[from] U-turn
|
|-weather|SunnyDay|[upkeep]
|upkeep
|turn|7
|
|t:|1743912074
|-terastallize|p1a: Scovillain|Fire
|move|p1a: Scovillain|Fire Blast|p2a: Okidogi
|-damage|p2a: Okidogi|0 fnt
|faint|p2a: Okidogi
|-damage|p1a: Scovillain|91/100|[from] item: Life Orb
|
|-weather|SunnyDay|[upkeep]
|upkeep
|
|t:|1743912097
|switch|p2a: Lokix|Lokix, M|100/100
|-damage|p2a: Lokix|84/100|[from] Spikes
|turn|8
|
|t:|1743912108
|switch|p1a: Scizor|Scizor, F|38/100
|-terastallize|p2a: Lokix|Bug
|move|p2a: Lokix|First Impression|p1a: Scizor
|-resisted|p1a: Scizor
|-damage|p1a: Scizor|0 fnt
|faint|p1a: Scizor
|
|-weather|SunnyDay|[upkeep]
|upkeep
|
|t:|1743912111
|switch|p1a: Slither Wing|Slither Wing|100/100
|-activate|p1a: Slither Wing|ability: Protosynthesis
|-start|p1a: Slither Wing|protosynthesisatk
|turn|9
|
|t:|1743912128
|switch|p2a: Moltres|Moltres|94/100 tox
|move|p1a: Slither Wing|Close Combat|p2a: Moltres
|-resisted|p2a: Moltres
|-damage|p2a: Moltres|43/100 tox
|-unboost|p1a: Slither Wing|def|1
|-unboost|p1a: Slither Wing|spd|1
|-status|p1a: Slither Wing|brn|[from] ability: Flame Body|[of] p2a: Moltres
|
|-weather|SunnyDay|[upkeep]
|-damage|p2a: Moltres|37/100 tox|[from] psn
|-damage|p1a: Slither Wing|94/100 brn|[from] brn
|upkeep
|turn|10
|inactive|Kin+ak has 120 seconds left.
|
|t:|1743912144
|move|p1a: Slither Wing|Close Combat|p2a: Moltres
|-resisted|p2a: Moltres
|-damage|p2a: Moltres|15/100 tox
|-unboost|p1a: Slither Wing|def|1
|-unboost|p1a: Slither Wing|spd|1
|move|p2a: Moltres|Flamethrower|p1a: Slither Wing
|-supereffective|p1a: Slither Wing
|-damage|p1a: Slither Wing|0 fnt
|faint|p1a: Slither Wing
|-end|p1a: Slither Wing|Protosynthesis|[silent]
|
|-weather|SunnyDay|[upkeep]
|-damage|p2a: Moltres|3/100 tox|[from] psn
|upkeep
|
|t:|1743912148
|switch|p1a: Blaziken|Blaziken, F|100/100
|turn|11
|
|t:|1743912162
|move|p1a: Blaziken|Focus Energy|p1a: Blaziken
|-start|p1a: Blaziken|move: Focus Energy
|move|p2a: Moltres|Flamethrower|p1a: Blaziken
|-resisted|p1a: Blaziken
|-damage|p1a: Blaziken|54/100
|
|-weather|none
|-damage|p2a: Moltres|0 fnt|[from] psn
|faint|p2a: Moltres
|-ability|p1a: Blaziken|Speed Boost|boost
|-boost|p1a: Blaziken|spe|1
|upkeep
|j| The Artemis Show
|l| The Artemis Show
|
|t:|1743912179
|switch|p2a: Enamorus|Enamorus, F|100/100
|turn|12
|
|t:|1743912187
|move|p2a: Enamorus|Earth Power|p1a: Blaziken
|-supereffective|p1a: Blaziken
|-damage|p1a: Blaziken|0 fnt
|faint|p1a: Blaziken
|
|upkeep
|
|t:|1743912190
|switch|p1a: Ninetales|Ninetales, F|59/100
|-weather|SunnyDay|[from] ability: Drought|[of] p1a: Ninetales
|turn|13
|
|t:|1743912194
|switch|p1a: GliscWhopper|Gliscor, M|89/100 tox
|move|p2a: Enamorus|Earth Power|p1a: GliscWhopper
|-immune|p1a: GliscWhopper
|
|-weather|SunnyDay|[upkeep]
|-heal|p1a: GliscWhopper|100/100 tox|[from] ability: Poison Heal
|upkeep
|turn|14
|
|t:|1743912201
|switch|p2a: Iron Treads|Iron Treads|100/100
|-damage|p2a: Iron Treads|84/100|[from] Spikes
|move|p1a: GliscWhopper|Earthquake|p2a: Iron Treads
|-supereffective|p2a: Iron Treads
|-damage|p2a: Iron Treads|19/100
|
|-weather|SunnyDay|[upkeep]
|-heal|p2a: Iron Treads|25/100|[from] item: Leftovers
|upkeep
|turn|15
|
|t:|1743912206
|move|p2a: Iron Treads|Stealth Rock|p1a: GliscWhopper
|-sidestart|p1: Kin+ak|move: Stealth Rock
|move|p1a: GliscWhopper|Earthquake|p2a: Iron Treads
|-supereffective|p2a: Iron Treads
|-crit|p2a: Iron Treads
|-damage|p2a: Iron Treads|0 fnt
|faint|p2a: Iron Treads
|-end|p2a: Iron Treads|Quark Drive|[silent]
|
|-weather|SunnyDay|[upkeep]
|upkeep
|
|t:|1743912219
|switch|p2a: Enamorus|Enamorus, F|100/100
|turn|16
|
|t:|1743912224
|move|p1a: GliscWhopper|Protect|p1a: GliscWhopper
|-singleturn|p1a: GliscWhopper|Protect
|move|p2a: Enamorus|Moonblast|p1a: GliscWhopper
|-activate|p1a: GliscWhopper|move: Protect
|
|-weather|SunnyDay|[upkeep]
|upkeep
|turn|17
|
|t:|1743912228
|switch|p2a: Slowking|Slowking-Galar, F|100/100
|move|p1a: GliscWhopper|Toxic|p2a: Slowking|[miss]
|-miss|p1a: GliscWhopper|p2a: Slowking
|
|-weather|none
|upkeep
|turn|18
|
|t:|1743912235
|move|p1a: GliscWhopper|Earthquake|p2a: Slowking
|-supereffective|p2a: Slowking
|-damage|p2a: Slowking|39/100
|move|p2a: Slowking|Future Sight|p1a: GliscWhopper
|-start|p2a: Slowking|move: Future Sight
|
|upkeep
|turn|19
|
|t:|1743912241
|switch|p2a: Enamorus|Enamorus, F|100/100
|move|p1a: GliscWhopper|Toxic|p2a: Enamorus
|-status|p2a: Enamorus|tox
|
|-damage|p2a: Enamorus|94/100 tox|[from] psn
|upkeep
|turn|20
|
|t:|1743912251
|switch|p2a: Lokix|Lokix, M, tera:Bug|84/100
|-damage|p2a: Lokix|67/100|[from] Spikes
|switch|p1a: Ninetales|Ninetales, F|59/100
|-damage|p1a: Ninetales|34/100|[from] Stealth Rock
|-weather|SunnyDay|[from] ability: Drought|[of] p1a: Ninetales
|
|-weather|SunnyDay|[upkeep]
|-end|p1a: Ninetales|move: Future Sight
|-damage|p1a: Ninetales|0 fnt
|faint|p1a: Ninetales
|upkeep
|
|t:|1743912255
|switch|p1a: GliscWhopper|Gliscor, M|100/100 tox
|-damage|p1a: GliscWhopper|88/100 tox|[from] Stealth Rock
|turn|21
|
|t:|1743912261
|move|p2a: Lokix|First Impression|p1a: GliscWhopper
|-resisted|p1a: GliscWhopper
|-damage|p1a: GliscWhopper|39/100 tox
|move|p1a: GliscWhopper|Earthquake|p2a: Lokix
|-resisted|p2a: Lokix
|-damage|p2a: Lokix|42/100
|
|-weather|SunnyDay|[upkeep]
|-heal|p1a: GliscWhopper|52/100 tox|[from] ability: Poison Heal
|upkeep
|turn|22
|
|t:|1743912267
|move|p2a: Lokix|U-turn|p1a: GliscWhopper
|-resisted|p1a: GliscWhopper
|-damage|p1a: GliscWhopper|13/100 tox
|
|t:|1743912271
|switch|p2a: Enamorus|Enamorus, F|94/100 tox|[from] U-turn
|move|p1a: GliscWhopper|Toxic|p2a: Enamorus
|-fail|p2a: Enamorus|tox
|
|-weather|SunnyDay|[upkeep]
|-damage|p2a: Enamorus|88/100 tox|[from] psn
|-heal|p1a: GliscWhopper|25/100 tox|[from] ability: Poison Heal
|upkeep
|turn|23
|
|t:|1743912274
|move|p1a: GliscWhopper|Protect|p1a: GliscWhopper
|-singleturn|p1a: GliscWhopper|Protect
|move|p2a: Enamorus|Moonblast|p1a: GliscWhopper
|-activate|p1a: GliscWhopper|move: Protect
|
|-weather|SunnyDay|[upkeep]
|-damage|p2a: Enamorus|76/100 tox|[from] psn
|-heal|p1a: GliscWhopper|38/100 tox|[from] ability: Poison Heal
|upkeep
|turn|24
|
|t:|1743912278
|switch|p1a: Scovillain|Scovillain, M, tera:Fire|91/100
|-damage|p1a: Scovillain|66/100|[from] Stealth Rock
|move|p2a: Enamorus|Moonblast|p1a: Scovillain
|-resisted|p1a: Scovillain
|-damage|p1a: Scovillain|21/100
|
|-weather|none
|-damage|p2a: Enamorus|57/100 tox|[from] psn
|upkeep
|turn|25
|
|t:|1743912282
|move|p2a: Enamorus|Moonblast|p1a: Scovillain
|-resisted|p1a: Scovillain
|-damage|p1a: Scovillain|0 fnt
|faint|p1a: Scovillain
|
|-damage|p2a: Enamorus|32/100 tox|[from] psn
|upkeep
|
|t:|1743912284
|switch|p1a: GliscWhopper|Gliscor, M|38/100 tox
|-damage|p1a: GliscWhopper|25/100 tox|[from] Stealth Rock
|turn|26
|-message|Kin+ak forfeited.
|
|win|dia45
|raw|Kin+ak's rating: 1445 &rarr; <strong>1425</strong><br />(-20 for losing)
|raw|dia45's rating: 1440 &rarr; <strong>1460</strong><br />(+20 for winning)
|l|☆Kin+ak
|player|p1|
|l|☆dia45
|player|p2|
