|j|☆hugobui0105
|j|‽SDF is gay
|t:|1743921391
|gametype|singles
|player|p1|hugobui0105|scientist-gen4dp|1592
|player|p2|SDF is gay|unknownf|1629
|teamsize|p1|6
|teamsize|p2|6
|gen|9
|tier|[Gen 9] OU
|rated|
|rule|HP Percentage Mod: HP is shown in percentages
|rule|Endless Battle Clause: Forcing endless battles is banned
|rule|Species Clause: Limit one of each Pokémon
|rule|OHKO Clause: OHKO moves are banned
|rule|Evasion Items Clause: Evasion items are banned
|rule|Evasion Moves Clause: Evasion moves are banned
|rule|Sleep Moves Clause: Sleep-inducing moves are banned
|clearpoke
|poke|p1|Kyurem|
|poke|p1|Zamazenta-*|
|poke|p1|Landorus-Therian, M|
|poke|p1|Weezing-Galar, F|
|poke|p1|Alomomola, M|
|poke|p1|Ting-Lu|
|poke|p2|Araquanid, F|
|poke|p2|Gholdengo|
|poke|p2|Iron Moth|
|poke|p2|Iron Valiant|
|poke|p2|Raging Bolt|
|poke|p2|Kingambit, F|
|teampreview
|j| flatziswashed ⚝彡
|
|t:|1743921400
|start
|switch|p1a: Zamazenta|Zamazenta|100/100
|switch|p2a: Araquanid|Araquanid, F|100/100
|-ability|p1a: Zamazenta|Dauntless Shield|boost
|-boost|p1a: Zamazenta|def|1
|turn|1
|inactive|Battle timer is ON: inactive players will automatically lose when time's up. (requested by hugobui0105)
|
|t:|1743921408
|move|p1a: Zamazenta|Stone Edge|p2a: Araquanid
|-supereffective|p2a: Araquanid
|-damage|p2a: Araquanid|10/100
|move|p2a: Araquanid|Sticky Web|p1a: Zamazenta
|-sidestart|p1: hugobui0105|move: Sticky Web
|
|upkeep
|turn|2
|-enditem|p2a: Araquanid|Custap Berry|[eat]
|-activate|p2a: Araquanid|item: Custap Berry|[consumed]
|
|t:|1743921415
|switch|p1a: Alomomola|Alomomola, M|100/100
|move|p2a: Araquanid|Endeavor|p1a: Alomomola
|-damage|p1a: Alomomola|7/100
|
|upkeep
|turn|3
|
|t:|1743921421
|move|p1a: Alomomola|Flip Turn|p2a: Araquanid
|-resisted|p2a: Araquanid
|-damage|p2a: Araquanid|2/100
|
|t:|1743921435
|switch|p1a: Zamazenta|Zamazenta|100/100|[from] Flip Turn
|-activate|p1a: Zamazenta|move: Sticky Web
|-unboost|p1a: Zamazenta|spe|1
|move|p2a: Araquanid|Surf|p1a: Zamazenta
|-crit|p1a: Zamazenta
|-damage|p1a: Zamazenta|48/100
|
|upkeep
|turn|4
|
|t:|1743921448
|move|p1a: Zamazenta|Crunch|p2a: Araquanid
|-damage|p2a: Araquanid|0 fnt
|faint|p2a: Araquanid
|
|upkeep
|
|t:|1743921450
|switch|p2a: Iron Moth|Iron Moth|100/100
|-enditem|p2a: Iron Moth|Booster Energy
|-activate|p2a: Iron Moth|ability: Quark Drive|[fromitem]
|-start|p2a: Iron Moth|quarkdrivespa
|turn|5
|
|t:|1743921453
|switch|p1a: Ting-Lu|Ting-Lu|100/100
|-activate|p1a: Ting-Lu|move: Sticky Web
|-unboost|p1a: Ting-Lu|spe|1
|-ability|p1a: Ting-Lu|Vessel of Ruin
|move|p2a: Iron Moth|Fiery Dance|p1a: Ting-Lu
|-damage|p1a: Ting-Lu|76/100
|-boost|p2a: Iron Moth|spa|1
|
|-heal|p1a: Ting-Lu|82/100|[from] item: Leftovers
|upkeep
|turn|6
|
|t:|1743921457
|-terastallize|p2a: Iron Moth|Grass
|move|p2a: Iron Moth|Energy Ball|p1a: Ting-Lu
|-supereffective|p1a: Ting-Lu
|-damage|p1a: Ting-Lu|2/100
|-unboost|p1a: Ting-Lu|spd|1
|move|p1a: Ting-Lu|Earthquake|p2a: Iron Moth
|-resisted|p2a: Iron Moth
|-damage|p2a: Iron Moth|70/100
|
|-heal|p1a: Ting-Lu|9/100|[from] item: Leftovers
|upkeep
|turn|7
|
|t:|1743921464
|move|p2a: Iron Moth|Fiery Dance|p1a: Ting-Lu
|-damage|p1a: Ting-Lu|0 fnt
|-boost|p2a: Iron Moth|spa|1
|faint|p1a: Ting-Lu
|
|upkeep
|
|t:|1743921467
|switch|p1a: Landorus|Landorus-Therian, M|100/100
|-ability|p1a: Landorus|Intimidate|boost
|-unboost|p2a: Iron Moth|atk|1
|turn|8
|
|t:|1743921475
|-terastallize|p1a: Landorus|Ice
|move|p1a: Landorus|Tera Blast|p2a: Iron Moth|[anim] Tera Blast Ice
|-supereffective|p2a: Iron Moth
|-damage|p2a: Iron Moth|0 fnt
|faint|p2a: Iron Moth
|-end|p2a: Iron Moth|Quark Drive|[silent]
|
|upkeep
|
|t:|1743921479
|switch|p2a: Gholdengo|Gholdengo|100/100
|-item|p2a: Gholdengo|Air Balloon
|turn|9
|
|t:|1743921488
|switch|p1a: Alomomola|Alomomola, M|40/100
|move|p2a: Gholdengo|Nasty Plot|p2a: Gholdengo
|-boost|p2a: Gholdengo|spa|2
|
|upkeep
|turn|10
|
|t:|1743921492
|move|p2a: Gholdengo|Shadow Ball|p1a: Alomomola
|-damage|p1a: Alomomola|0 fnt
|faint|p1a: Alomomola
|
|upkeep
|
|t:|1743921500
|switch|p1a: Landorus|Landorus-Therian, M, tera:Ice|100/100
|-activate|p1a: Landorus|move: Sticky Web
|-unboost|p1a: Landorus|spe|1
|-ability|p1a: Landorus|Intimidate|boost
|-unboost|p2a: Gholdengo|atk|1
|turn|11
|
|t:|1743921505
|move|p1a: Landorus|U-turn|p2a: Gholdengo
|-resisted|p2a: Gholdengo
|-damage|p2a: Gholdengo|93/100
|-enditem|p2a: Gholdengo|Air Balloon
|j| LudocyelZ
|inactive|hugobui0105 has 120 seconds left.
|
|t:|1743921551
|switch|p1a: Kyurem|Kyurem|100/100|[from] U-turn
|-activate|p1a: Kyurem|move: Sticky Web
|-unboost|p1a: Kyurem|spe|1
|-ability|p1a: Kyurem|Pressure
|move|p2a: Gholdengo|Make It Rain|p1a: Kyurem
|-supereffective|p1a: Kyurem
|-damage|p1a: Kyurem|0 fnt
|-unboost|p2a: Gholdengo|spa|1
|faint|p1a: Kyurem
|
|upkeep
|
|t:|1743921554
|switch|p1a: Landorus|Landorus-Therian, M, tera:Ice|100/100
|-activate|p1a: Landorus|move: Sticky Web
|-unboost|p1a: Landorus|spe|1
|-ability|p1a: Landorus|Intimidate|boost
|-unboost|p2a: Gholdengo|atk|1
|turn|12
|
|t:|1743921560
|move|p1a: Landorus|Earthquake|p2a: Gholdengo
|-supereffective|p2a: Gholdengo
|-damage|p2a: Gholdengo|0 fnt
|faint|p2a: Gholdengo
|
|upkeep
|
|t:|1743921563
|switch|p2a: Kingambit|Kingambit, F|100/100
|-activate|p2a: Kingambit|ability: Supreme Overlord
|-start|p2a: Kingambit|fallen3|[silent]
|-item|p2a: Kingambit|Air Balloon
|turn|13
|inactive|hugobui0105 has 120 seconds left.
|
|t:|1743921576
|switch|p1a: Zamazenta|Zamazenta|48/100
|-activate|p1a: Zamazenta|move: Sticky Web
|-unboost|p1a: Zamazenta|spe|1
|move|p2a: Kingambit|Iron Head|p1a: Zamazenta
|-damage|p1a: Zamazenta|0 fnt
|faint|p1a: Zamazenta
|
|upkeep
|
|t:|1743921579
|switch|p1a: Weezing|Weezing-Galar, F|100/100
|-ability|p1a: Weezing|Neutralizing Gas
|turn|14
|
|t:|1743921587
|move|p2a: Kingambit|Iron Head|p1a: Weezing
|-supereffective|p1a: Weezing
|-damage|p1a: Weezing|48/100
|move|p1a: Weezing|Will-O-Wisp|p2a: Kingambit
|-status|p2a: Kingambit|brn
|
|-damage|p2a: Kingambit|94/100 brn|[from] brn
|upkeep
|turn|15
|
|t:|1743921592
|move|p2a: Kingambit|Iron Head|p1a: Weezing
|-supereffective|p1a: Weezing
|-damage|p1a: Weezing|20/100
|move|p1a: Weezing|Pain Split|p2a: Kingambit
|-sethp|p2a: Kingambit|57/100 brn|[from] move: Pain Split|[silent]
|-sethp|p1a: Weezing|58/100|[from] move: Pain Split
|
|-damage|p2a: Kingambit|51/100 brn|[from] brn
|upkeep
|turn|16
|
|t:|1743921595
|move|p2a: Kingambit|Iron Head|p1a: Weezing
|-supereffective|p1a: Weezing
|-damage|p1a: Weezing|31/100
|cant|p1a: Weezing|flinch
|
|-damage|p2a: Kingambit|44/100 brn|[from] brn
|upkeep
|turn|17
|
|t:|1743921617
|-end|p1a: Weezing|ability: Neutralizing Gas
|-activate|p2a: Kingambit|ability: Supreme Overlord
|-start|p2a: Kingambit|fallen3|[silent]
|switch|p1a: Landorus|Landorus-Therian, M, tera:Ice|100/100
|-activate|p1a: Landorus|move: Sticky Web
|-unboost|p1a: Landorus|spe|1
|-ability|p1a: Landorus|Intimidate|boost
|-unboost|p2a: Kingambit|atk|1
|move|p2a: Kingambit|Iron Head|p1a: Landorus
|-supereffective|p1a: Landorus
|-damage|p1a: Landorus|58/100
|
|-damage|p2a: Kingambit|38/100 brn|[from] brn
|upkeep
|turn|18
|
|t:|1743921634
|move|p1a: Landorus|Stone Edge|p2a: Kingambit
|-resisted|p2a: Kingambit
|-damage|p2a: Kingambit|23/100 brn
|-enditem|p2a: Kingambit|Air Balloon
|move|p2a: Kingambit|Iron Head|p1a: Landorus
|-supereffective|p1a: Landorus
|-damage|p1a: Landorus|17/100
|
|-damage|p2a: Kingambit|17/100 brn|[from] brn
|upkeep
|turn|19
|
|t:|1743921646
|move|p2a: Kingambit|Sucker Punch|p1a: Landorus
|-damage|p1a: Landorus|0 fnt
|faint|p1a: Landorus
|
|-damage|p2a: Kingambit|10/100 brn|[from] brn
|upkeep
|-message|hugobui0105 forfeited.
|
|win|SDF is gay
|raw|hugobui0105's rating: 1592 &rarr; <strong>1574</strong><br />(-18 for losing)
|raw|SDF is gay's rating: 1627 &rarr; <strong>1645</strong><br />(+18 for winning)
|l|☆hugobui0105
|player|p1|
|l| flatziswashed ⚝彡
|l|‽SDF is gay
|player|p2|
|l| LudocyelZ
