|j|☆TOXICccccccccccccc
|j|☆StoneGrove
|t:|1743888226
|gametype|singles
|player|p1|TOXICccccccccccccc|hiker-gen4|1129
|player|p2|StoneGrove|cynthia|1166
|teamsize|p1|6
|teamsize|p2|6
|gen|9
|tier|[Gen 9] OU
|rated|
|rule|HP Percentage Mod: HP is shown in percentages
|rule|Endless Battle Clause: Forcing endless battles is banned
|rule|Species Clause: Limit one of each Pokémon
|rule|OHKO Clause: OHKO moves are banned
|rule|Evasion Items Clause: Evasion items are banned
|rule|Evasion Moves Clause: Evasion moves are banned
|rule|Sleep Moves Clause: Sleep-inducing moves are banned
|clearpoke
|poke|p1|Glimmora, M|
|poke|p1|Salazzle, F|
|poke|p1|Pecharunt|
|poke|p1|Alomomola, F|
|poke|p1|Samurott-Hisui, M|
|poke|p1|Garchomp, M|
|poke|p2|Darkrai|
|poke|p2|Manaphy|
|poke|p2|Landorus-Therian, M|
|poke|p2|Gholdengo|
|poke|p2|Raging Bolt|
|poke|p2|Iron Valiant|
|teampreview
|inactive|Battle timer is ON: inactive players will automatically lose when time's up. (requested by TOXICccccccccccccc)
|
|t:|1743888242
|start
|switch|p1a: Pecharunt|Pecharunt|100/100
|switch|p2a: Landorus|Landorus-Therian, M|100/100
|-item|p1a: Pecharunt|Air Balloon
|-ability|p2a: Landorus|Intimidate|boost
|-unboost|p1a: Pecharunt|atk|1
|turn|1
|
|t:|1743888249
|move|p1a: Pecharunt|Malignant Chain|p2a: Landorus
|-resisted|p2a: Landorus
|-damage|p2a: Landorus|84/100
|-status|p2a: Landorus|tox
|-start|p2a: Landorus|confusion|[from] ability: Poison Puppeteer|[of] p1a: Pecharunt
|-activate|p2a: Landorus|confusion
|move|p2a: Landorus|Taunt|p1a: Pecharunt
|-start|p1a: Pecharunt|move: Taunt
|
|-damage|p2a: Landorus|78/100 tox|[from] psn
|upkeep
|turn|2
|
|t:|1743888257
|move|p1a: Pecharunt|Shadow Ball|p2a: Landorus
|-damage|p2a: Landorus|53/100 tox
|-activate|p2a: Landorus|confusion
|move|p2a: Landorus|Stealth Rock|p1a: Pecharunt
|-sidestart|p1: TOXICccccccccccccc|move: Stealth Rock
|
|-damage|p2a: Landorus|41/100 tox|[from] psn
|upkeep
|turn|3
|
|t:|1743888262
|move|p1a: Pecharunt|Shadow Ball|p2a: Landorus
|-damage|p2a: Landorus|16/100 tox
|-activate|p2a: Landorus|confusion
|move|p2a: Landorus|U-turn|p1a: Pecharunt
|-resisted|p1a: Pecharunt
|-crit|p1a: Pecharunt
|-damage|p1a: Pecharunt|96/100
|-enditem|p1a: Pecharunt|Air Balloon
|
|t:|1743888284
|switch|p2a: Darkrai|Darkrai|100/100|[from] U-turn
|
|upkeep
|turn|4
|
|t:|1743888288
|switch|p1a: Samurott|Samurott-Hisui, M|100/100
|-damage|p1a: Samurott|88/100|[from] Stealth Rock
|move|p2a: Darkrai|Dark Pulse|p1a: Samurott
|-resisted|p1a: Samurott
|-damage|p1a: Samurott|58/100
|
|upkeep
|turn|5
|
|t:|1743888292
|move|p1a: Samurott|Ceaseless Edge|p2a: Darkrai
|-resisted|p2a: Darkrai
|-damage|p2a: Darkrai|72/100
|-sidestart|p2: StoneGrove|Spikes
|move|p2a: Darkrai|Focus Blast|p1a: Samurott
|-supereffective|p1a: Samurott
|-damage|p1a: Samurott|0 fnt
|faint|p1a: Samurott
|
|upkeep
|
|t:|1743888298
|switch|p1a: Glimmora|Glimmora, M|100/100
|-damage|p1a: Glimmora|88/100|[from] Stealth Rock
|turn|6
|
|t:|1743888314
|move|p2a: Darkrai|Nasty Plot|p2a: Darkrai
|-boost|p2a: Darkrai|spa|2
|move|p1a: Glimmora|Mortal Spin|p2a: Darkrai
|-damage|p2a: Darkrai|64/100
|-status|p2a: Darkrai|psn
|-sideend|p1: TOXICccccccccccccc|Stealth Rock|[from] move: Mortal Spin|[of] p1a: Glimmora
|
|-heal|p1a: Glimmora|94/100|[from] item: Leftovers
|-damage|p2a: Darkrai|51/100 psn|[from] psn
|upkeep
|turn|7
|
|t:|1743888318
|move|p2a: Darkrai|Dark Pulse|p1a: Glimmora
|-damage|p1a: Glimmora|20/100
|move|p1a: Glimmora|Sludge Wave|p2a: Darkrai
|-damage|p2a: Darkrai|0 fnt
|faint|p2a: Darkrai
|
|-heal|p1a: Glimmora|27/100|[from] item: Leftovers
|upkeep
|
|t:|1743888326
|switch|p2a: Landorus|Landorus-Therian, M|16/100 tox
|-ability|p2a: Landorus|Intimidate|boost
|-unboost|p1a: Glimmora|atk|1
|turn|8
|
|t:|1743888339
|switch|p1a: Alomomola|Alomomola, F|100/100
|move|p2a: Landorus|Earth Power|p1a: Alomomola
|-damage|p1a: Alomomola|64/100
|
|-damage|p2a: Landorus|10/100 tox|[from] psn
|upkeep
|turn|9
|
|t:|1743888341
|move|p2a: Landorus|Stealth Rock|p1a: Alomomola
|-sidestart|p1: TOXICccccccccccccc|move: Stealth Rock
|move|p1a: Alomomola|Flip Turn|p2a: Landorus
|-supereffective|p2a: Landorus
|-damage|p2a: Landorus|0 fnt
|-damage|p1a: Alomomola|47/100|[from] item: Rocky Helmet|[of] p2a: Landorus
|faint|p2a: Landorus
|
|t:|1743888348
|switch|p1a: Garchomp|Garchomp, M|100/100|[from] Flip Turn
|-damage|p1a: Garchomp|94/100|[from] Stealth Rock
|
|upkeep
|
|t:|1743888356
|switch|p2a: Iron Valiant|Iron Valiant|100/100
|-damage|p2a: Iron Valiant|88/100|[from] Spikes
|-enditem|p2a: Iron Valiant|Booster Energy
|-activate|p2a: Iron Valiant|ability: Quark Drive|[fromitem]
|-start|p2a: Iron Valiant|quarkdrivespe
|turn|10
|
|t:|1743888360
|switch|p1a: Pecharunt|Pecharunt|96/100
|-damage|p1a: Pecharunt|84/100|[from] Stealth Rock
|move|p2a: Iron Valiant|Moonblast|p1a: Pecharunt
|-resisted|p1a: Pecharunt
|-damage|p1a: Pecharunt|60/100
|-unboost|p1a: Pecharunt|spa|1
|
|upkeep
|turn|11
|
|t:|1743888365
|move|p2a: Iron Valiant|Knock Off|p1a: Pecharunt
|-supereffective|p1a: Pecharunt
|-damage|p1a: Pecharunt|37/100
|move|p1a: Pecharunt|Malignant Chain|p2a: Iron Valiant
|-supereffective|p2a: Iron Valiant
|-crit|p2a: Iron Valiant
|-damage|p2a: Iron Valiant|0 fnt
|faint|p2a: Iron Valiant
|-end|p2a: Iron Valiant|Quark Drive|[silent]
|
|upkeep
|
|t:|1743888376
|switch|p2a: Manaphy|Manaphy|100/100
|-damage|p2a: Manaphy|88/100|[from] Spikes
|turn|12
|
|t:|1743888379
|move|p2a: Manaphy|Tail Glow|p2a: Manaphy
|-boost|p2a: Manaphy|spa|3
|move|p1a: Pecharunt|Parting Shot|p2a: Manaphy
|-unboost|p2a: Manaphy|atk|1
|-unboost|p2a: Manaphy|spa|1
|
|t:|1743888383
|switch|p1a: Salazzle|Salazzle, F|100/100|[from] Parting Shot
|-damage|p1a: Salazzle|75/100|[from] Stealth Rock
|
|-heal|p1a: Salazzle|82/100|[from] item: Leftovers
|upkeep
|turn|13
|
|t:|1743888385
|move|p1a: Salazzle|Encore|p2a: Manaphy
|-start|p2a: Manaphy|Encore
|move|p2a: Manaphy|Tail Glow|p2a: Manaphy
|-boost|p2a: Manaphy|spa|3
|
|-heal|p1a: Salazzle|88/100|[from] item: Leftovers
|upkeep
|turn|14
|
|t:|1743888390
|switch|p2a: Gholdengo|Gholdengo|100/100
|-item|p2a: Gholdengo|Air Balloon
|move|p1a: Salazzle|Toxic|p2a: Gholdengo
|-immune|p2a: Gholdengo|[from] ability: Good as Gold
|
|-heal|p1a: Salazzle|94/100|[from] item: Leftovers
|upkeep
|turn|15
|
|t:|1743888402
|switch|p1a: Glimmora|Glimmora, M|27/100
|-damage|p1a: Glimmora|14/100|[from] Stealth Rock
|move|p2a: Gholdengo|Psyshock|p1a: Glimmora
|-supereffective|p1a: Glimmora
|-damage|p1a: Glimmora|0 fnt
|faint|p1a: Glimmora
|
|upkeep
|
|t:|1743888412
|switch|p1a: Alomomola|Alomomola, F|81/100
|turn|16
|
|t:|1743888415
|move|p2a: Gholdengo|Nasty Plot|p2a: Gholdengo
|-boost|p2a: Gholdengo|spa|2
|move|p1a: Alomomola|Flip Turn|p2a: Gholdengo
|-damage|p2a: Gholdengo|84/100
|-enditem|p2a: Gholdengo|Air Balloon
|
|t:|1743888418
|switch|p1a: Garchomp|Garchomp, M|94/100|[from] Flip Turn
|-damage|p1a: Garchomp|88/100|[from] Stealth Rock
|
|upkeep
|turn|17
|
|t:|1743888424
|move|p1a: Garchomp|Substitute|p1a: Garchomp
|-start|p1a: Garchomp|Substitute
|-damage|p1a: Garchomp|63/100
|move|p2a: Gholdengo|Shadow Ball|p1a: Garchomp
|-end|p1a: Garchomp|Substitute
|
|upkeep
|turn|18
|
|t:|1743888433
|-terastallize|p2a: Gholdengo|Fairy
|move|p1a: Garchomp|Substitute|p1a: Garchomp
|-start|p1a: Garchomp|Substitute
|-damage|p1a: Garchomp|38/100
|move|p2a: Gholdengo|Shadow Ball|p1a: Garchomp
|-end|p1a: Garchomp|Substitute
|
|upkeep
|turn|19
|
|t:|1743888441
|move|p1a: Garchomp|Earthquake|p2a: Gholdengo
|-damage|p2a: Gholdengo|34/100
|move|p2a: Gholdengo|Shadow Ball|p1a: Garchomp
|-damage|p1a: Garchomp|0 fnt
|faint|p1a: Garchomp
|
|upkeep
|
|t:|1743888443
|switch|p1a: Pecharunt|Pecharunt|37/100
|-damage|p1a: Pecharunt|25/100|[from] Stealth Rock
|turn|20
|
|t:|1743888446
|move|p1a: Pecharunt|Malignant Chain|p2a: Gholdengo
|-supereffective|p2a: Gholdengo
|-damage|p2a: Gholdengo|0 fnt
|faint|p2a: Gholdengo
|
|upkeep
|
|t:|1743888452
|switch|p2a: Manaphy|Manaphy|88/100
|-damage|p2a: Manaphy|76/100|[from] Spikes
|turn|21
|
|t:|1743888458
|move|p2a: Manaphy|Surf|p1a: Pecharunt
|-damage|p1a: Pecharunt|0 fnt
|faint|p1a: Pecharunt
|
|upkeep
|
|t:|1743888469
|switch|p1a: Alomomola|Alomomola, F|100/100
|turn|22
|
|t:|1743888471
|move|p2a: Manaphy|Tail Glow|p2a: Manaphy
|-boost|p2a: Manaphy|spa|3
|move|p1a: Alomomola|Flip Turn|p2a: Manaphy
|-resisted|p2a: Manaphy
|-damage|p2a: Manaphy|67/100
|
|t:|1743888474
|switch|p1a: Salazzle|Salazzle, F|94/100|[from] Flip Turn
|-damage|p1a: Salazzle|69/100|[from] Stealth Rock
|
|-heal|p1a: Salazzle|75/100|[from] item: Leftovers
|upkeep
|turn|23
|
|t:|1743888480
|switch|p2a: Raging Bolt|Raging Bolt|100/100
|-damage|p2a: Raging Bolt|88/100|[from] Spikes
|-enditem|p2a: Raging Bolt|Booster Energy
|-activate|p2a: Raging Bolt|ability: Protosynthesis|[fromitem]
|-start|p2a: Raging Bolt|protosynthesisspa
|move|p1a: Salazzle|Encore||[still]
|-fail|p1a: Salazzle
|
|-heal|p1a: Salazzle|81/100|[from] item: Leftovers
|upkeep
|turn|24
|
|t:|1743888485
|move|p1a: Salazzle|Protect|p1a: Salazzle
|-singleturn|p1a: Salazzle|Protect
|move|p2a: Raging Bolt|Thunderclap||[still]
|-fail|p2a: Raging Bolt
|
|-heal|p1a: Salazzle|88/100|[from] item: Leftovers
|upkeep
|turn|25
|
|t:|1743888489
|move|p1a: Salazzle|Encore|p2a: Raging Bolt
|-start|p2a: Raging Bolt|Encore
|move|p2a: Raging Bolt|Thunderclap||[still]
|-fail|p2a: Raging Bolt
|
|-heal|p1a: Salazzle|94/100|[from] item: Leftovers
|upkeep
|turn|26
|
|t:|1743888496
|move|p2a: Raging Bolt|Thunderclap||[still]
|-fail|p2a: Raging Bolt
|move|p1a: Salazzle|Substitute|p1a: Salazzle
|-start|p1a: Salazzle|Substitute
|-damage|p1a: Salazzle|69/100
|
|-heal|p1a: Salazzle|75/100|[from] item: Leftovers
|upkeep
|turn|27
|
|t:|1743888499
|move|p2a: Raging Bolt|Thunderclap||[still]
|-fail|p2a: Raging Bolt
|move|p1a: Salazzle|Toxic|p2a: Raging Bolt
|-status|p2a: Raging Bolt|tox
|
|-heal|p1a: Salazzle|81/100|[from] item: Leftovers
|-damage|p2a: Raging Bolt|82/100 tox|[from] psn
|-end|p2a: Raging Bolt|Encore
|upkeep
|turn|28
|
|t:|1743888503
|move|p1a: Salazzle|Encore|p2a: Raging Bolt
|-start|p2a: Raging Bolt|Encore
|move|p2a: Raging Bolt|Thunderclap||[still]
|-fail|p2a: Raging Bolt
|
|-heal|p1a: Salazzle|87/100|[from] item: Leftovers
|-damage|p2a: Raging Bolt|70/100 tox|[from] psn
|upkeep
|turn|29
|
|t:|1743888507
|-end|p2a: Raging Bolt|Protosynthesis|[silent]
|switch|p2a: Manaphy|Manaphy|67/100
|-damage|p2a: Manaphy|55/100|[from] Spikes
|move|p1a: Salazzle|Protect||[still]
|-fail|p1a: Salazzle
|
|-heal|p1a: Salazzle|93/100|[from] item: Leftovers
|upkeep
|turn|30
|
|t:|1743888511
|move|p1a: Salazzle|Toxic|p2a: Manaphy
|-status|p2a: Manaphy|tox
|move|p2a: Manaphy|Surf|p1a: Salazzle
|-supereffective|p1a: Salazzle
|-crit|p1a: Salazzle
|-end|p1a: Salazzle|Substitute
|
|-heal|p1a: Salazzle|99/100|[from] item: Leftovers
|-damage|p2a: Manaphy|49/100 tox|[from] psn
|upkeep
|turn|31
|
|t:|1743888516
|move|p1a: Salazzle|Protect|p1a: Salazzle
|-singleturn|p1a: Salazzle|Protect
|move|p2a: Manaphy|Surf|p1a: Salazzle
|-activate|p1a: Salazzle|move: Protect
|
|-heal|p1a: Salazzle|100/100|[from] item: Leftovers
|-damage|p2a: Manaphy|36/100 tox|[from] psn
|upkeep
|turn|32
|
|t:|1743888519
|move|p1a: Salazzle|Substitute|p1a: Salazzle
|-start|p1a: Salazzle|Substitute
|-damage|p1a: Salazzle|75/100
|move|p2a: Manaphy|Surf|p1a: Salazzle
|-supereffective|p1a: Salazzle
|-end|p1a: Salazzle|Substitute
|
|-heal|p1a: Salazzle|82/100|[from] item: Leftovers
|-damage|p2a: Manaphy|18/100 tox|[from] psn
|upkeep
|turn|33
|
|t:|1743888523
|move|p1a: Salazzle|Protect|p1a: Salazzle
|-singleturn|p1a: Salazzle|Protect
|move|p2a: Manaphy|Surf|p1a: Salazzle
|-activate|p1a: Salazzle|move: Protect
|
|-heal|p1a: Salazzle|88/100|[from] item: Leftovers
|-damage|p2a: Manaphy|0 fnt|[from] psn
|faint|p2a: Manaphy
|upkeep
|
|t:|1743888524
|switch|p2a: Raging Bolt|Raging Bolt|70/100 tox
|-damage|p2a: Raging Bolt|57/100 tox|[from] Spikes
|turn|34
|
|t:|1743888526
|move|p1a: Salazzle|Substitute|p1a: Salazzle
|-start|p1a: Salazzle|Substitute
|-damage|p1a: Salazzle|63/100
|move|p2a: Raging Bolt|Dragon Pulse|p1a: Salazzle
|-end|p1a: Salazzle|Substitute
|
|-heal|p1a: Salazzle|69/100|[from] item: Leftovers
|-damage|p2a: Raging Bolt|51/100 tox|[from] psn
|upkeep
|turn|35
|
|t:|1743888529
|move|p1a: Salazzle|Protect|p1a: Salazzle
|-singleturn|p1a: Salazzle|Protect
|move|p2a: Raging Bolt|Dragon Pulse|p1a: Salazzle
|-activate|p1a: Salazzle|move: Protect
|
|-heal|p1a: Salazzle|75/100|[from] item: Leftovers
|-damage|p2a: Raging Bolt|39/100 tox|[from] psn
|upkeep
|turn|36
|
|t:|1743888532
|move|p1a: Salazzle|Substitute|p1a: Salazzle
|-start|p1a: Salazzle|Substitute
|-damage|p1a: Salazzle|50/100
|move|p2a: Raging Bolt|Dragon Pulse|p1a: Salazzle
|-end|p1a: Salazzle|Substitute
|
|-heal|p1a: Salazzle|56/100|[from] item: Leftovers
|-damage|p2a: Raging Bolt|20/100 tox|[from] psn
|upkeep
|turn|37
|
|t:|1743888534
|move|p1a: Salazzle|Protect|p1a: Salazzle
|-singleturn|p1a: Salazzle|Protect
|move|p2a: Raging Bolt|Dragon Pulse|p1a: Salazzle
|-activate|p1a: Salazzle|move: Protect
|
|-heal|p1a: Salazzle|63/100|[from] item: Leftovers
|-damage|p2a: Raging Bolt|0 fnt|[from] psn
|faint|p2a: Raging Bolt
|-end|p2a: Raging Bolt|Protosynthesis|[silent]
|
|win|TOXICccccccccccccc
|raw|TOXICccccccccccccc's rating: 1129 &rarr; <strong>1157</strong><br />(+28 for winning)
|raw|StoneGrove's rating: 1166 &rarr; <strong>1138</strong><br />(-28 for losing)
