|j|☆funfunmochibun
|j|☆team raging fire
|t:|1743802345
|gametype|singles
|player|p1|funfunmochibun|skierf-gen4dp|1231
|player|p2|team raging fire|colress|1217
|teamsize|p1|6
|teamsize|p2|6
|gen|9
|tier|[Gen 9] OU
|rated|
|rule|HP Percentage Mod: HP is shown in percentages
|rule|Endless Battle Clause: Forcing endless battles is banned
|rule|Species Clause: Limit one of each Pokémon
|rule|OHKO Clause: OHKO moves are banned
|rule|Evasion Items Clause: Evasion items are banned
|rule|Evasion Moves Clause: Evasion moves are banned
|rule|Sleep Moves Clause: Sleep-inducing moves are banned
|clearpoke
|poke|p1|Vileplume, F|
|poke|p1|Skarmory, F|
|poke|p1|Weavile, F|
|poke|p1|Armarouge, F|
|poke|p1|Samurott-Hisui, M|
|poke|p1|Great Tusk|
|poke|p2|Iron Jugulis|
|poke|p2|Pincurchin, F|
|poke|p2|Zebstrika, F|
|poke|p2|Raging Bolt|
|poke|p2|Sinistcha|
|poke|p2|Mudsdale, F|
|teampreview
|
|t:|1743802377
|start
|switch|p1a: Great Tusk|Great Tusk|100/100
|switch|p2a: Iron Jugulis|Iron Jugulis|100/100
|turn|1
|
|t:|1743802395
|-end|p1a: Great Tusk|Protosynthesis|[silent]
|switch|p1a: Skarmory|Skarmory, F|100/100
|move|p2a: Iron Jugulis|Air Slash|p1a: Skarmory
|-resisted|p1a: Skarmory
|-damage|p1a: Skarmory|83/100
|
|-heal|p1a: Skarmory|89/100|[from] item: Leftovers
|upkeep
|turn|2
|
|t:|1743802404
|move|p2a: Iron Jugulis|Flamethrower|p1a: Skarmory
|-supereffective|p1a: Skarmory
|-damage|p1a: Skarmory|38/100
|move|p1a: Skarmory|Stealth Rock|p2a: Iron Jugulis
|-sidestart|p2: team raging fire|move: Stealth Rock
|
|-heal|p1a: Skarmory|44/100|[from] item: Leftovers
|upkeep
|turn|3
|
|t:|1743802413
|switch|p1a: Armarouge|Armarouge, F|100/100
|move|p2a: Iron Jugulis|Dark Pulse|p1a: Armarouge
|-supereffective|p1a: Armarouge
|-damage|p1a: Armarouge|0 fnt
|faint|p1a: Armarouge
|
|upkeep
|
|t:|1743802420
|switch|p1a: Weavile|Weavile, F|100/100
|-ability|p1a: Weavile|Pressure
|turn|4
|
|t:|1743802452
|-end|p2a: Iron Jugulis|Quark Drive|[silent]
|switch|p2a: Pincurchin|Pincurchin, F|100/100
|-damage|p2a: Pincurchin|88/100|[from] Stealth Rock
|-fieldstart|move: Electric Terrain|[from] ability: Electric Surge|[of] p2a: Pincurchin
|move|p1a: Weavile|Swords Dance|p1a: Weavile
|-boost|p1a: Weavile|atk|2
|
|upkeep
|turn|5
|
|t:|1743802469
|move|p1a: Weavile|Triple Axel|p2a: Pincurchin
|-damage|p2a: Pincurchin|73/100
|-damage|p2a: Pincurchin|38/100
|-damage|p2a: Pincurchin|0 fnt
|faint|p2a: Pincurchin
|-hitcount|p2: Pincurchin|3
|
|upkeep
|
|t:|1743802477
|switch|p2a: Raging Bolt|Raging Bolt|100/100
|-damage|p2a: Raging Bolt|88/100|[from] Stealth Rock
|-enditem|p2a: Raging Bolt|Booster Energy
|-activate|p2a: Raging Bolt|ability: Protosynthesis|[fromitem]
|-start|p2a: Raging Bolt|protosynthesisspa
|turn|6
|
|t:|1743802484
|move|p1a: Weavile|Ice Shard|p2a: Raging Bolt
|-supereffective|p2a: Raging Bolt
|-damage|p2a: Raging Bolt|27/100
|move|p2a: Raging Bolt|Thunderclap||[still]
|-fail|p2a: Raging Bolt
|
|upkeep
|turn|7
|
|t:|1743802490
|-end|p2a: Raging Bolt|Protosynthesis|[silent]
|switch|p2a: Mudsdale|Mudsdale, F|100/100
|-damage|p2a: Mudsdale|94/100|[from] Stealth Rock
|move|p1a: Weavile|Ice Shard|p2a: Mudsdale
|-supereffective|p2a: Mudsdale
|-damage|p2a: Mudsdale|23/100
|-ability|p2a: Mudsdale|Stamina|boost
|-boost|p2a: Mudsdale|def|1
|
|upkeep
|turn|8
|
|t:|1743802498
|-terastallize|p2a: Mudsdale|Steel
|move|p1a: Weavile|Knock Off|p2a: Mudsdale
|-damage|p2a: Mudsdale|0 fnt
|-enditem|p2a: Mudsdale|Assault Vest|[from] move: Knock Off|[of] p1a: Weavile
|faint|p2a: Mudsdale
|
|upkeep
|
|t:|1743802504
|switch|p2a: Iron Jugulis|Iron Jugulis|100/100
|-damage|p2a: Iron Jugulis|76/100|[from] Stealth Rock
|-activate|p2a: Iron Jugulis|ability: Quark Drive
|-start|p2a: Iron Jugulis|quarkdrivespe
|turn|9
|c|☆team raging fire|gg
|
|t:|1743802511
|move|p1a: Weavile|Ice Shard|p2a: Iron Jugulis
|-supereffective|p2a: Iron Jugulis
|-damage|p2a: Iron Jugulis|0 fnt
|faint|p2a: Iron Jugulis
|-end|p2a: Iron Jugulis|Quark Drive|[silent]
|
|upkeep
|
|t:|1743802516
|switch|p2a: Sinistcha|Sinistcha|100/100
|-damage|p2a: Sinistcha|88/100|[from] Stealth Rock
|turn|10
|-message|team raging fire forfeited.
|
|win|funfunmochibun
|raw|funfunmochibun's rating: 1231 &rarr; <strong>1255</strong><br />(+24 for winning)
|raw|team raging fire's rating: 1217 &rarr; <strong>1193</strong><br />(-24 for losing)
|l|☆team raging fire
|player|p2|
|l|☆funfunmochibun
|player|p1|
