|j|☆Dr. Drake6782
|j|☆blip_exists
|t:|1743806319
|gametype|singles
|player|p1|Dr. Drake6782|lance-lgpe|
|player|p2|blip_exists|colress|
|teamsize|p1|6
|teamsize|p2|6
|gen|9
|tier|[Gen 9] OU
|rule|HP Percentage Mod: HP is shown in percentages
|rule|Endless Battle Clause: Forcing endless battles is banned
|rule|Species Clause: Limit one of each Pokémon
|rule|OHKO Clause: OHKO moves are banned
|rule|Evasion Items Clause: Evasion items are banned
|rule|Evasion Moves Clause: Evasion moves are banned
|rule|Sleep Moves Clause: Sleep-inducing moves are banned
|clearpoke
|poke|p1|Alomomola, M|
|poke|p1|Weezing-Galar, F|
|poke|p1|Garganacl, M|
|poke|p1|Kyurem|
|poke|p1|Zamazenta-*|
|poke|p1|Ting-Lu|
|poke|p2|Amoonguss, M|
|poke|p2|Corviknight, F|
|poke|p2|Blissey, F|
|poke|p2|Dondozo, F|
|poke|p2|Gliscor, F|
|poke|p2|Clefable, F|
|teampreview
|inactive|Battle timer is ON: inactive players will automatically lose when time's up. (requested by Dr. Drake6782)
|c|☆blip_exists|alri shoudl be an easy game for your team
|c|☆blip_exists|just manuever gweezy well
|inactive|Dr. Drake6782 has 270 seconds left.
|inactive|blip_exists has 270 seconds left.
|inactive|Dr. Drake6782 has 240 seconds left.
|c|☆Dr. Drake6782|kk
|inactive|Dr. Drake6782 has 210 seconds left.
|
|t:|1743806416
|start
|switch|p1a: Ting-Lu|Ting-Lu|100/100
|switch|p2a: Great King Rat|Gliscor, F|100/100
|-ability|p1a: Ting-Lu|Vessel of Ruin
|turn|1
|inactive|Dr. Drake6782 has 270 seconds left.
|
|t:|1743806422
|move|p2a: Great King Rat|Knock Off|p1a: Ting-Lu
|-resisted|p1a: Ting-Lu
|-damage|p1a: Ting-Lu|95/100
|-enditem|p1a: Ting-Lu|Leftovers|[from] move: Knock Off|[of] p2a: Great King Rat
|move|p1a: Ting-Lu|Stealth Rock|p2a: Great King Rat
|-sidestart|p2: blip_exists|move: Stealth Rock
|
|-status|p2a: Great King Rat|tox|[from] item: Toxic Orb
|upkeep
|turn|2
|
|t:|1743806427
|switch|p2a: Under Pressure|Corviknight, F|100/100
|-damage|p2a: Under Pressure|88/100|[from] Stealth Rock
|-ability|p2a: Under Pressure|Pressure
|switch|p1a: Weezing|Weezing-Galar, F, shiny|100/100
|-ability|p1a: Weezing|Neutralizing Gas
|
|-heal|p2a: Under Pressure|94/100|[from] item: Leftovers
|upkeep
|turn|3
|
|t:|1743806431
|move|p2a: Under Pressure|Protect|p2a: Under Pressure
|-singleturn|p2a: Under Pressure|Protect
|move|p1a: Weezing|Will-O-Wisp|p2a: Under Pressure
|-activate|p2a: Under Pressure|move: Protect
|
|-heal|p2a: Under Pressure|100/100|[from] item: Leftovers
|upkeep
|turn|4
|
|t:|1743806442
|switch|p2a: Killer Queen|Blissey, F|100/100
|-end|p1a: Weezing|ability: Neutralizing Gas
|switch|p1a: Garganacl|Garganacl, M, shiny|100/100
|
|upkeep
|turn|5
|
|t:|1743806445
|switch|p2a: Great King Rat|Gliscor, F|100/100 tox
|-damage|p2a: Great King Rat|88/100 tox|[from] Stealth Rock
|move|p1a: Garganacl|Body Press|p2a: Great King Rat
|-resisted|p2a: Great King Rat
|-damage|p2a: Great King Rat|81/100 tox
|
|-heal|p2a: Great King Rat|93/100 tox|[from] ability: Poison Heal
|upkeep
|turn|6
|
|t:|1743806450
|move|p2a: Great King Rat|Knock Off|p1a: Garganacl
|-damage|p1a: Garganacl|85/100
|-enditem|p1a: Garganacl|Leftovers|[from] move: Knock Off|[of] p2a: Great King Rat
|move|p1a: Garganacl|Salt Cure|p2a: Great King Rat
|-damage|p2a: Great King Rat|86/100 tox
|-start|p2a: Great King Rat|Salt Cure
|
|-heal|p2a: Great King Rat|98/100 tox|[from] ability: Poison Heal
|-damage|p2a: Great King Rat|86/100 tox|[from] Salt Cure
|upkeep
|turn|7
|
|t:|1743806456
|switch|p2a: Party|Amoonguss, M|100/100
|switch|p1a: Weezing|Weezing-Galar, F, shiny|100/100
|-ability|p1a: Weezing|Neutralizing Gas
|
|upkeep
|turn|8
|
|t:|1743806460
|switch|p2a: Killer Queen|Blissey, F|100/100
|move|p1a: Weezing|Will-O-Wisp|p2a: Killer Queen
|-status|p2a: Killer Queen|brn
|
|-damage|p2a: Killer Queen|94/100 brn|[from] brn
|upkeep
|turn|9
|
|t:|1743806472
|move|p1a: Weezing|Strange Steam|p2a: Killer Queen
|-damage|p2a: Killer Queen|86/100 brn
|move|p2a: Killer Queen|Seismic Toss|p1a: Weezing
|-damage|p1a: Weezing|71/100
|
|-damage|p2a: Killer Queen|80/100 brn|[from] brn
|upkeep
|turn|10
|c|☆blip_exists|psplit prolly does more damage btw
|
|t:|1743806498
|move|p1a: Weezing|Pain Split|p2a: Killer Queen
|-sethp|p2a: Killer Queen|58/100 brn|[from] move: Pain Split|[silent]
|-sethp|p1a: Weezing|100/100|[from] move: Pain Split
|move|p2a: Killer Queen|Seismic Toss|p1a: Weezing
|-damage|p1a: Weezing|71/100
|
|-damage|p2a: Killer Queen|52/100 brn|[from] brn
|upkeep
|turn|11
|
|t:|1743806503
|move|p1a: Weezing|Pain Split|p2a: Killer Queen
|-sethp|p2a: Killer Queen|44/100 brn|[from] move: Pain Split|[silent]
|-sethp|p1a: Weezing|86/100|[from] move: Pain Split
|move|p2a: Killer Queen|Soft-Boiled|p2a: Killer Queen
|-heal|p2a: Killer Queen|94/100 brn
|
|-damage|p2a: Killer Queen|88/100 brn|[from] brn
|upkeep
|turn|12
|c|☆Dr. Drake6782|damn
|
|t:|1743806509
|switch|p2a: Someone to Love|Clefable, F|100/100
|-damage|p2a: Someone to Love|88/100|[from] Stealth Rock
|move|p1a: Weezing|Pain Split|p2a: Someone to Love
|-sethp|p2a: Someone to Love|80/100|[from] move: Pain Split|[silent]
|-sethp|p1a: Weezing|95/100|[from] move: Pain Split
|
|-damage|p2a: Someone to Love|68/100|[from] item: Sticky Barb
|upkeep
|turn|13
|
|t:|1743806516
|move|p1a: Weezing|Strange Steam|p2a: Someone to Love
|-damage|p2a: Someone to Love|41/100
|move|p2a: Someone to Love|Knock Off|p1a: Weezing
|-resisted|p1a: Weezing
|-damage|p1a: Weezing|89/100
|-enditem|p1a: Weezing|Heavy-Duty Boots|[from] move: Knock Off|[of] p2a: Someone to Love
|
|-damage|p2a: Someone to Love|28/100|[from] item: Sticky Barb
|upkeep
|turn|14
|
|t:|1743806524
|switch|p2a: Killer Queen|Blissey, F|88/100 brn
|move|p1a: Weezing|Strange Steam|p2a: Killer Queen
|-damage|p2a: Killer Queen|79/100 brn
|
|-damage|p2a: Killer Queen|73/100 brn|[from] brn
|upkeep
|turn|15
|
|t:|1743806530
|move|p1a: Weezing|Pain Split|p2a: Killer Queen
|-sethp|p2a: Killer Queen|59/100 brn|[from] move: Pain Split|[silent]
|-sethp|p1a: Weezing|100/100|[from] move: Pain Split
|move|p2a: Killer Queen|Seismic Toss|p1a: Weezing
|-damage|p1a: Weezing|71/100
|
|-damage|p2a: Killer Queen|53/100 brn|[from] brn
|upkeep
|turn|16
|c|☆Dr. Drake6782|wait why is brodie soloing stall
|
|t:|1743806537
|move|p1a: Weezing|Pain Split|p2a: Killer Queen
|-sethp|p2a: Killer Queen|45/100 brn|[from] move: Pain Split|[silent]
|-sethp|p1a: Weezing|87/100|[from] move: Pain Split
|move|p2a: Killer Queen|Seismic Toss|p1a: Weezing
|-damage|p1a: Weezing|57/100
|
|-damage|p2a: Killer Queen|39/100 brn|[from] brn
|upkeep
|turn|17
|c|☆blip_exists|told you
|
|t:|1743806545
|move|p1a: Weezing|Pain Split|p2a: Killer Queen
|-sethp|p2a: Killer Queen|34/100 brn|[from] move: Pain Split|[silent]
|-sethp|p1a: Weezing|66/100|[from] move: Pain Split
|move|p2a: Killer Queen|Soft-Boiled|p2a: Killer Queen
|-heal|p2a: Killer Queen|84/100 brn
|
|-damage|p2a: Killer Queen|78/100 brn|[from] brn
|upkeep
|turn|18
|c|☆blip_exists|gweezy is great at being passive
|c|☆blip_exists|and also shuts down other passive mons
|c|☆blip_exists|aka wins against stall
|
|t:|1743806561
|move|p1a: Weezing|Pain Split|p2a: Killer Queen
|-sethp|p2a: Killer Queen|56/100 brn|[from] move: Pain Split|[silent]
|-sethp|p1a: Weezing|100/100|[from] move: Pain Split
|move|p2a: Killer Queen|Calm Mind|p2a: Killer Queen
|-boost|p2a: Killer Queen|spa|1
|-boost|p2a: Killer Queen|spd|1
|
|-damage|p2a: Killer Queen|50/100 brn|[from] brn
|upkeep
|turn|19
|
|t:|1743806569
|move|p1a: Weezing|Strange Steam|p2a: Killer Queen
|-damage|p2a: Killer Queen|44/100 brn
|move|p2a: Killer Queen|Calm Mind|p2a: Killer Queen
|-boost|p2a: Killer Queen|spa|1
|-boost|p2a: Killer Queen|spd|1
|
|-damage|p2a: Killer Queen|38/100 brn|[from] brn
|upkeep
|turn|20
|
|t:|1743806573
|move|p1a: Weezing|Strange Steam|p2a: Killer Queen
|-damage|p2a: Killer Queen|34/100 brn
|move|p2a: Killer Queen|Soft-Boiled|p2a: Killer Queen
|-heal|p2a: Killer Queen|84/100 brn
|
|-damage|p2a: Killer Queen|78/100 brn|[from] brn
|upkeep
|turn|21
|
|t:|1743806580
|-end|p1a: Weezing|ability: Neutralizing Gas
|switch|p1a: Ting-Lu|Ting-Lu|95/100
|-ability|p1a: Ting-Lu|Vessel of Ruin
|move|p2a: Killer Queen|Calm Mind|p2a: Killer Queen
|-boost|p2a: Killer Queen|spa|1
|-boost|p2a: Killer Queen|spd|1
|
|-damage|p2a: Killer Queen|72/100 brn|[from] brn
|upkeep
|turn|22
|
|t:|1743806585
|-curestatus|p2a: Killer Queen|brn|[from] ability: Natural Cure
|switch|p2a: Under Pressure|Corviknight, F|100/100
|-damage|p2a: Under Pressure|88/100|[from] Stealth Rock
|-ability|p2a: Under Pressure|Pressure
|move|p1a: Ting-Lu|Whirlwind|p2a: Under Pressure
|drag|p2a: Someone to Love|Clefable, F|28/100
|
|upkeep
|turn|23
|
|t:|1743806590
|move|p2a: Someone to Love|Moonlight|p2a: Someone to Love
|-heal|p2a: Someone to Love|78/100
|move|p1a: Ting-Lu|Earthquake|p2a: Someone to Love
|-damage|p2a: Someone to Love|48/100
|
|upkeep
|turn|24
|
|t:|1743806593
|switch|p2a: Under Pressure|Corviknight, F|88/100
|-damage|p2a: Under Pressure|75/100|[from] Stealth Rock
|-ability|p2a: Under Pressure|Pressure
|move|p1a: Ting-Lu|Ruination|p2a: Under Pressure|[miss]
|-miss|p1a: Ting-Lu|p2a: Under Pressure
|
|-heal|p2a: Under Pressure|82/100|[from] item: Leftovers
|upkeep
|turn|25
|
|t:|1743806599
|move|p2a: Under Pressure|Defog|p1a: Ting-Lu
|-unboost|p1a: Ting-Lu|evasion|1
|-sideend|p2: blip_exists|Stealth Rock|[from] move: Defog|[of] p2a: Under Pressure
|move|p1a: Ting-Lu|Ruination|p2a: Under Pressure
|-damage|p2a: Under Pressure|41/100
|
|-heal|p2a: Under Pressure|47/100|[from] item: Leftovers
|upkeep
|turn|26
|
|t:|1743806604
|move|p2a: Under Pressure|Thief|p1a: Ting-Lu
|-resisted|p1a: Ting-Lu
|-damage|p1a: Ting-Lu|91/100
|move|p1a: Ting-Lu|Earthquake|p2a: Under Pressure
|-immune|p2a: Under Pressure
|
|-heal|p2a: Under Pressure|54/100|[from] item: Leftovers
|upkeep
|turn|27
|
|t:|1743806608
|move|p2a: Under Pressure|Thief|p1a: Ting-Lu
|-resisted|p1a: Ting-Lu
|-damage|p1a: Ting-Lu|88/100
|move|p1a: Ting-Lu|Stealth Rock|p2a: Under Pressure
|-sidestart|p2: blip_exists|move: Stealth Rock
|
|-heal|p2a: Under Pressure|60/100|[from] item: Leftovers
|upkeep
|turn|28
|
|t:|1743806610
|move|p2a: Under Pressure|Defog|p1a: Ting-Lu
|-unboost|p1a: Ting-Lu|evasion|1
|-sideend|p2: blip_exists|Stealth Rock|[from] move: Defog|[of] p2a: Under Pressure
|move|p1a: Ting-Lu|Ruination|p2a: Under Pressure
|-damage|p2a: Under Pressure|30/100
|
|-heal|p2a: Under Pressure|36/100|[from] item: Leftovers
|upkeep
|turn|29
|
|t:|1743806613
|move|p2a: Under Pressure|Thief|p1a: Ting-Lu
|-resisted|p1a: Ting-Lu
|-damage|p1a: Ting-Lu|84/100
|move|p1a: Ting-Lu|Whirlwind|p2a: Under Pressure
|drag|p2a: Dragon Attack|Dondozo, F|100/100
|
|upkeep
|turn|30
|
|t:|1743806615
|switch|p2a: Under Pressure|Corviknight, F|36/100
|-ability|p2a: Under Pressure|Pressure
|move|p1a: Ting-Lu|Stealth Rock|p2a: Under Pressure
|-sidestart|p2: blip_exists|move: Stealth Rock
|
|-heal|p2a: Under Pressure|43/100|[from] item: Leftovers
|upkeep
|turn|31
|
|t:|1743806618
|switch|p1a: Garganacl|Garganacl, M, shiny|85/100
|move|p2a: Under Pressure|Defog|p1a: Garganacl
|-unboost|p1a: Garganacl|evasion|1
|-sideend|p2: blip_exists|Stealth Rock|[from] move: Defog|[of] p2a: Under Pressure
|
|-heal|p2a: Under Pressure|49/100|[from] item: Leftovers
|upkeep
|turn|32
|
|t:|1743806621
|switch|p2a: Party|Amoonguss, M|100/100
|move|p1a: Garganacl|Iron Defense|p1a: Garganacl
|-boost|p1a: Garganacl|def|2
|
|upkeep
|turn|33
|
|t:|1743806625
|move|p1a: Garganacl|Salt Cure|p2a: Party
|-damage|p2a: Party|91/100
|-start|p2a: Party|Salt Cure
|move|p2a: Party|Giga Drain|p1a: Garganacl
|-supereffective|p1a: Garganacl
|-damage|p1a: Garganacl|57/100
|-heal|p2a: Party|100/100|[from] drain|[of] p1a: Garganacl
|
|-damage|p2a: Party|88/100|[from] Salt Cure
|upkeep
|turn|34
|
|t:|1743806630
|move|p1a: Garganacl|Iron Defense|p1a: Garganacl
|-boost|p1a: Garganacl|def|2
|move|p2a: Party|Giga Drain|p1a: Garganacl
|-supereffective|p1a: Garganacl
|-damage|p1a: Garganacl|26/100
|-heal|p2a: Party|100/100|[from] drain|[of] p1a: Garganacl
|
|-damage|p2a: Party|88/100|[from] Salt Cure
|upkeep
|turn|35
|
|t:|1743806633
|move|p1a: Garganacl|Recover|p1a: Garganacl
|-heal|p1a: Garganacl|76/100
|move|p2a: Party|Giga Drain|p1a: Garganacl
|-supereffective|p1a: Garganacl
|-damage|p1a: Garganacl|43/100
|-heal|p2a: Party|100/100|[from] drain|[of] p1a: Garganacl
|
|-damage|p2a: Party|88/100|[from] Salt Cure
|upkeep
|turn|36
|
|t:|1743806637
|move|p1a: Garganacl|Iron Defense|p1a: Garganacl
|-boost|p1a: Garganacl|def|2
|move|p2a: Party|Giga Drain|p1a: Garganacl
|-supereffective|p1a: Garganacl
|-damage|p1a: Garganacl|15/100
|-heal|p2a: Party|100/100|[from] drain|[of] p1a: Garganacl
|
|-damage|p2a: Party|88/100|[from] Salt Cure
|upkeep
|turn|37
|
|t:|1743806641
|move|p1a: Garganacl|Recover|p1a: Garganacl
|-heal|p1a: Garganacl|65/100
|move|p2a: Party|Giga Drain|p1a: Garganacl
|-supereffective|p1a: Garganacl
|-damage|p1a: Garganacl|37/100
|-heal|p2a: Party|100/100|[from] drain|[of] p1a: Garganacl
|
|-damage|p2a: Party|88/100|[from] Salt Cure
|upkeep
|turn|38
|
|t:|1743806645
|move|p1a: Garganacl|Recover|p1a: Garganacl
|-heal|p1a: Garganacl|87/100
|move|p2a: Party|Giga Drain|p1a: Garganacl
|-supereffective|p1a: Garganacl
|-damage|p1a: Garganacl|58/100
|-heal|p2a: Party|100/100|[from] drain|[of] p1a: Garganacl
|
|-damage|p2a: Party|88/100|[from] Salt Cure
|upkeep
|turn|39
|
|t:|1743806649
|move|p1a: Garganacl|Recover|p1a: Garganacl
|-heal|p1a: Garganacl|100/100
|move|p2a: Party|Giga Drain|p1a: Garganacl
|-supereffective|p1a: Garganacl
|-damage|p1a: Garganacl|72/100
|-heal|p2a: Party|100/100|[from] drain|[of] p1a: Garganacl
|
|-damage|p2a: Party|88/100|[from] Salt Cure
|upkeep
|turn|40
|
|t:|1743806657
|move|p1a: Garganacl|Body Press|p2a: Party
|-resisted|p2a: Party
|-damage|p2a: Party|58/100
|move|p2a: Party|Giga Drain|p1a: Garganacl
|-supereffective|p1a: Garganacl
|-damage|p1a: Garganacl|42/100
|-heal|p2a: Party|72/100|[from] drain|[of] p1a: Garganacl
|
|-damage|p2a: Party|60/100|[from] Salt Cure
|upkeep
|turn|41
|
|t:|1743806661
|move|p1a: Garganacl|Body Press|p2a: Party
|-resisted|p2a: Party
|-damage|p2a: Party|25/100
|move|p2a: Party|Giga Drain|p1a: Garganacl
|-supereffective|p1a: Garganacl
|-damage|p1a: Garganacl|14/100
|-heal|p2a: Party|39/100|[from] drain|[of] p1a: Garganacl
|
|-damage|p2a: Party|26/100|[from] Salt Cure
|upkeep
|turn|42
|
|t:|1743806665
|switch|p2a: Dragon Attack|Dondozo, F|100/100
|move|p1a: Garganacl|Body Press|p2a: Dragon Attack
|-damage|p2a: Dragon Attack|90/100
|
|upkeep
|turn|43
|
|t:|1743806670
|switch|p2a: Party|Amoonguss, M|59/100
|-terastallize|p1a: Garganacl|Water
|move|p1a: Garganacl|Salt Cure|p2a: Party
|-damage|p2a: Party|50/100
|-start|p2a: Party|Salt Cure
|
|-damage|p2a: Party|38/100|[from] Salt Cure
|upkeep
|turn|44
|
|t:|1743806675
|switch|p1a: Weezing|Weezing-Galar, F, shiny|100/100
|-ability|p1a: Weezing|Neutralizing Gas
|move|p2a: Party|Giga Drain|p1a: Weezing
|-resisted|p1a: Weezing
|-damage|p1a: Weezing|85/100
|-heal|p2a: Party|44/100|[from] drain|[of] p1a: Weezing
|
|-damage|p2a: Party|32/100|[from] Salt Cure
|upkeep
|turn|45
|
|t:|1743806680
|switch|p2a: Killer Queen|Blissey, F|72/100
|move|p1a: Weezing|Strange Steam|p2a: Killer Queen
|-damage|p2a: Killer Queen|64/100
|
|upkeep
|turn|46
|
|t:|1743806685
|-end|p1a: Weezing|ability: Neutralizing Gas
|switch|p1a: Alomomola|Alomomola, M|100/100
|move|p2a: Killer Queen|Calm Mind|p2a: Killer Queen
|-boost|p2a: Killer Queen|spa|1
|-boost|p2a: Killer Queen|spd|1
|
|upkeep
|turn|47
|
|t:|1743806687
|switch|p2a: Party|Amoonguss, M|32/100
|move|p1a: Alomomola|Wish|p1a: Alomomola
|
|upkeep
|turn|48
|
|t:|1743806690
|move|p1a: Alomomola|Flip Turn|p2a: Party
|-resisted|p2a: Party
|-damage|p2a: Party|25/100
|
|t:|1743806692
|switch|p1a: Weezing|Weezing-Galar, F, shiny|85/100|[from] Flip Turn
|-ability|p1a: Weezing|Neutralizing Gas
|move|p2a: Party|Giga Drain|p1a: Weezing
|-resisted|p1a: Weezing
|-damage|p1a: Weezing|69/100
|-heal|p2a: Party|32/100|[from] drain|[of] p1a: Weezing
|
|-heal|p1a: Weezing|100/100|[from] move: Wish|[wisher] Alomomola
|upkeep
|turn|49
|
|t:|1743806703
|switch|p2a: Killer Queen|Blissey, F|64/100
|move|p1a: Weezing|Strange Steam|p2a: Killer Queen
|-damage|p2a: Killer Queen|55/100
|
|upkeep
|turn|50
|
|t:|1743806707
|-end|p1a: Weezing|ability: Neutralizing Gas
|switch|p1a: Garganacl|Garganacl, M, shiny, tera:Water|14/100
|move|p2a: Killer Queen|Seismic Toss|p1a: Garganacl
|-damage|p1a: Garganacl|0 fnt
|faint|p1a: Garganacl
|
|upkeep
|c|☆Dr. Drake6782|oh nah
|c|☆Dr. Drake6782|Im cooked
|
|t:|1743806719
|switch|p1a: Zamazenta|Zamazenta|100/100
|-ability|p1a: Zamazenta|Dauntless Shield|boost
|-boost|p1a: Zamazenta|def|1
|turn|51
|c|☆blip_exists|where theres a gweezy theres a way
|
|t:|1743806730
|switch|p2a: Great King Rat|Gliscor, F|86/100 tox
|move|p1a: Zamazenta|Close Combat|p2a: Great King Rat
|-resisted|p2a: Great King Rat
|-damage|p2a: Great King Rat|69/100 tox
|-unboost|p1a: Zamazenta|def|1
|-unboost|p1a: Zamazenta|spd|1
|
|-heal|p2a: Great King Rat|81/100 tox|[from] ability: Poison Heal
|upkeep
|turn|52
|
|t:|1743806732
|switch|p1a: Weezing|Weezing-Galar, F, shiny|100/100
|-ability|p1a: Weezing|Neutralizing Gas
|move|p2a: Great King Rat|Toxic|p1a: Weezing
|-immune|p1a: Weezing
|
|-damage|p2a: Great King Rat|69/100 tox|[from] psn
|upkeep
|turn|53
|
|t:|1743806742
|switch|p2a: Killer Queen|Blissey, F|55/100
|move|p1a: Weezing|Will-O-Wisp|p2a: Killer Queen|[miss]
|-miss|p1a: Weezing|p2a: Killer Queen
|
|upkeep
|turn|54
|
|t:|1743806748
|-end|p1a: Weezing|ability: Neutralizing Gas
|switch|p1a: Zamazenta|Zamazenta|100/100
|move|p2a: Killer Queen|Calm Mind|p2a: Killer Queen
|-boost|p2a: Killer Queen|spa|1
|-boost|p2a: Killer Queen|spd|1
|
|upkeep
|turn|55
|c|☆Dr. Drake6782|im losing way too much pp
|
|t:|1743806756
|switch|p2a: Party|Amoonguss, M|32/100
|move|p1a: Zamazenta|Stone Edge|p2a: Party
|-damage|p2a: Party|7/100
|
|upkeep
|turn|56
|
|t:|1743806761
|switch|p1a: Weezing|Weezing-Galar, F, shiny|100/100
|-ability|p1a: Weezing|Neutralizing Gas
|switch|p2a: Great King Rat|Gliscor, F|69/100 tox
|
|-damage|p2a: Great King Rat|62/100 tox|[from] psn
|upkeep
|turn|57
|
|t:|1743806768
|switch|p2a: Killer Queen|Blissey, F|55/100
|move|p1a: Weezing|Strange Steam|p2a: Killer Queen
|-damage|p2a: Killer Queen|47/100
|
|upkeep
|turn|58
|
|t:|1743806770
|-end|p1a: Weezing|ability: Neutralizing Gas
|switch|p1a: Zamazenta|Zamazenta|100/100
|move|p2a: Killer Queen|Shadow Ball|p1a: Zamazenta
|-damage|p1a: Zamazenta|87/100
|
|-heal|p1a: Zamazenta|93/100|[from] item: Leftovers
|upkeep
|turn|59
|
|t:|1743806777
|switch|p2a: Dragon Attack|Dondozo, F|90/100
|move|p1a: Zamazenta|Close Combat|p2a: Dragon Attack
|-damage|p2a: Dragon Attack|64/100
|-unboost|p1a: Zamazenta|def|1
|-unboost|p1a: Zamazenta|spd|1
|
|-heal|p1a: Zamazenta|99/100|[from] item: Leftovers
|upkeep
|turn|60
|
|t:|1743806781
|move|p1a: Zamazenta|Close Combat|p2a: Dragon Attack
|-damage|p2a: Dragon Attack|36/100
|-unboost|p1a: Zamazenta|def|1
|-unboost|p1a: Zamazenta|spd|1
|move|p2a: Dragon Attack|Waterfall|p1a: Zamazenta
|-damage|p1a: Zamazenta|74/100
|
|-heal|p1a: Zamazenta|80/100|[from] item: Leftovers
|upkeep
|turn|61
|
|t:|1743806785
|switch|p1a: Kyurem|Kyurem, shiny|100/100
|-ability|p1a: Kyurem|Pressure
|move|p2a: Dragon Attack|Rest|p2a: Dragon Attack
|-status|p2a: Dragon Attack|slp|[from] move: Rest
|-heal|p2a: Dragon Attack|100/100 slp|[silent]
|
|upkeep
|turn|62
|
|t:|1743806789
|switch|p2a: Killer Queen|Blissey, F|47/100
|move|p1a: Kyurem|Freeze-Dry|p2a: Killer Queen
|-damage|p2a: Killer Queen|35/100
|-status|p2a: Killer Queen|frz
|
|upkeep
|turn|63
|
|t:|1743806792
|switch|p1a: Weezing|Weezing-Galar, F, shiny|100/100
|-ability|p1a: Weezing|Neutralizing Gas
|-curestatus|p2a: Killer Queen|frz|[msg]
|move|p2a: Killer Queen|Soft-Boiled|p2a: Killer Queen
|-heal|p2a: Killer Queen|85/100
|
|upkeep
|turn|64
|c|☆Dr. Drake6782|:sob:
|
|t:|1743806806
|switch|p2a: Party|Amoonguss, M|7/100
|move|p1a: Weezing|Will-O-Wisp|p2a: Party
|-status|p2a: Party|brn
|
|-damage|p2a: Party|0 fnt|[from] brn
|faint|p2a: Party
|upkeep
|c|☆Dr. Drake6782|WWW
|
|t:|1743806813
|switch|p2a: Killer Queen|Blissey, F|85/100
|turn|65
|inactive|Dr. Drake6782 has 270 seconds left.
|inactive|Dr. Drake6782 has 240 seconds left.
|
|t:|1743806900
|move|p1a: Weezing|Pain Split|p2a: Killer Queen
|-sethp|p2a: Killer Queen|68/100|[from] move: Pain Split|[silent]
|-sethp|p1a: Weezing|100/100|[from] move: Pain Split
|move|p2a: Killer Queen|Seismic Toss|p1a: Weezing
|-damage|p1a: Weezing|71/100
|
|upkeep
|turn|66
|
|t:|1743806905
|move|p1a: Weezing|Pain Split|p2a: Killer Queen
|-sethp|p2a: Killer Queen|52/100|[from] move: Pain Split|[silent]
|-sethp|p1a: Weezing|100/100|[from] move: Pain Split
|move|p2a: Killer Queen|Calm Mind|p2a: Killer Queen
|-boost|p2a: Killer Queen|spa|1
|-boost|p2a: Killer Queen|spd|1
|
|upkeep
|turn|67
|
|t:|1743806911
|-end|p1a: Weezing|ability: Neutralizing Gas
|switch|p1a: Zamazenta|Zamazenta|80/100
|move|p2a: Killer Queen|Shadow Ball|p1a: Zamazenta
|-damage|p1a: Zamazenta|61/100
|
|-heal|p1a: Zamazenta|67/100|[from] item: Leftovers
|upkeep
|turn|68
|
|t:|1743806914
|switch|p2a: Dragon Attack|Dondozo, F|100/100 slp
|move|p1a: Zamazenta|Close Combat|p2a: Dragon Attack
|-damage|p2a: Dragon Attack|74/100 slp
|-unboost|p1a: Zamazenta|def|1
|-unboost|p1a: Zamazenta|spd|1
|
|-heal|p1a: Zamazenta|73/100|[from] item: Leftovers
|upkeep
|turn|69
|
|t:|1743806918
|move|p1a: Zamazenta|Close Combat|p2a: Dragon Attack
|-damage|p2a: Dragon Attack|46/100 slp
|-unboost|p1a: Zamazenta|def|1
|-unboost|p1a: Zamazenta|spd|1
|cant|p2a: Dragon Attack|slp
|move|p2a: Dragon Attack|Sleep Talk|p2a: Dragon Attack
|move|p2a: Dragon Attack|Rest||[from] move: Sleep Talk|[still]
|-fail|p2a: Dragon Attack
|
|-heal|p1a: Zamazenta|80/100|[from] item: Leftovers
|upkeep
|turn|70
|
|t:|1743806922
|switch|p2a: Under Pressure|Corviknight, F|49/100
|-ability|p2a: Under Pressure|Pressure
|move|p1a: Zamazenta|Close Combat|p2a: Under Pressure
|-damage|p2a: Under Pressure|0 fnt
|-unboost|p1a: Zamazenta|def|1
|-unboost|p1a: Zamazenta|spd|1
|faint|p2a: Under Pressure
|
|-heal|p1a: Zamazenta|86/100|[from] item: Leftovers
|upkeep
|
|t:|1743806925
|switch|p2a: Dragon Attack|Dondozo, F|46/100 slp
|turn|71
|
|t:|1743806927
|move|p1a: Zamazenta|Close Combat|p2a: Dragon Attack
|-damage|p2a: Dragon Attack|18/100 slp
|-unboost|p1a: Zamazenta|def|1
|-unboost|p1a: Zamazenta|spd|1
|cant|p2a: Dragon Attack|slp
|move|p2a: Dragon Attack|Sleep Talk|p2a: Dragon Attack
|move|p2a: Dragon Attack|Body Press|p1a: Zamazenta|[from] move: Sleep Talk
|-damage|p1a: Zamazenta|60/100
|
|-heal|p1a: Zamazenta|66/100|[from] item: Leftovers
|upkeep
|turn|72
|
|t:|1743806932
|move|p1a: Zamazenta|Stone Edge|p2a: Dragon Attack
|-crit|p2a: Dragon Attack
|-damage|p2a: Dragon Attack|0 fnt
|faint|p2a: Dragon Attack
|
|-heal|p1a: Zamazenta|72/100|[from] item: Leftovers
|upkeep
|c|☆Dr. Drake6782|WWWW
|
|t:|1743806935
|switch|p2a: Great King Rat|Gliscor, F|62/100 tox
|turn|73
|
|t:|1743806938
|switch|p1a: Weezing|Weezing-Galar, F, shiny|100/100
|-ability|p1a: Weezing|Neutralizing Gas
|move|p2a: Great King Rat|Toxic|p1a: Weezing
|-immune|p1a: Weezing
|
|-damage|p2a: Great King Rat|56/100 tox|[from] psn
|upkeep
|turn|74
|c|☆blip_exists|ggs
|c|☆Dr. Drake6782|ggs
|
|t:|1743806946
|switch|p2a: Killer Queen|Blissey, F|52/100
|move|p1a: Weezing|Strange Steam|p2a: Killer Queen
|-crit|p2a: Killer Queen
|-damage|p2a: Killer Queen|39/100
|
|upkeep
|turn|75
|
|t:|1743806949
|-end|p1a: Weezing|ability: Neutralizing Gas
|switch|p1a: Zamazenta|Zamazenta|72/100
|move|p2a: Killer Queen|Seismic Toss|p1a: Zamazenta
|-damage|p1a: Zamazenta|41/100
|
|-heal|p1a: Zamazenta|47/100|[from] item: Leftovers
|upkeep
|turn|76
|
|t:|1743806951
|switch|p2a: Great King Rat|Gliscor, F|56/100 tox
|move|p1a: Zamazenta|Heavy Slam|p2a: Great King Rat
|-damage|p2a: Great King Rat|37/100 tox
|
|-heal|p1a: Zamazenta|53/100|[from] item: Leftovers
|-heal|p2a: Great King Rat|50/100 tox|[from] ability: Poison Heal
|upkeep
|turn|77
|
|t:|1743806954
|switch|p1a: Weezing|Weezing-Galar, F, shiny|100/100
|-ability|p1a: Weezing|Neutralizing Gas
|switch|p2a: Killer Queen|Blissey, F|39/100
|
|upkeep
|turn|78
|
|t:|1743806961
|move|p1a: Weezing|Strange Steam|p2a: Killer Queen|[miss]
|-miss|p1a: Weezing|p2a: Killer Queen
|move|p2a: Killer Queen|Seismic Toss|p1a: Weezing
|-damage|p1a: Weezing|71/100
|
|upkeep
|turn|79
|
|t:|1743806963
|move|p1a: Weezing|Strange Steam|p2a: Killer Queen
|-damage|p2a: Killer Queen|31/100
|move|p2a: Killer Queen|Seismic Toss|p1a: Weezing
|-damage|p1a: Weezing|41/100
|
|upkeep
|turn|80
|
|t:|1743806967
|move|p1a: Weezing|Pain Split|p2a: Killer Queen
|-sethp|p2a: Killer Queen|26/100|[from] move: Pain Split|[silent]
|-sethp|p1a: Weezing|50/100|[from] move: Pain Split
|move|p2a: Killer Queen|Seismic Toss|p1a: Weezing
|-damage|p1a: Weezing|20/100
|
|upkeep
|turn|81
|
|t:|1743806971
|move|p1a: Weezing|Pain Split|p2a: Killer Queen
|-sethp|p2a: Killer Queen|18/100|[from] move: Pain Split|[silent]
|-sethp|p1a: Weezing|35/100|[from] move: Pain Split
|move|p2a: Killer Queen|Calm Mind|p2a: Killer Queen
|-boost|p2a: Killer Queen|spa|1
|-boost|p2a: Killer Queen|spd|1
|
|upkeep
|turn|82
|
|t:|1743806979
|-end|p1a: Weezing|ability: Neutralizing Gas
|switch|p1a: Zamazenta|Zamazenta|53/100
|move|p2a: Killer Queen|Soft-Boiled|p2a: Killer Queen
|-heal|p2a: Killer Queen|68/100
|
|-heal|p1a: Zamazenta|60/100|[from] item: Leftovers
|upkeep
|turn|83
|
|t:|1743806986
|switch|p1a: Weezing|Weezing-Galar, F, shiny|35/100
|-ability|p1a: Weezing|Neutralizing Gas
|switch|p2a: Great King Rat|Gliscor, F|50/100 tox
|
|-damage|p2a: Great King Rat|43/100 tox|[from] psn
|upkeep
|turn|84
|
|t:|1743806990
|switch|p2a: Killer Queen|Blissey, F|68/100
|move|p1a: Weezing|Pain Split|p2a: Killer Queen
|-sethp|p2a: Killer Queen|43/100|[from] move: Pain Split|[silent]
|-sethp|p1a: Weezing|84/100|[from] move: Pain Split
|
|upkeep
|turn|85
|
|t:|1743806993
|-end|p1a: Weezing|ability: Neutralizing Gas
|switch|p1a: Zamazenta|Zamazenta|60/100
|move|p2a: Killer Queen|Seismic Toss|p1a: Zamazenta
|-damage|p1a: Zamazenta|29/100
|
|-heal|p1a: Zamazenta|35/100|[from] item: Leftovers
|upkeep
|turn|86
|
|t:|1743806997
|switch|p2a: Great King Rat|Gliscor, F|43/100 tox
|move|p1a: Zamazenta|Stone Edge|p2a: Great King Rat
|-damage|p2a: Great King Rat|23/100 tox
|
|-heal|p1a: Zamazenta|41/100|[from] item: Leftovers
|-heal|p2a: Great King Rat|35/100 tox|[from] ability: Poison Heal
|upkeep
|turn|87
|
|t:|1743807002
|switch|p1a: Weezing|Weezing-Galar, F, shiny|84/100
|-ability|p1a: Weezing|Neutralizing Gas
|switch|p2a: Killer Queen|Blissey, F|43/100
|
|upkeep
|turn|88
|
|t:|1743807011
|-end|p1a: Weezing|ability: Neutralizing Gas
|switch|p1a: Zamazenta|Zamazenta|41/100
|move|p2a: Killer Queen|Seismic Toss|p1a: Zamazenta
|-damage|p1a: Zamazenta|10/100
|
|-heal|p1a: Zamazenta|16/100|[from] item: Leftovers
|upkeep
|turn|89
|
|t:|1743807015
|switch|p2a: Great King Rat|Gliscor, F|35/100 tox
|move|p1a: Zamazenta|Stone Edge|p2a: Great King Rat|[miss]
|-miss|p1a: Zamazenta|p2a: Great King Rat
|
|-heal|p1a: Zamazenta|23/100|[from] item: Leftovers
|-heal|p2a: Great King Rat|48/100 tox|[from] ability: Poison Heal
|upkeep
|turn|90
|
|t:|1743807019
|move|p1a: Zamazenta|Stone Edge|p2a: Great King Rat
|-damage|p2a: Great King Rat|27/100 tox
|move|p2a: Great King Rat|Knock Off|p1a: Zamazenta
|-resisted|p1a: Zamazenta
|-damage|p1a: Zamazenta|13/100
|-enditem|p1a: Zamazenta|Leftovers|[from] move: Knock Off|[of] p2a: Great King Rat
|
|-heal|p2a: Great King Rat|39/100 tox|[from] ability: Poison Heal
|upkeep
|turn|91
|
|t:|1743807023
|switch|p1a: Weezing|Weezing-Galar, F, shiny|84/100
|-ability|p1a: Weezing|Neutralizing Gas
|switch|p2a: Someone to Love|Clefable, F|48/100
|
|-damage|p2a: Someone to Love|36/100|[from] item: Sticky Barb
|upkeep
|turn|92
|
|t:|1743807030
|move|p1a: Weezing|Strange Steam|p2a: Someone to Love
|-damage|p2a: Someone to Love|10/100
|move|p2a: Someone to Love|Moonlight|p2a: Someone to Love
|-heal|p2a: Someone to Love|60/100
|
|-damage|p2a: Someone to Love|47/100|[from] item: Sticky Barb
|upkeep
|turn|93
|
|t:|1743807041
|move|p1a: Weezing|Strange Steam|p2a: Someone to Love
|-damage|p2a: Someone to Love|22/100
|move|p2a: Someone to Love|Moonlight|p2a: Someone to Love
|-heal|p2a: Someone to Love|72/100
|
|-damage|p2a: Someone to Love|60/100|[from] item: Sticky Barb
|upkeep
|turn|94
|c|☆blip_exists|advice: wisp clef
|
|t:|1743807049
|switch|p2a: Killer Queen|Blissey, F|43/100
|move|p1a: Weezing|Will-O-Wisp|p2a: Killer Queen
|-status|p2a: Killer Queen|brn
|
|-damage|p2a: Killer Queen|37/100 brn|[from] brn
|upkeep
|turn|95
|c|☆blip_exists|and blissey
|c|☆Dr. Drake6782|oh lol
|c|☆blip_exists|to save pp
|
|t:|1743807060
|-end|p1a: Weezing|ability: Neutralizing Gas
|switch|p1a: Kyurem|Kyurem, shiny|100/100
|-ability|p1a: Kyurem|Pressure
|move|p2a: Killer Queen|Soft-Boiled|p2a: Killer Queen
|-heal|p2a: Killer Queen|87/100 brn
|
|-damage|p2a: Killer Queen|81/100 brn|[from] brn
|upkeep
|turn|96
|c|☆Dr. Drake6782|yeah
|
|t:|1743807067
|move|p1a: Kyurem|Ice Beam|p2a: Killer Queen
|-damage|p2a: Killer Queen|67/100 brn
|move|p2a: Killer Queen|Seismic Toss|p1a: Kyurem
|-damage|p1a: Kyurem|75/100
|
|-damage|p2a: Killer Queen|60/100 brn|[from] brn
|upkeep
|turn|97
|c|☆blip_exists|and be more risky with your breakers
|c|☆blip_exists|cause you have mola
|
|t:|1743807078
|switch|p1a: Alomomola|Alomomola, M|100/100
|move|p2a: Killer Queen|Calm Mind|p2a: Killer Queen
|-boost|p2a: Killer Queen|spa|1
|-boost|p2a: Killer Queen|spd|1
|
|-damage|p2a: Killer Queen|54/100 brn|[from] brn
|upkeep
|turn|98
|c|☆Dr. Drake6782|yeah
|
|t:|1743807081
|-curestatus|p2a: Killer Queen|brn|[from] ability: Natural Cure
|switch|p2a: Great King Rat|Gliscor, F|39/100 tox
|move|p1a: Alomomola|Wish|p1a: Alomomola
|
|-heal|p2a: Great King Rat|52/100 tox|[from] ability: Poison Heal
|upkeep
|turn|99
|
|t:|1743807086
|move|p2a: Great King Rat|Knock Off|p1a: Alomomola
|-damage|p1a: Alomomola|88/100
|-enditem|p1a: Alomomola|Heavy-Duty Boots|[from] move: Knock Off|[of] p2a: Great King Rat
|move|p1a: Alomomola|Flip Turn|p2a: Great King Rat
|-supereffective|p2a: Great King Rat
|-damage|p2a: Great King Rat|31/100 tox
|
|t:|1743807089
|switch|p1a: Zamazenta|Zamazenta|13/100|[from] Flip Turn
|
|-heal|p1a: Zamazenta|86/100|[from] move: Wish|[wisher] Alomomola
|-heal|p2a: Great King Rat|44/100 tox|[from] ability: Poison Heal
|upkeep
|turn|100
|
|t:|1743807094
|switch|p1a: Kyurem|Kyurem, shiny|75/100
|-ability|p1a: Kyurem|Pressure
|move|p2a: Great King Rat|Toxic|p1a: Kyurem|[miss]
|-miss|p2a: Great King Rat|p1a: Kyurem
|
|-heal|p2a: Great King Rat|56/100 tox|[from] ability: Poison Heal
|upkeep
|turn|101
|
|t:|1743807097
|switch|p2a: Killer Queen|Blissey, F|54/100
|move|p1a: Kyurem|Ice Beam|p2a: Killer Queen
|-damage|p2a: Killer Queen|40/100
|
|upkeep
|turn|102
|
|t:|1743807099
|move|p1a: Kyurem|Ice Beam|p2a: Killer Queen
|-damage|p2a: Killer Queen|26/100
|move|p2a: Killer Queen|Seismic Toss|p1a: Kyurem
|-damage|p1a: Kyurem|49/100
|
|upkeep
|turn|103
|
|t:|1743807101
|move|p1a: Kyurem|Ice Beam|p2a: Killer Queen
|-damage|p2a: Killer Queen|10/100
|move|p2a: Killer Queen|Soft-Boiled|p2a: Killer Queen
|-heal|p2a: Killer Queen|60/100
|
|upkeep
|turn|104
|
|t:|1743807103
|move|p1a: Kyurem|Ice Beam|p2a: Killer Queen
|-damage|p2a: Killer Queen|45/100
|-status|p2a: Killer Queen|frz
|cant|p2a: Killer Queen|frz
|
|upkeep
|turn|105
|
|t:|1743807106
|switch|p1a: Weezing|Weezing-Galar, F, shiny|84/100
|-ability|p1a: Weezing|Neutralizing Gas
|cant|p2a: Killer Queen|frz
|
|upkeep
|turn|106
|
|t:|1743807117
|move|p1a: Weezing|Strange Steam|p2a: Killer Queen|[miss]
|-miss|p1a: Weezing|p2a: Killer Queen
|cant|p2a: Killer Queen|frz
|
|upkeep
|turn|107
|
|t:|1743807120
|move|p1a: Weezing|Strange Steam|p2a: Killer Queen
|-damage|p2a: Killer Queen|37/100 frz
|-curestatus|p2a: Killer Queen|frz|[msg]
|move|p2a: Killer Queen|Seismic Toss|p1a: Weezing
|-damage|p1a: Weezing|54/100
|
|upkeep
|turn|108
|
|t:|1743807125
|-end|p1a: Weezing|ability: Neutralizing Gas
|switch|p1a: Ting-Lu|Ting-Lu|84/100
|-ability|p1a: Ting-Lu|Vessel of Ruin
|move|p2a: Killer Queen|Seismic Toss|p1a: Ting-Lu
|-damage|p1a: Ting-Lu|65/100
|
|upkeep
|turn|109
|
|t:|1743807128
|switch|p2a: Great King Rat|Gliscor, F|56/100 tox
|move|p1a: Ting-Lu|Stealth Rock|p2a: Great King Rat
|-sidestart|p2: blip_exists|move: Stealth Rock
|
|-heal|p2a: Great King Rat|69/100 tox|[from] ability: Poison Heal
|upkeep
|turn|110
|
|t:|1743807134
|switch|p1a: Weezing|Weezing-Galar, F, shiny|54/100
|-ability|p1a: Weezing|Neutralizing Gas
|move|p2a: Great King Rat|Spikes|p1a: Weezing
|-sidestart|p1: Dr. Drake6782|Spikes
|
|-damage|p2a: Great King Rat|56/100 tox|[from] psn
|upkeep
|turn|111
|
|t:|1743807144
|switch|p2a: Killer Queen|Blissey, F|37/100
|move|p1a: Weezing|Pain Split|p2a: Killer Queen
|-sethp|p2a: Killer Queen|32/100|[from] move: Pain Split|[silent]
|-sethp|p1a: Weezing|63/100|[from] move: Pain Split
|
|upkeep
|turn|112
|
|t:|1743807148
|move|p1a: Weezing|Will-O-Wisp|p2a: Killer Queen|[miss]
|-miss|p1a: Weezing|p2a: Killer Queen
|move|p2a: Killer Queen|Seismic Toss|p1a: Weezing
|-damage|p1a: Weezing|33/100
|
|upkeep
|turn|113
|
|t:|1743807150
|move|p1a: Weezing|Will-O-Wisp|p2a: Killer Queen
|-status|p2a: Killer Queen|brn
|move|p2a: Killer Queen|Seismic Toss|p1a: Weezing
|-damage|p1a: Weezing|3/100
|
|-damage|p2a: Killer Queen|26/100 brn|[from] brn
|upkeep
|turn|114
|
|t:|1743807162
|-end|p1a: Weezing|ability: Neutralizing Gas
|switch|p1a: Zamazenta|Zamazenta|86/100
|-damage|p1a: Zamazenta|74/100|[from] Spikes
|move|p2a: Killer Queen|Seismic Toss|p1a: Zamazenta
|-damage|p1a: Zamazenta|43/100
|
|-damage|p2a: Killer Queen|20/100 brn|[from] brn
|upkeep
|turn|115
|
|t:|1743807173
|-curestatus|p2a: Killer Queen|brn|[from] ability: Natural Cure
|switch|p2a: Great King Rat|Gliscor, F|56/100 tox
|-damage|p2a: Great King Rat|44/100 tox|[from] Stealth Rock
|move|p1a: Zamazenta|Heavy Slam|p2a: Great King Rat
|-damage|p2a: Great King Rat|26/100 tox
|
|-heal|p2a: Great King Rat|38/100 tox|[from] ability: Poison Heal
|upkeep
|turn|116
|
|t:|1743807178
|switch|p1a: Alomomola|Alomomola, M|100/100
|-damage|p1a: Alomomola|88/100|[from] Spikes
|move|p2a: Great King Rat|Knock Off|p1a: Alomomola
|-damage|p1a: Alomomola|79/100
|
|-heal|p2a: Great King Rat|51/100 tox|[from] ability: Poison Heal
|upkeep
|turn|117
|
|t:|1743807179
|move|p2a: Great King Rat|Toxic|p1a: Alomomola
|-status|p1a: Alomomola|tox
|move|p1a: Alomomola|Wish|p1a: Alomomola
|
|-heal|p2a: Great King Rat|63/100 tox|[from] ability: Poison Heal
|-damage|p1a: Alomomola|73/100 tox|[from] psn
|upkeep
|turn|118
|
|t:|1743807182
|move|p2a: Great King Rat|Protect|p2a: Great King Rat
|-singleturn|p2a: Great King Rat|Protect
|move|p1a: Alomomola|Flip Turn|p2a: Great King Rat
|-activate|p2a: Great King Rat|move: Protect
|
|-heal|p1a: Alomomola|100/100 tox|[from] move: Wish|[wisher] Alomomola
|-heal|p2a: Great King Rat|76/100 tox|[from] ability: Poison Heal
|-damage|p1a: Alomomola|88/100 tox|[from] psn
|upkeep
|turn|119
|
|t:|1743807185
|move|p2a: Great King Rat|Spikes|p1a: Alomomola
|-sidestart|p1: Dr. Drake6782|Spikes
|move|p1a: Alomomola|Wish|p1a: Alomomola
|
|-heal|p2a: Great King Rat|88/100 tox|[from] ability: Poison Heal
|-damage|p1a: Alomomola|70/100 tox|[from] psn
|upkeep
|turn|120
|
|t:|1743807188
|move|p2a: Great King Rat|Knock Off|p1a: Alomomola
|-damage|p1a: Alomomola|62/100 tox
|move|p1a: Alomomola|Flip Turn|p2a: Great King Rat
|-supereffective|p2a: Great King Rat
|-damage|p2a: Great King Rat|68/100 tox
|
|t:|1743807195
|switch|p1a: Weezing|Weezing-Galar, F, shiny|3/100|[from] Flip Turn
|-ability|p1a: Weezing|Neutralizing Gas
|-damage|p1a: Weezing|0 fnt|[from] Spikes
|faint|p1a: Weezing
|-end|p1a: Weezing|ability: Neutralizing Gas
|
|-heal|p2a: Great King Rat|80/100 tox|[from] ability: Poison Heal
|upkeep
|c|☆blip_exists|:3
|c|☆Dr. Drake6782|oh
|c|☆Dr. Drake6782|so I just lose
|c|☆Dr. Drake6782|lol
|c|☆blip_exists|maybe
|
|t:|1743807215
|switch|p1a: Kyurem|Kyurem, shiny|49/100
|-damage|p1a: Kyurem|33/100|[from] Spikes
|-ability|p1a: Kyurem|Pressure
|turn|121
|c|☆Dr. Drake6782|no I lose
|
|t:|1743807221
|move|p2a: Great King Rat|Protect|p2a: Great King Rat
|-singleturn|p2a: Great King Rat|Protect
|move|p1a: Kyurem|Freeze-Dry|p2a: Great King Rat
|-activate|p2a: Great King Rat|move: Protect
|
|-heal|p2a: Great King Rat|93/100 tox|[from] ability: Poison Heal
|upkeep
|turn|122
|
|t:|1743807223
|-terastallize|p2a: Great King Rat|Steel
|move|p1a: Kyurem|Freeze-Dry|p2a: Great King Rat
|-resisted|p2a: Great King Rat
|-damage|p2a: Great King Rat|72/100 tox
|move|p2a: Great King Rat|Toxic|p1a: Kyurem
|-status|p1a: Kyurem|tox
|
|-damage|p1a: Kyurem|27/100 tox|[from] psn
|-heal|p2a: Great King Rat|84/100 tox|[from] ability: Poison Heal
|upkeep
|turn|123
|c|☆Dr. Drake6782|yeah lol
|
|t:|1743807230
|switch|p1a: Ting-Lu|Ting-Lu|65/100
|-damage|p1a: Ting-Lu|48/100|[from] Spikes
|-ability|p1a: Ting-Lu|Vessel of Ruin
|move|p2a: Great King Rat|Spikes|p1a: Ting-Lu
|-sidestart|p1: Dr. Drake6782|Spikes
|
|-heal|p2a: Great King Rat|97/100 tox|[from] ability: Poison Heal
|upkeep
|turn|124
|
|t:|1743807233
|move|p2a: Great King Rat|Toxic|p1a: Ting-Lu
|-status|p1a: Ting-Lu|tox
|move|p1a: Ting-Lu|Earthquake|p2a: Great King Rat
|-supereffective|p2a: Great King Rat
|-damage|p2a: Great King Rat|55/100 tox
|
|-heal|p2a: Great King Rat|68/100 tox|[from] ability: Poison Heal
|-damage|p1a: Ting-Lu|42/100 tox|[from] psn
|upkeep
|turn|125
|
|t:|1743807236
|move|p2a: Great King Rat|Protect|p2a: Great King Rat
|-singleturn|p2a: Great King Rat|Protect
|move|p1a: Ting-Lu|Whirlwind|p2a: Great King Rat
|drag|p2a: Killer Queen|Blissey, F|20/100
|
|-damage|p1a: Ting-Lu|30/100 tox|[from] psn
|upkeep
|turn|126
|
|t:|1743807241
|switch|p2a: Someone to Love|Clefable, F|60/100
|move|p1a: Ting-Lu|Earthquake|p2a: Someone to Love
|-damage|p2a: Someone to Love|33/100
|
|-damage|p1a: Ting-Lu|11/100 tox|[from] psn
|upkeep
|turn|127
|
|t:|1743807243
|move|p2a: Someone to Love|Moonlight|p2a: Someone to Love
|-heal|p2a: Someone to Love|83/100
|move|p1a: Ting-Lu|Earthquake|p2a: Someone to Love
|-crit|p2a: Someone to Love
|-damage|p2a: Someone to Love|43/100
|
|-damage|p1a: Ting-Lu|0 fnt|[from] psn
|faint|p1a: Ting-Lu
|upkeep
|
|t:|1743807250
|switch|p1a: Alomomola|Alomomola, M|95/100 tox
|-damage|p1a: Alomomola|70/100 tox|[from] Spikes
|turn|128
|
|t:|1743807255
|move|p2a: Someone to Love|Stealth Rock|p1a: Alomomola
|-sidestart|p1: Dr. Drake6782|move: Stealth Rock
|move|p1a: Alomomola|Wish|p1a: Alomomola
|
|-damage|p1a: Alomomola|64/100 tox|[from] psn
|upkeep
|turn|129
|c|☆Dr. Drake6782|yeah I play shit
|
|t:|1743807259
|move|p2a: Someone to Love|Moonlight|p2a: Someone to Love
|-heal|p2a: Someone to Love|93/100
|move|p1a: Alomomola|Flip Turn|p2a: Someone to Love
|-damage|p2a: Someone to Love|79/100
|
|t:|1743807261
|switch|p1a: Zamazenta|Zamazenta|43/100|[from] Flip Turn
|-damage|p1a: Zamazenta|18/100|[from] Spikes
|-damage|p1a: Zamazenta|12/100|[from] Stealth Rock
|
|-heal|p1a: Zamazenta|85/100|[from] move: Wish|[wisher] Alomomola
|upkeep
|turn|130
|
|t:|1743807267
|switch|p2a: Great King Rat|Gliscor, F, tera:Steel|68/100 tox
|-damage|p2a: Great King Rat|61/100 tox|[from] Stealth Rock
|move|p1a: Zamazenta|Heavy Slam|p2a: Great King Rat
|-resisted|p2a: Great King Rat
|-damage|p2a: Great King Rat|51/100 tox
|
|-heal|p2a: Great King Rat|63/100 tox|[from] ability: Poison Heal
|upkeep
|turn|131
|
|t:|1743807270
|move|p1a: Zamazenta|Crunch|p2a: Great King Rat
|-damage|p2a: Great King Rat|49/100 tox
|move|p2a: Great King Rat|Toxic|p1a: Zamazenta
|-status|p1a: Zamazenta|tox
|
|-damage|p1a: Zamazenta|79/100 tox|[from] psn
|-heal|p2a: Great King Rat|61/100 tox|[from] ability: Poison Heal
|upkeep
|turn|132
|-message|Dr. Drake6782 forfeited.
|
|win|blip_exists
|c|☆blip_exists|ggs
