|j|☆pepaul
|j|☆TheHiddenSnow
|t:|1743778326
|gametype|singles
|player|p1|pepaul|102|1241
|player|p2|TheHiddenSnow|170|1229
|teamsize|p1|6
|teamsize|p2|6
|gen|9
|tier|[Gen 9] OU
|rated|
|rule|HP Percentage Mod: HP is shown in percentages
|rule|Endless Battle Clause: Forcing endless battles is banned
|rule|Species Clause: Limit one of each Pokémon
|rule|OHKO Clause: OHKO moves are banned
|rule|Evasion Items Clause: Evasion items are banned
|rule|Evasion Moves Clause: Evasion moves are banned
|rule|Sleep Moves Clause: Sleep-inducing moves are banned
|clearpoke
|poke|p1|Cinderace, F|
|poke|p1|Iron Valiant|
|poke|p1|Gliscor, F|
|poke|p1|Gholdengo|
|poke|p1|Umbreon, F|
|poke|p1|Ogerpon-Wellspring, F|
|poke|p2|Iron Valiant|
|poke|p2|Torkoal, F|
|poke|p2|Walking Wake|
|poke|p2|Gholdengo|
|poke|p2|Scovillain, M|
|poke|p2|Ting-Lu|
|teampreview
|inactive|Battle timer is ON: inactive players will automatically lose when time's up. (requested by pepaul)
|
|t:|1743778336
|start
|switch|p1a: Umbreon|Umbreon, F|100/100
|switch|p2a: Torkoal|Torkoal, F|100/100
|-weather|SunnyDay|[from] ability: Drought|[of] p2a: Torkoal
|turn|1
|
|t:|1743778344
|move|p1a: Umbreon|Toxic|p2a: Torkoal
|-status|p2a: Torkoal|tox
|move|p2a: Torkoal|Stealth Rock|p1a: Umbreon
|-sidestart|p1: pepaul|move: Stealth Rock
|
|-weather|SunnyDay|[upkeep]
|-damage|p2a: Torkoal|94/100 tox|[from] psn
|upkeep
|turn|2
|
|t:|1743778354
|switch|p2a: Walking Wake|Walking Wake|100/100
|-activate|p2a: Walking Wake|ability: Protosynthesis
|-start|p2a: Walking Wake|protosynthesisspa
|move|p1a: Umbreon|Foul Play|p2a: Walking Wake
|-damage|p2a: Walking Wake|73/100
|
|-weather|SunnyDay|[upkeep]
|upkeep
|turn|3
|
|t:|1743778365
|move|p2a: Walking Wake|Hydro Steam|p1a: Umbreon
|-damage|p1a: Umbreon|42/100
|move|p1a: Umbreon|Toxic|p2a: Walking Wake
|-status|p2a: Walking Wake|tox
|
|-weather|SunnyDay|[upkeep]
|-damage|p2a: Walking Wake|67/100 tox|[from] psn
|upkeep
|turn|4
|
|t:|1743778370
|switch|p1a: Ogerpon|Ogerpon-Wellspring, F|100/100
|-damage|p1a: Ogerpon|88/100|[from] Stealth Rock
|move|p2a: Walking Wake|Hydro Steam|p1a: Ogerpon
|-heal|p1a: Ogerpon|100/100|[from] ability: Water Absorb|[of] p2a: Walking Wake
|
|-weather|SunnyDay|[upkeep]
|-damage|p2a: Walking Wake|54/100 tox|[from] psn
|upkeep
|turn|5
|
|t:|1743778381
|-end|p2a: Walking Wake|Protosynthesis|[silent]
|switch|p2a: Gholdengo|Gholdengo|100/100
|move|p1a: Ogerpon|U-turn|p2a: Gholdengo
|-resisted|p2a: Gholdengo
|-damage|p2a: Gholdengo|93/100
|
|t:|1743778386
|switch|p1a: Cinderace|Cinderace, F|100/100|[from] U-turn
|
|-weather|SunnyDay|[upkeep]
|upkeep
|turn|6
|
|t:|1743778413
|move|p2a: Gholdengo|Trick|p1a: Cinderace
|-activate|p2a: Gholdengo|move: Trick|[of] p1a: Cinderace
|-item|p1a: Cinderace|Choice Scarf|[from] move: Trick
|-item|p2a: Gholdengo|Heavy-Duty Boots|[from] move: Trick
|move|p1a: Cinderace|Pyro Ball|p2a: Gholdengo
|-supereffective|p2a: Gholdengo
|-damage|p2a: Gholdengo|0 fnt
|faint|p2a: Gholdengo
|
|-weather|SunnyDay|[upkeep]
|upkeep
|inactive|TheHiddenSnow has 120 seconds left.
|
|t:|1743778428
|switch|p2a: Walking Wake|Walking Wake|54/100 tox
|-activate|p2a: Walking Wake|ability: Protosynthesis
|-start|p2a: Walking Wake|protosynthesisspa
|turn|7
|
|t:|1743778440
|switch|p1a: Umbreon|Umbreon, F|42/100
|move|p2a: Walking Wake|Draco Meteor|p1a: Umbreon
|-damage|p1a: Umbreon|0 fnt
|-unboost|p2a: Walking Wake|spa|2
|faint|p1a: Umbreon
|
|-weather|SunnyDay|[upkeep]
|-damage|p2a: Walking Wake|48/100 tox|[from] psn
|upkeep
|
|t:|1743778450
|switch|p1a: Ogerpon|Ogerpon-Wellspring, F|100/100
|-damage|p1a: Ogerpon|88/100|[from] Stealth Rock
|turn|8
|
|t:|1743778459
|-end|p2a: Walking Wake|Protosynthesis|[silent]
|switch|p2a: Scovillain|Scovillain, M|100/100
|move|p1a: Ogerpon|Ivy Cudgel|p2a: Scovillain|[anim] Ivy Cudgel Water
|-damage|p2a: Scovillain|45/100
|
|-weather|none
|upkeep
|turn|9
|
|t:|1743778468
|switch|p2a: Torkoal|Torkoal, F|94/100 tox
|-weather|SunnyDay|[from] ability: Drought|[of] p2a: Torkoal
|move|p1a: Ogerpon|U-turn|p2a: Torkoal
|-resisted|p2a: Torkoal
|-damage|p2a: Torkoal|86/100 tox
|
|t:|1743778475
|switch|p1a: Cinderace|Cinderace, F|100/100|[from] U-turn
|-damage|p1a: Cinderace|76/100|[from] Stealth Rock
|
|-weather|SunnyDay|[upkeep]
|-damage|p2a: Torkoal|80/100 tox|[from] psn
|upkeep
|turn|10
|
|t:|1743778494
|move|p1a: Cinderace|Pyro Ball|p2a: Torkoal
|-resisted|p2a: Torkoal
|-damage|p2a: Torkoal|55/100 tox
|move|p2a: Torkoal|Body Press|p1a: Cinderace
|-damage|p1a: Cinderace|28/100
|
|-weather|SunnyDay|[upkeep]
|-damage|p2a: Torkoal|42/100 tox|[from] psn
|upkeep
|turn|11
|
|t:|1743778503
|switch|p1a: Gholdengo|Gholdengo|100/100
|-damage|p1a: Gholdengo|94/100|[from] Stealth Rock
|move|p2a: Torkoal|Body Press|p1a: Gholdengo
|-immune|p1a: Gholdengo
|
|-weather|SunnyDay|[upkeep]
|-damage|p2a: Torkoal|24/100 tox|[from] psn
|upkeep
|turn|12
|
|t:|1743778515
|switch|p2a: Ting-Lu|Ting-Lu|100/100
|-ability|p2a: Ting-Lu|Vessel of Ruin
|move|p1a: Gholdengo|Shadow Ball|p2a: Ting-Lu
|-resisted|p2a: Ting-Lu
|-damage|p2a: Ting-Lu|92/100
|
|-weather|SunnyDay|[upkeep]
|-heal|p2a: Ting-Lu|98/100|[from] item: Leftovers
|upkeep
|turn|13
|
|t:|1743778529
|switch|p1a: Cinderace|Cinderace, F|28/100
|-damage|p1a: Cinderace|3/100|[from] Stealth Rock
|move|p2a: Ting-Lu|Ruination|p1a: Cinderace
|-damage|p1a: Cinderace|2/100
|
|-weather|SunnyDay|[upkeep]
|-heal|p2a: Ting-Lu|100/100|[from] item: Leftovers
|upkeep
|turn|14
|
|t:|1743778542
|move|p1a: Cinderace|Pyro Ball|p2a: Ting-Lu
|-damage|p2a: Ting-Lu|50/100
|move|p2a: Ting-Lu|Whirlwind|p1a: Cinderace
|drag|p1a: Ogerpon|Ogerpon-Wellspring, F|88/100
|-damage|p1a: Ogerpon|76/100|[from] Stealth Rock
|
|-weather|SunnyDay|[upkeep]
|-heal|p2a: Ting-Lu|56/100|[from] item: Leftovers
|upkeep
|turn|15
|
|t:|1743778559
|move|p1a: Ogerpon|Power Whip|p2a: Ting-Lu
|-supereffective|p2a: Ting-Lu
|-damage|p2a: Ting-Lu|0 fnt
|faint|p2a: Ting-Lu
|
|-weather|SunnyDay|[upkeep]
|upkeep
|
|t:|1743778565
|switch|p2a: Scovillain|Scovillain, M|45/100
|turn|16
|
|t:|1743778572
|switch|p1a: Cinderace|Cinderace, F|2/100
|-damage|p1a: Cinderace|0 fnt|[from] Stealth Rock
|faint|p1a: Cinderace
|move|p2a: Scovillain|Solar Beam||[still]
|-prepare|p2a: Scovillain|Solar Beam
|-anim|p2a: Scovillain|Solar Beam|p1: Cinderace|[notarget]
|-fail|p2a: Scovillain
|
|-weather|none
|upkeep
|
|t:|1743778585
|switch|p1a: Gholdengo|Gholdengo|94/100
|-damage|p1a: Gholdengo|88/100|[from] Stealth Rock
|turn|17
|
|t:|1743778593
|switch|p2a: Torkoal|Torkoal, F|24/100 tox
|-weather|SunnyDay|[from] ability: Drought|[of] p2a: Torkoal
|move|p1a: Gholdengo|Shadow Ball|p2a: Torkoal
|-damage|p2a: Torkoal|0 fnt
|faint|p2a: Torkoal
|
|-weather|SunnyDay|[upkeep]
|upkeep
|
|t:|1743778611
|switch|p2a: Scovillain|Scovillain, M|45/100
|turn|18
|
|t:|1743778621
|move|p2a: Scovillain|Flamethrower|p1a: Gholdengo
|-supereffective|p1a: Gholdengo
|-damage|p1a: Gholdengo|0 fnt
|faint|p1a: Gholdengo
|-damage|p2a: Scovillain|35/100|[from] item: Life Orb
|
|-weather|SunnyDay|[upkeep]
|upkeep
|
|t:|1743778623
|switch|p1a: Ogerpon|Ogerpon-Wellspring, F|76/100
|-damage|p1a: Ogerpon|64/100|[from] Stealth Rock
|turn|19
|
|t:|1743778636
|move|p2a: Scovillain|Solar Beam||[still]
|-prepare|p2a: Scovillain|Solar Beam
|-anim|p2a: Scovillain|Solar Beam|p1a: Ogerpon
|-damage|p1a: Ogerpon|0 fnt
|faint|p1a: Ogerpon
|-damage|p2a: Scovillain|25/100|[from] item: Life Orb
|
|-weather|SunnyDay|[upkeep]
|upkeep
|
|t:|1743778639
|switch|p1a: Gliscor|Gliscor, F|100/100
|-damage|p1a: Gliscor|88/100|[from] Stealth Rock
|turn|20
|
|t:|1743778648
|move|p2a: Scovillain|Solar Beam||[still]
|-prepare|p2a: Scovillain|Solar Beam
|-anim|p2a: Scovillain|Solar Beam|p1a: Gliscor
|-damage|p1a: Gliscor|0 fnt
|faint|p1a: Gliscor
|-damage|p2a: Scovillain|15/100|[from] item: Life Orb
|
|-weather|SunnyDay|[upkeep]
|upkeep
|
|t:|1743778651
|switch|p1a: Iron Valiant|Iron Valiant|100/100
|-damage|p1a: Iron Valiant|94/100|[from] Stealth Rock
|-enditem|p1a: Iron Valiant|Booster Energy
|-activate|p1a: Iron Valiant|ability: Quark Drive|[fromitem]
|-start|p1a: Iron Valiant|quarkdrivespe
|turn|21
|
|t:|1743778657
|move|p2a: Scovillain|Flamethrower|p1a: Iron Valiant
|-damage|p1a: Iron Valiant|0 fnt
|faint|p1a: Iron Valiant
|-end|p1a: Iron Valiant|Quark Drive|[silent]
|-damage|p2a: Scovillain|5/100|[from] item: Life Orb
|
|win|TheHiddenSnow
|raw|pepaul's rating: 1241 &rarr; <strong>1215</strong><br />(-26 for losing)
|raw|TheHiddenSnow's rating: 1229 &rarr; <strong>1255</strong><br />(+26 for winning)
|l|☆pepaul
|player|p1|
|l|☆TheHiddenSnow
|player|p2|
