|j|☆tohelpu
|j|☆Luda20
|t:|1743860528
|gametype|singles
|player|p1|tohelpu|1|1205
|player|p2|Luda20|266|1261
|teamsize|p1|6
|teamsize|p2|6
|gen|9
|tier|[Gen 9] OU
|rated|
|rule|HP Percentage Mod: HP is shown in percentages
|rule|Endless Battle Clause: Forcing endless battles is banned
|rule|Species Clause: Limit one of each Pokémon
|rule|OHKO Clause: OHKO moves are banned
|rule|Evasion Items Clause: Evasion items are banned
|rule|Evasion Moves Clause: Evasion moves are banned
|rule|Sleep Moves Clause: Sleep-inducing moves are banned
|clearpoke
|poke|p1|Reuniclus, F|
|poke|p1|Slither Wing|
|poke|p1|Jirachi|
|poke|p1|Primarina, F|
|poke|p1|Excadrill, F|
|poke|p1|Vikavolt, F|
|poke|p2|Meowscarada, F|
|poke|p2|Dragapult, M|
|poke|p2|Iron Crown|
|poke|p2|Corviknight, F|
|poke|p2|Primarina, M|
|poke|p2|Dragonite, M|
|teampreview
|inactive|Battle timer is ON: inactive players will automatically lose when time's up. (requested by Luda20)
|
|t:|1743860543
|start
|switch|p1a: Vikavolt|Vikavolt, F|100/100
|switch|p2a: Meowscarada|Meowscarada, F|100/100
|turn|1
|
|t:|1743860550
|move|p2a: Meowscarada|Knock Off|p1a: Vikavolt
|-start|p2a: Meowscarada|typechange|Dark|[from] ability: Protean
|-damage|p1a: Vikavolt|66/100
|-enditem|p1a: Vikavolt|Choice Specs|[from] move: Knock Off|[of] p2a: Meowscarada
|move|p1a: Vikavolt|Volt Switch|p2a: Meowscarada
|-damage|p2a: Meowscarada|43/100
|
|t:|1743860558
|switch|p1a: Slither Wing|Slither Wing|100/100|[from] Volt Switch
|
|upkeep
|turn|2
|
|t:|1743860565
|switch|p2a: Corviknight|Corviknight, F|100/100
|move|p1a: Slither Wing|U-turn|p2a: Corviknight
|-resisted|p2a: Corviknight
|-damage|p2a: Corviknight|93/100
|-damage|p1a: Slither Wing|84/100|[from] item: Rocky Helmet|[of] p2a: Corviknight
|
|t:|1743860576
|-end|p1a: Slither Wing|Protosynthesis|[silent]
|switch|p1a: Jirachi|Jirachi|100/100|[from] U-turn
|
|upkeep
|turn|3
|
|t:|1743860583
|switch|p2a: Primarina|Primarina, M|100/100
|move|p1a: Jirachi|Trick|p2a: Primarina
|-activate|p1a: Jirachi|move: Trick|[of] p2a: Primarina
|-item|p2a: Primarina|Choice Band|[from] move: Trick
|-item|p1a: Jirachi|Assault Vest|[from] move: Trick
|
|upkeep
|turn|4
|
|t:|1743860594
|move|p1a: Jirachi|Iron Head|p2a: Primarina
|-damage|p2a: Primarina|59/100
|cant|p2a: Primarina|flinch
|
|upkeep
|turn|5
|
|t:|1743860599
|move|p1a: Jirachi|U-turn|p2a: Primarina
|-resisted|p2a: Primarina
|-damage|p2a: Primarina|48/100
|
|t:|1743860605
|switch|p1a: Primarina|Primarina, F|100/100|[from] U-turn
|move|p2a: Primarina|Flip Turn|p1a: Primarina
|-resisted|p1a: Primarina
|-damage|p1a: Primarina|89/100
|
|t:|1743860622
|switch|p2a: Meowscarada|Meowscarada, F|43/100|[from] Flip Turn
|
|upkeep
|turn|6
|
|t:|1743860627
|switch|p1a: Slither Wing|Slither Wing|84/100
|move|p2a: Meowscarada|U-turn|p1a: Slither Wing
|-start|p2a: Meowscarada|typechange|Bug|[from] ability: Protean
|-resisted|p1a: Slither Wing
|-damage|p1a: Slither Wing|65/100
|
|t:|1743860638
|switch|p2a: Iron Crown|Iron Crown|100/100|[from] U-turn
|
|upkeep
|turn|7
|
|t:|1743860660
|move|p2a: Iron Crown|Psychic Noise|p1a: Slither Wing
|-supereffective|p1a: Slither Wing
|-damage|p1a: Slither Wing|12/100
|-start|p1a: Slither Wing|move: Heal Block
|move|p1a: Slither Wing|U-turn|p2a: Iron Crown
|-damage|p2a: Iron Crown|64/100
|inactive|tohelpu has 120 seconds left.
|
|t:|1743860693
|-end|p1a: Slither Wing|Protosynthesis|[silent]
|switch|p1a: Reuniclus|Reuniclus, F|100/100|[from] U-turn
|
|-heal|p2a: Iron Crown|70/100|[from] item: Leftovers
|upkeep
|turn|8
|
|t:|1743860701
|move|p2a: Iron Crown|Calm Mind|p2a: Iron Crown
|-boost|p2a: Iron Crown|spa|1
|-boost|p2a: Iron Crown|spd|1
|move|p1a: Reuniclus|Trick Room|p1a: Reuniclus
|-fieldstart|move: Trick Room|[of] p1a: Reuniclus
|
|-heal|p2a: Iron Crown|76/100|[from] item: Leftovers
|upkeep
|turn|9
|
|t:|1743860717
|switch|p1a: Slither Wing|Slither Wing|12/100
|move|p2a: Iron Crown|Tachyon Cutter|p1a: Slither Wing
|-damage|p1a: Slither Wing|0 fnt
|faint|p1a: Slither Wing
|-end|p1a: Slither Wing|Protosynthesis|[silent]
|-hitcount|p1: Slither Wing|1
|
|-heal|p2a: Iron Crown|82/100|[from] item: Leftovers
|upkeep
|
|t:|1743860728
|switch|p1a: Excadrill|Excadrill, F|100/100
|turn|10
|
|t:|1743860739
|switch|p1a: Vikavolt|Vikavolt, F|66/100
|-end|p2a: Iron Crown|Quark Drive|[silent]
|switch|p2a: Corviknight|Corviknight, F|93/100
|
|upkeep
|turn|11
|
|t:|1743860751
|switch|p2a: Meowscarada|Meowscarada, F|43/100
|move|p1a: Vikavolt|Bug Buzz|p2a: Meowscarada
|-supereffective|p2a: Meowscarada
|-damage|p2a: Meowscarada|0 fnt
|faint|p2a: Meowscarada
|
|upkeep
|
|t:|1743860772
|switch|p2a: Dragonite|Dragonite, M|100/100
|turn|12
|inactive|tohelpu has 120 seconds left.
|
|t:|1743860794
|move|p1a: Vikavolt|Volt Switch|p2a: Dragonite
|-damage|p2a: Dragonite|83/100
|
|t:|1743860798
|switch|p1a: Jirachi|Jirachi|100/100|[from] Volt Switch
|move|p2a: Dragonite|Dragon Dance|p2a: Dragonite
|-boost|p2a: Dragonite|atk|1
|-boost|p2a: Dragonite|spe|1
|
|-fieldend|move: Trick Room
|upkeep
|turn|13
|
|t:|1743860806
|move|p2a: Dragonite|Earthquake|p1a: Jirachi
|-supereffective|p1a: Jirachi
|-damage|p1a: Jirachi|19/100
|move|p1a: Jirachi|U-turn|p2a: Dragonite
|-resisted|p2a: Dragonite
|-damage|p2a: Dragonite|75/100
|
|t:|1743860815
|switch|p1a: Reuniclus|Reuniclus, F|100/100|[from] U-turn
|
|upkeep
|turn|14
|
|t:|1743860819
|move|p2a: Dragonite|Dragon Tail|p1a: Reuniclus
|-damage|p1a: Reuniclus|71/100
|drag|p1a: Excadrill|Excadrill, F|100/100
|
|upkeep
|turn|15
|
|t:|1743860829
|-terastallize|p1a: Excadrill|Ground
|move|p2a: Dragonite|Earthquake|p1a: Excadrill
|-damage|p1a: Excadrill|43/100
|move|p1a: Excadrill|Rock Slide|p2a: Dragonite
|-supereffective|p2a: Dragonite
|-damage|p2a: Dragonite|8/100
|-damage|p1a: Excadrill|33/100|[from] item: Life Orb
|
|upkeep
|turn|16
|
|t:|1743860844
|-terastallize|p2a: Dragonite|Normal
|move|p2a: Dragonite|Extreme Speed|p1a: Excadrill
|-damage|p1a: Excadrill|0 fnt
|faint|p1a: Excadrill
|
|upkeep
|inactive|tohelpu has 120 seconds left.
|
|t:|1743860860
|switch|p1a: Reuniclus|Reuniclus, F|71/100
|turn|17
|
|t:|1743860869
|move|p2a: Dragonite|Extreme Speed|p1a: Reuniclus
|-damage|p1a: Reuniclus|30/100
|move|p1a: Reuniclus|Psyshock|p2a: Dragonite
|-damage|p2a: Dragonite|0 fnt
|faint|p2a: Dragonite
|
|upkeep
|
|t:|1743860887
|switch|p2a: Iron Crown|Iron Crown|82/100
|turn|18
|
|t:|1743860890
|move|p2a: Iron Crown|Volt Switch|p1a: Reuniclus
|-damage|p1a: Reuniclus|14/100
|
|t:|1743860905
|-end|p2a: Iron Crown|Quark Drive|[silent]
|switch|p2a: Primarina|Primarina, M|48/100|[from] Volt Switch
|move|p1a: Reuniclus|Trick Room|p1a: Reuniclus
|-fieldstart|move: Trick Room|[of] p1a: Reuniclus
|
|upkeep
|turn|19
|
|t:|1743860915
|move|p1a: Reuniclus|Psyshock|p2a: Primarina
|-damage|p2a: Primarina|0 fnt
|faint|p2a: Primarina
|
|upkeep
|
|t:|1743860923
|switch|p2a: Iron Crown|Iron Crown|82/100
|turn|20
|
|t:|1743860926
|move|p1a: Reuniclus|Shadow Ball|p2a: Iron Crown
|-supereffective|p2a: Iron Crown
|-damage|p2a: Iron Crown|37/100
|move|p2a: Iron Crown|Volt Switch|p1a: Reuniclus
|-damage|p1a: Reuniclus|0 fnt
|faint|p1a: Reuniclus
|
|t:|1743860940
|-end|p2a: Iron Crown|Quark Drive|[silent]
|switch|p2a: Corviknight|Corviknight, F|93/100|[from] Volt Switch
|
|upkeep
|
|t:|1743860944
|switch|p1a: Vikavolt|Vikavolt, F|66/100
|turn|21
|
|t:|1743860953
|move|p1a: Vikavolt|Thunderbolt|p2a: Corviknight
|-supereffective|p2a: Corviknight
|-damage|p2a: Corviknight|7/100
|move|p2a: Corviknight|Body Press|p1a: Vikavolt
|-resisted|p1a: Vikavolt
|-damage|p1a: Vikavolt|55/100
|
|upkeep
|turn|22
|
|t:|1743860963
|move|p1a: Vikavolt|Volt Switch|p2a: Corviknight
|-supereffective|p2a: Corviknight
|-crit|p2a: Corviknight
|-damage|p2a: Corviknight|0 fnt
|faint|p2a: Corviknight
|
|t:|1743860969
|switch|p1a: Jirachi|Jirachi|19/100|[from] Volt Switch
|
|-fieldend|move: Trick Room
|upkeep
|
|t:|1743860981
|switch|p2a: Dragapult|Dragapult, M|100/100
|turn|23
|
|t:|1743860985
|move|p2a: Dragapult|Hex|p1a: Jirachi
|-supereffective|p1a: Jirachi
|-damage|p1a: Jirachi|0 fnt
|faint|p1a: Jirachi
|
|upkeep
|
|t:|1743860992
|switch|p1a: Primarina|Primarina, F|89/100
|turn|24
|
|t:|1743861004
|move|p2a: Dragapult|Thunder Wave|p1a: Primarina
|-status|p1a: Primarina|par
|move|p1a: Primarina|Surf|p2a: Dragapult
|-resisted|p2a: Dragapult
|-crit|p2a: Dragapult
|-damage|p2a: Dragapult|51/100
|
|upkeep
|turn|25
|
|t:|1743861011
|move|p2a: Dragapult|Hex|p1a: Primarina
|-damage|p1a: Primarina|58/100 par
|cant|p1a: Primarina|par
|
|upkeep
|turn|26
|
|t:|1743861015
|move|p2a: Dragapult|Hex|p1a: Primarina
|-damage|p1a: Primarina|25/100 par
|move|p1a: Primarina|Moonblast|p2a: Dragapult
|-supereffective|p2a: Dragapult
|-damage|p2a: Dragapult|0 fnt
|faint|p2a: Dragapult
|
|upkeep
|
|t:|1743861021
|switch|p2a: Iron Crown|Iron Crown|37/100
|turn|27
|
|t:|1743861024
|move|p2a: Iron Crown|Volt Switch|p1a: Primarina
|-supereffective|p1a: Primarina
|-damage|p1a: Primarina|3/100 par
|move|p1a: Primarina|Surf|p2a: Iron Crown
|-damage|p2a: Iron Crown|0 fnt
|faint|p2a: Iron Crown
|-end|p2a: Iron Crown|Quark Drive|[silent]
|
|win|tohelpu
|raw|tohelpu's rating: 1205 &rarr; <strong>1234</strong><br />(+29 for winning)
|raw|Luda20's rating: 1261 &rarr; <strong>1232</strong><br />(-29 for losing)
|c|☆tohelpu|gg
|c|☆Luda20|Gg
