|j|☆BigZThreats
|j|☆fearmyball
|t:|1743821800
|gametype|singles
|player|p1|BigZThreats|pokekid|1040
|player|p2|fearmyball|gambler|1045
|teamsize|p1|6
|teamsize|p2|6
|gen|9
|tier|[Gen 9] OU
|rated|
|rule|HP Percentage Mod: HP is shown in percentages
|rule|Endless Battle Clause: Forcing endless battles is banned
|rule|Species Clause: Limit one of each Pokémon
|rule|OHKO Clause: OHKO moves are banned
|rule|Evasion Items Clause: Evasion items are banned
|rule|Evasion Moves Clause: Evasion moves are banned
|rule|Sleep Moves Clause: Sleep-inducing moves are banned
|clearpoke
|poke|p1|Slowking-Galar, F|
|poke|p1|Mamoswine, M|
|poke|p1|Kyurem|
|poke|p1|Hoopa-Unbound|
|poke|p1|Corviknight, M|
|poke|p1|Zamazenta-*|
|poke|p2|Clodsire, F|
|poke|p2|Dondozo, M|
|poke|p2|Alomomola, M|
|poke|p2|Talonflame, M|
|poke|p2|Toxapex, F|
|poke|p2|Blissey, F|
|teampreview
|
|t:|1743821815
|start
|switch|p1a: Hoopa|Hoopa-Unbound|100/100
|switch|p2a: Blissey|Blissey, F, shiny|100/100
|turn|1
|
|t:|1743821830
|move|p1a: Hoopa|Drain Punch|p2a: Blissey
|-supereffective|p2a: Blissey
|-damage|p2a: Blissey|0 fnt
|faint|p2a: Blissey
|
|upkeep
|
|t:|1743821843
|switch|p2a: Toxapex|Toxapex, F, shiny|100/100
|turn|2
|
|t:|1743821849
|move|p1a: Hoopa|Psychic Noise|p2a: Toxapex
|-supereffective|p2a: Toxapex
|-damage|p2a: Toxapex|17/100
|-start|p2a: Toxapex|move: Heal Block
|move|p2a: Toxapex|Toxic|p1a: Hoopa
|-status|p1a: Hoopa|tox
|
|-damage|p1a: Hoopa|94/100 tox|[from] psn
|upkeep
|turn|3
|
|t:|1743821861
|switch|p2a: Dondozo|Dondozo, M, shiny|100/100
|move|p1a: Hoopa|Psychic Noise|p2a: Dondozo
|-crit|p2a: Dondozo
|-damage|p2a: Dondozo|32/100
|-start|p2a: Dondozo|move: Heal Block
|
|-damage|p1a: Hoopa|82/100 tox|[from] psn
|upkeep
|turn|4
|
|t:|1743821871
|switch|p2a: Clodsire|Clodsire, F, shiny|100/100
|move|p1a: Hoopa|Psychic Noise|p2a: Clodsire
|-supereffective|p2a: Clodsire
|-damage|p2a: Clodsire|46/100
|-start|p2a: Clodsire|move: Heal Block
|
|-damage|p1a: Hoopa|64/100 tox|[from] psn
|upkeep
|turn|5
|
|t:|1743821884
|-terastallize|p2a: Clodsire|Psychic
|move|p1a: Hoopa|Psychic Noise|p2a: Clodsire
|-resisted|p2a: Clodsire
|-damage|p2a: Clodsire|34/100
|move|p2a: Clodsire|Earthquake|p1a: Hoopa
|-damage|p1a: Hoopa|30/100 tox
|
|-damage|p1a: Hoopa|6/100 tox|[from] psn
|-end|p2a: Clodsire|move: Heal Block
|upkeep
|turn|6
|
|t:|1743821894
|move|p1a: Hoopa|Knock Off|p2a: Clodsire
|-supereffective|p2a: Clodsire
|-damage|p2a: Clodsire|0 fnt
|-enditem|p2a: Clodsire|Heavy-Duty Boots|[from] move: Knock Off|[of] p1a: Hoopa
|faint|p2a: Clodsire
|
|-damage|p1a: Hoopa|0 fnt|[from] psn
|faint|p1a: Hoopa
|upkeep
|
|t:|1743821908
|switch|p1a: Kyurem|Kyurem|100/100
|switch|p2a: Alomomola|Alomomola, M|100/100
|-ability|p1a: Kyurem|Pressure
|turn|7
|
|t:|1743821916
|move|p1a: Kyurem|Freeze-Dry|p2a: Alomomola
|-supereffective|p2a: Alomomola
|-damage|p2a: Alomomola|0 fnt
|faint|p2a: Alomomola
|
|upkeep
|
|t:|1743821922
|switch|p2a: Talonflame|Talonflame, M|100/100
|turn|8
|
|t:|1743821933
|switch|p1a: Zamazenta|Zamazenta|100/100
|-ability|p1a: Zamazenta|Dauntless Shield|boost
|-boost|p1a: Zamazenta|def|1
|move|p2a: Talonflame|Flamethrower|p1a: Zamazenta
|-damage|p1a: Zamazenta|79/100
|
|upkeep
|turn|9
|c|☆fearmyball|GGS
|-message|fearmyball forfeited.
|
|win|BigZThreats
|raw|BigZThreats's rating: 1040 &rarr; <strong>1074</strong><br />(+34 for winning)
|raw|fearmyball's rating: 1045 &rarr; <strong>1028</strong><br />(-17 for losing)
|l|☆fearmyball
|player|p2|
