|j|☆stacyannglick
|j|☆DiceyRice
|t:|1743804173
|gametype|singles
|player|p1|stacyannglick|parasollady|1663
|player|p2|DiceyRice|miku-psychic|1672
|teamsize|p1|6
|teamsize|p2|6
|gen|9
|tier|[Gen 9] OU
|rated|
|rule|HP Percentage Mod: HP is shown in percentages
|rule|Endless Battle Clause: Forcing endless battles is banned
|rule|Species Clause: Limit one of each Pokémon
|rule|OHKO Clause: OHKO moves are banned
|rule|Evasion Items Clause: Evasion items are banned
|rule|Evasion Moves Clause: Evasion moves are banned
|rule|Sleep Moves Clause: Sleep-inducing moves are banned
|clearpoke
|poke|p1|Pelipper, F|
|poke|p1|Barraskewda, F|
|poke|p1|Iron Treads|
|poke|p1|Thundurus-Therian, M|
|poke|p1|Greninja-*, M|
|poke|p1|Volcanion|
|poke|p2|Comfey, F|
|poke|p2|Whimsicott, F|
|poke|p2|Iron Moth|
|poke|p2|Walking Wake|
|poke|p2|Great Tusk|
|poke|p2|Ninetales, F|
|teampreview
|inactive|Battle timer is ON: inactive players will automatically lose when time's up. (requested by stacyannglick)
|
|t:|1743804199
|start
|switch|p1a: Volcanion|Volcanion|100/100
|switch|p2a: Walking Wake|Walking Wake|100/100
|turn|1
|
|t:|1743804209
|move|p2a: Walking Wake|Knock Off|p1a: Volcanion
|-damage|p1a: Volcanion|87/100
|-enditem|p1a: Volcanion|Choice Specs|[from] move: Knock Off|[of] p2a: Walking Wake
|move|p1a: Volcanion|Sludge Bomb|p2a: Walking Wake
|-damage|p2a: Walking Wake|78/100
|-status|p2a: Walking Wake|psn
|
|-damage|p2a: Walking Wake|65/100 psn|[from] psn
|upkeep
|turn|2
|
|t:|1743804225
|move|p2a: Walking Wake|Draco Meteor|p1a: Volcanion
|-damage|p1a: Volcanion|30/100
|-unboost|p2a: Walking Wake|spa|2
|move|p1a: Volcanion|Steam Eruption|p2a: Walking Wake|[miss]
|-miss|p1a: Volcanion|p2a: Walking Wake
|
|-damage|p2a: Walking Wake|53/100 psn|[from] psn
|upkeep
|turn|3
|
|t:|1743804229
|move|p2a: Walking Wake|Draco Meteor|p1a: Volcanion
|-damage|p1a: Volcanion|0 fnt
|-unboost|p2a: Walking Wake|spa|2
|faint|p1a: Volcanion
|
|-damage|p2a: Walking Wake|41/100 psn|[from] psn
|upkeep
|j| darkiipt
|
|t:|1743804252
|switch|p1a: glindseylou|Barraskewda, F, shiny|100/100
|turn|4
|
|t:|1743804261
|move|p1a: glindseylou|Flip Turn|p2a: Walking Wake
|-resisted|p2a: Walking Wake
|-damage|p2a: Walking Wake|28/100 psn
|
|t:|1743804265
|switch|p1a: raini rodriguez|Pelipper, F, shiny|100/100|[from] Flip Turn
|-weather|RainDance|[from] ability: Drizzle|[of] p1a: raini rodriguez
|move|p2a: Walking Wake|Flip Turn|p1a: raini rodriguez
|-resisted|p1a: raini rodriguez
|-damage|p1a: raini rodriguez|91/100
|
|t:|1743804267
|-end|p2a: Walking Wake|Protosynthesis|[silent]
|switch|p2a: Ninetales|Ninetales, F|100/100|[from] Flip Turn
|-weather|SunnyDay|[from] ability: Drought|[of] p2a: Ninetales
|
|-weather|SunnyDay|[upkeep]
|upkeep
|turn|5
|
|t:|1743804276
|switch|p2a: Comfey|Comfey, F|100/100
|move|p1a: raini rodriguez|U-turn|p2a: Comfey
|-resisted|p2a: Comfey
|-damage|p2a: Comfey|94/100
|
|t:|1743804282
|switch|p1a: tonkatruck|Iron Treads|100/100|[from] U-turn
|-enditem|p1a: tonkatruck|Booster Energy
|-activate|p1a: tonkatruck|ability: Quark Drive|[fromitem]
|-start|p1a: tonkatruck|quarkdrivespe
|
|-weather|SunnyDay|[upkeep]
|upkeep
|turn|6
|j| crowv2
|
|t:|1743804292
|-terastallize|p2a: Comfey|Water
|move|p1a: tonkatruck|Stealth Rock|p2a: Comfey
|-sidestart|p2: DiceyRice|move: Stealth Rock
|move|p2a: Comfey|Growth|p2a: Comfey
|-boost|p2a: Comfey|atk|2
|-boost|p2a: Comfey|spa|2
|
|-weather|SunnyDay|[upkeep]
|upkeep
|turn|7
|
|t:|1743804301
|move|p1a: tonkatruck|Earthquake|p2a: Comfey
|-damage|p2a: Comfey|42/100
|move|p2a: Comfey|Growth|p2a: Comfey
|-boost|p2a: Comfey|atk|2
|-boost|p2a: Comfey|spa|2
|
|-weather|SunnyDay|[upkeep]
|upkeep
|turn|8
|c| crowv2|looks likea big gg
|inactive|stacyannglick has 120 seconds left.
|
|t:|1743804332
|move|p2a: Comfey|Synthesis|p2a: Comfey
|-heal|p2a: Comfey|100/100
|move|p1a: tonkatruck|Earthquake|p2a: Comfey
|-damage|p2a: Comfey|40/100
|
|-weather|SunnyDay|[upkeep]
|upkeep
|turn|9
|
|t:|1743804339
|move|p2a: Comfey|Synthesis|p2a: Comfey
|-heal|p2a: Comfey|100/100
|move|p1a: tonkatruck|Earthquake|p2a: Comfey
|-damage|p2a: Comfey|44/100
|
|-weather|SunnyDay|[upkeep]
|upkeep
|turn|10
|
|t:|1743804344
|move|p2a: Comfey|Draining Kiss|p1a: tonkatruck
|-resisted|p1a: tonkatruck
|-damage|p1a: tonkatruck|44/100
|-heal|p2a: Comfey|89/100|[from] drain|[of] p1a: tonkatruck
|-damage|p2a: Comfey|79/100|[from] item: Life Orb
|move|p1a: tonkatruck|Earthquake|p2a: Comfey
|-damage|p2a: Comfey|18/100
|
|-weather|SunnyDay|[upkeep]
|upkeep
|turn|11
|
|t:|1743804364
|move|p2a: Comfey|Draining Kiss|p1a: tonkatruck
|-resisted|p1a: tonkatruck
|-damage|p1a: tonkatruck|0 fnt
|-heal|p2a: Comfey|52/100|[from] drain|[of] p1a: tonkatruck
|faint|p1a: tonkatruck
|-end|p1a: tonkatruck|Quark Drive|[silent]
|-damage|p2a: Comfey|42/100|[from] item: Life Orb
|
|-weather|none
|upkeep
|inactive|stacyannglick has 120 seconds left.
|l|☆stacyannglick
|inactive|stacyannglick disconnected and has a minute to reconnect!
|player|p1|
|c| crowv2|yep
|l| darkiipt
|inactive|stacyannglick has 30 seconds to reconnect!
|inactive|stacyannglick has 20 seconds to reconnect!
|inactive|stacyannglick has 15 seconds to reconnect!
|inactive|stacyannglick has 10 seconds to reconnect!
|inactive|stacyannglick has 5 seconds to reconnect!
|-message|stacyannglick lost due to inactivity.
|
|win|DiceyRice
|raw|stacyannglick's rating: 1663 &rarr; <strong>1644</strong><br />(-19 for losing)
|raw|DiceyRice's rating: 1672 &rarr; <strong>1691</strong><br />(+19 for winning)
|l|☆DiceyRice
|player|p2|
|l| crowv2
