|j|☆PotatoWithAStash
|j|☆partypluto
|t:|1743816628
|gametype|singles
|player|p1|PotatoWithAStash|worker-gen4|1018
|player|p2|partypluto|170|1047
|teamsize|p1|6
|teamsize|p2|6
|gen|9
|tier|[Gen 9] OU
|rated|
|rule|HP Percentage Mod: HP is shown in percentages
|rule|Endless Battle Clause: Forcing endless battles is banned
|rule|Species Clause: Limit one of each Pokémon
|rule|OHKO Clause: OHKO moves are banned
|rule|Evasion Items Clause: Evasion items are banned
|rule|Evasion Moves Clause: Evasion moves are banned
|rule|Sleep Moves Clause: Sleep-inducing moves are banned
|clearpoke
|poke|p1|Ninetales-Alola, F|
|poke|p1|Spidops, M|
|poke|p1|Talonflame, M|
|poke|p1|Sandslash-Alola, M|
|poke|p1|Slowking-Galar, M|
|poke|p1|Moltres-Galar|
|poke|p2|Charizard, F|
|poke|p2|Gengar, F|
|poke|p2|Cloyster, F|
|poke|p2|Dragonite, F|
|poke|p2|Jolteon, M|
|poke|p2|Snorlax, F|
|teampreview
|inactive|Battle timer is ON: inactive players will automatically lose when time's up. (requested by PotatoWithAStash)
|
|t:|1743816640
|start
|switch|p1a: SpiderMan|Spidops, M, shiny|100/100
|switch|p2a: Charizard|Charizard, F, shiny|100/100
|turn|1
|c|☆PotatoWithAStash|only gen 1?
|
|t:|1743816652
|move|p2a: Charizard|Flamethrower|p1a: SpiderMan
|-supereffective|p1a: SpiderMan
|-damage|p1a: SpiderMan|5/100
|-enditem|p1a: SpiderMan|Red Card|[of] p2a: Charizard
|drag|p2a: Dragonite|Dragonite, F, shiny|100/100
|move|p1a: SpiderMan|Sticky Web|p2a: Dragonite
|-sidestart|p2: partypluto|move: Sticky Web
|
|upkeep
|turn|2
|
|t:|1743816660
|move|p2a: Dragonite|Ice Spinner|p1a: SpiderMan
|-crit|p1a: SpiderMan
|-damage|p1a: SpiderMan|0 fnt
|faint|p1a: SpiderMan
|
|upkeep
|
|t:|1743816668
|switch|p1a: Ainu|Ninetales-Alola, F|100/100
|-weather|Snowscape|[from] ability: Snow Warning|[of] p1a: Ainu
|turn|3
|
|t:|1743816676
|switch|p2a: Charizard|Charizard, F, shiny|100/100
|move|p1a: Ainu|Aurora Veil|p1a: Ainu
|-sidestart|p1: PotatoWithAStash|move: Aurora Veil
|
|-weather|Snowscape|[upkeep]
|upkeep
|turn|4
|
|t:|1743816685
|move|p2a: Charizard|Flamethrower|p1a: Ainu
|-supereffective|p1a: Ainu
|-damage|p1a: Ainu|61/100
|-enditem|p1a: Ainu|Eject Button
|c|☆partypluto|ye kanto team
|
|t:|1743816691
|switch|p1a: BluBerry|Sandslash-Alola, M|100/100
|
|-weather|Snowscape|[upkeep]
|upkeep
|turn|5
|
|t:|1743816697
|-terastallize|p1a: BluBerry|Ground
|move|p1a: BluBerry|Swords Dance|p1a: BluBerry
|-boost|p1a: BluBerry|atk|2
|move|p2a: Charizard|Flamethrower|p1a: BluBerry
|-damage|p1a: BluBerry|72/100
|
|-weather|Snowscape|[upkeep]
|upkeep
|turn|6
|
|t:|1743816707
|move|p1a: BluBerry|Earthquake|p2a: Charizard
|-immune|p2a: Charizard
|move|p2a: Charizard|Dragon Pulse|p1a: BluBerry
|-damage|p1a: BluBerry|54/100
|
|-weather|Snowscape|[upkeep]
|upkeep
|turn|7
|
|t:|1743816712
|move|p1a: BluBerry|Rapid Spin|p2a: Charizard
|-damage|p2a: Charizard|54/100
|-boost|p1a: BluBerry|spe|1
|move|p2a: Charizard|Air Slash|p1a: BluBerry
|-damage|p1a: BluBerry|30/100
|
|-weather|none
|-sideend|p1: PotatoWithAStash|move: Aurora Veil
|upkeep
|turn|8
|
|t:|1743816719
|move|p2a: Charizard|Flamethrower|p1a: BluBerry
|-damage|p1a: BluBerry|0 fnt
|faint|p1a: BluBerry
|
|upkeep
|
|t:|1743816729
|switch|p1a: HawkTuah|Talonflame, M|100/100
|turn|9
|c|☆partypluto|this anime ass battle
|
|t:|1743816739
|switch|p2a: Jolteon|Jolteon, M|100/100
|-activate|p2a: Jolteon|move: Sticky Web
|-unboost|p2a: Jolteon|spe|1
|move|p1a: HawkTuah|Brave Bird|p2a: Jolteon
|-resisted|p2a: Jolteon
|-damage|p2a: Jolteon|40/100
|-damage|p1a: HawkTuah|85/100|[from] Recoil
|-damage|p1a: HawkTuah|75/100|[from] item: Life Orb
|
|-heal|p2a: Jolteon|46/100|[from] item: Leftovers
|upkeep
|turn|10
|
|t:|1743816745
|move|p1a: HawkTuah|Brave Bird|p2a: Jolteon
|-resisted|p2a: Jolteon
|-damage|p2a: Jolteon|0 fnt
|faint|p2a: Jolteon
|-damage|p1a: HawkTuah|64/100|[from] Recoil
|-damage|p1a: HawkTuah|54/100|[from] item: Life Orb
|
|upkeep
|
|t:|1743816750
|switch|p2a: Gengar|Gengar, F|100/100
|-activate|p2a: Gengar|move: Sticky Web
|-unboost|p2a: Gengar|spe|1
|turn|11
|
|t:|1743816760
|move|p1a: HawkTuah|Brave Bird|p2a: Gengar
|-enditem|p2a: Gengar|Focus Sash
|-damage|p2a: Gengar|1/100
|-damage|p1a: HawkTuah|30/100|[from] Recoil
|-damage|p1a: HawkTuah|20/100|[from] item: Life Orb
|move|p2a: Gengar|Sludge Bomb|p1a: HawkTuah
|-crit|p1a: HawkTuah
|-damage|p1a: HawkTuah|0 fnt
|faint|p1a: HawkTuah
|
|upkeep
|
|t:|1743816773
|switch|p1a: C-wings|Moltres-Galar|100/100
|turn|12
|
|t:|1743816780
|move|p2a: Gengar|Dazzling Gleam|p1a: C-wings
|-supereffective|p1a: C-wings
|-damage|p1a: C-wings|73/100
|move|p1a: C-wings|U-turn|p2a: Gengar
|-resisted|p2a: Gengar
|-damage|p2a: Gengar|0 fnt
|faint|p2a: Gengar
|
|t:|1743816790
|switch|p1a: Gavvu|Slowking-Galar, M|100/100|[from] U-turn
|
|upkeep
|c|☆partypluto|thst was super effective
|
|t:|1743816798
|switch|p2a: Charizard|Charizard, F, shiny|54/100
|turn|13
|c|☆PotatoWithAStash|im bulky
|
|t:|1743816804
|move|p2a: Charizard|Scorching Sands|p1a: Gavvu
|-supereffective|p1a: Gavvu
|-damage|p1a: Gavvu|72/100
|-status|p1a: Gavvu|brn
|-prepare|p1a: Gavvu|Chilly Reception|[premajor]
|move|p1a: Gavvu|Chilly Reception|p1a: Gavvu
|-weather|Snowscape
|
|t:|1743816812
|switch|p1a: C-wings|Moltres-Galar|73/100|[from] Chilly Reception
|
|-weather|Snowscape|[upkeep]
|upkeep
|turn|14
|
|t:|1743816828
|move|p2a: Charizard|Flamethrower|p1a: C-wings
|-damage|p1a: C-wings|51/100
|move|p1a: C-wings|Fiery Wrath|p2a: Charizard
|-damage|p2a: Charizard|3/100
|
|-weather|Snowscape|[upkeep]
|upkeep
|turn|15
|
|t:|1743816835
|move|p2a: Charizard|Dragon Pulse|p1a: C-wings
|-damage|p1a: C-wings|36/100
|-ability|p1a: C-wings|Berserk|boost
|-boost|p1a: C-wings|spa|1
|move|p1a: C-wings|U-turn|p2a: Charizard
|-resisted|p2a: Charizard
|-damage|p2a: Charizard|0 fnt
|faint|p2a: Charizard
|
|t:|1743816844
|switch|p1a: Gavvu|Slowking-Galar, M|100/100 brn|[from] U-turn
|
|-weather|Snowscape|[upkeep]
|-damage|p1a: Gavvu|94/100 brn|[from] brn
|upkeep
|
|t:|1743816849
|switch|p2a: Cloyster|Cloyster, F|100/100
|-activate|p2a: Cloyster|move: Sticky Web
|-unboost|p2a: Cloyster|spe|1
|-enditem|p2a: Cloyster|White Herb
|-clearnegativeboost|p2a: Cloyster|[silent]
|turn|16
|
|t:|1743816855
|move|p2a: Cloyster|Shell Smash|p2a: Cloyster
|-unboost|p2a: Cloyster|def|1
|-unboost|p2a: Cloyster|spd|1
|-boost|p2a: Cloyster|atk|2
|-boost|p2a: Cloyster|spa|2
|-boost|p2a: Cloyster|spe|2
|move|p1a: Gavvu|Toxic|p2a: Cloyster
|-status|p2a: Cloyster|tox
|
|-weather|Snowscape|[upkeep]
|-damage|p2a: Cloyster|94/100 tox|[from] psn
|-damage|p1a: Gavvu|88/100 brn|[from] brn
|upkeep
|turn|17
|
|t:|1743816868
|move|p2a: Cloyster|Drill Run|p1a: Gavvu
|-supereffective|p1a: Gavvu
|-damage|p1a: Gavvu|2/100 brn
|move|p1a: Gavvu|Light Screen|p1a: Gavvu
|-sidestart|p1: PotatoWithAStash|move: Light Screen
|
|-weather|none
|-damage|p2a: Cloyster|82/100 tox|[from] psn
|-damage|p1a: Gavvu|0 fnt|[from] brn
|faint|p1a: Gavvu
|upkeep
|
|t:|1743816876
|switch|p1a: C-wings|Moltres-Galar|36/100
|turn|18
|
|t:|1743816884
|move|p2a: Cloyster|Icicle Spear|p1a: C-wings
|-supereffective|p1a: C-wings
|-damage|p1a: C-wings|0 fnt
|faint|p1a: C-wings
|-hitcount|p1: C-wings|1
|
|-damage|p2a: Cloyster|63/100 tox|[from] psn
|upkeep
|
|t:|1743816888
|switch|p1a: Ainu|Ninetales-Alola, F|61/100
|-weather|Snowscape|[from] ability: Snow Warning|[of] p1a: Ainu
|turn|19
|c|☆PotatoWithAStash|gg
|
|t:|1743816894
|move|p2a: Cloyster|Icicle Spear|p1a: Ainu
|-resisted|p1a: Ainu
|-damage|p1a: Ainu|53/100
|-resisted|p1a: Ainu
|-damage|p1a: Ainu|44/100
|-resisted|p1a: Ainu
|-damage|p1a: Ainu|36/100
|-resisted|p1a: Ainu
|-damage|p1a: Ainu|28/100
|-resisted|p1a: Ainu
|-damage|p1a: Ainu|20/100
|-hitcount|p1a: Ainu|5
|move|p1a: Ainu|Disable|p2a: Cloyster
|-start|p2a: Cloyster|Disable|Icicle Spear
|
|-weather|Snowscape|[upkeep]
|-damage|p2a: Cloyster|38/100 tox|[from] psn
|upkeep
|turn|20
|
|t:|1743816901
|move|p2a: Cloyster|Liquidation|p1a: Ainu
|-damage|p1a: Ainu|0 fnt
|faint|p1a: Ainu
|
|win|partypluto
|raw|PotatoWithAStash's rating: 1018 &rarr; <strong>1006</strong><br />(-12 for losing)
|raw|partypluto's rating: 1047 &rarr; <strong>1077</strong><br />(+30 for winning)
|l|☆PotatoWithAStash
|player|p1|
|c|☆partypluto|gg
|c|☆partypluto|u lost against ther goat
