|j|☆Johaness
|j|☆buda88888
|t:|1743864101
|gametype|singles
|player|p1|Johaness|ingo|1234
|player|p2|buda88888|102|1242
|teamsize|p1|6
|teamsize|p2|6
|gen|9
|tier|[Gen 9] OU
|rated|
|rule|HP Percentage Mod: HP is shown in percentages
|rule|Endless Battle Clause: Forcing endless battles is banned
|rule|Species Clause: Limit one of each Pokémon
|rule|OHKO Clause: OHKO moves are banned
|rule|Evasion Items Clause: Evasion items are banned
|rule|Evasion Moves Clause: Evasion moves are banned
|rule|Sleep Moves Clause: Sleep-inducing moves are banned
|clearpoke
|poke|p1|Crawdaunt, M|
|poke|p1|Slowking-Galar, F|
|poke|p1|Kyurem|
|poke|p1|Cinderace, M|
|poke|p1|Iron Treads|
|poke|p1|Zapdos|
|poke|p2|Gallade, M|
|poke|p2|Umbreon, M|
|poke|p2|Chesnaught, M|
|poke|p2|Greninja-*, M|
|poke|p2|Cosmoem|
|poke|p2|Revavroom, F|
|teampreview
|inactive|Battle timer is ON: inactive players will automatically lose when time's up. (requested by buda88888)
|inactive|Johaness also wants the timer to be on.
|
|t:|1743864111
|start
|switch|p1a: Freddie Gibbs|Cinderace, M, shiny|100/100
|switch|p2a: Gallade|Gallade, M, shiny|100/100
|turn|1
|
|t:|1743864121
|switch|p2a: Cosmoem|Cosmoem|100/100
|move|p1a: Freddie Gibbs|Will-O-Wisp|p2a: Cosmoem
|-status|p2a: Cosmoem|brn
|
|-damage|p2a: Cosmoem|94/100 brn|[from] brn
|upkeep
|turn|2
|
|t:|1743864125
|move|p1a: Freddie Gibbs|U-turn|p2a: Cosmoem
|-supereffective|p2a: Cosmoem
|-damage|p2a: Cosmoem|73/100 brn
|
|t:|1743864130
|switch|p1a: Landrover|Iron Treads, shiny|100/100|[from] U-turn
|move|p2a: Cosmoem|Teleport|p2a: Cosmoem
|
|t:|1743864135
|switch|p2a: Greninja|Greninja, M|100/100|[from] Teleport
|
|upkeep
|turn|3
|
|t:|1743864147
|-terastallize|p1a: Landrover|Water
|move|p2a: Greninja|Hydro Pump|p1a: Landrover
|-resisted|p1a: Landrover
|-damage|p1a: Landrover|81/100
|move|p1a: Landrover|Earthquake|p2a: Greninja
|-damage|p2a: Greninja|28/100
|
|upkeep
|turn|4
|
|t:|1743864163
|switch|p2a: Chesnaught|Chesnaught, M|100/100
|move|p1a: Landrover|Earthquake|p2a: Chesnaught
|-resisted|p2a: Chesnaught
|-damage|p2a: Chesnaught|90/100
|
|-heal|p2a: Chesnaught|96/100|[from] item: Leftovers
|upkeep
|turn|5
|
|t:|1743864168
|-end|p1a: Landrover|Quark Drive|[silent]
|switch|p1a: Topaz|Zapdos, shiny|100/100
|move|p2a: Chesnaught|Iron Defense|p2a: Chesnaught
|-boost|p2a: Chesnaught|def|2
|
|-heal|p2a: Chesnaught|100/100|[from] item: Leftovers
|upkeep
|turn|6
|
|t:|1743864179
|switch|p2a: Cosmoem|Cosmoem|73/100 brn
|move|p1a: Topaz|Hurricane|p2a: Cosmoem
|-damage|p2a: Cosmoem|48/100 brn
|
|-damage|p2a: Cosmoem|42/100 brn|[from] brn
|upkeep
|turn|7
|
|t:|1743864186
|move|p1a: Topaz|Hurricane|p2a: Cosmoem|[miss]
|-miss|p1a: Topaz|p2a: Cosmoem
|move|p2a: Cosmoem|Teleport|p2a: Cosmoem
|
|t:|1743864189
|switch|p2a: Revavroom|Revavroom, F|100/100|[from] Teleport
|
|upkeep
|turn|8
|
|t:|1743864193
|move|p2a: Revavroom|Shift Gear|p2a: Revavroom
|-boost|p2a: Revavroom|spe|2
|-boost|p2a: Revavroom|atk|1
|move|p1a: Topaz|Discharge|p2a: Revavroom
|-crit|p2a: Revavroom
|-damage|p2a: Revavroom|26/100
|-status|p2a: Revavroom|par
|
|upkeep
|turn|9
|
|t:|1743864202
|move|p2a: Revavroom|Poison Jab|p1a: Topaz
|-damage|p1a: Topaz|41/100
|-damage|p2a: Revavroom|16/100 par|[from] item: Life Orb
|move|p1a: Topaz|Discharge|p2a: Revavroom
|-damage|p2a: Revavroom|0 fnt
|faint|p2a: Revavroom
|
|upkeep
|
|t:|1743864207
|switch|p2a: Greninja|Greninja, M|28/100
|turn|10
|
|t:|1743864213
|switch|p1a: Landrover|Iron Treads, shiny, tera:Water|81/100
|move|p2a: Greninja|Ice Beam|p1a: Landrover
|-resisted|p1a: Landrover
|-damage|p1a: Landrover|71/100
|
|upkeep
|turn|11
|
|t:|1743864221
|move|p2a: Greninja|Dark Pulse|p1a: Landrover
|-damage|p1a: Landrover|42/100
|move|p1a: Landrover|Earthquake|p2a: Greninja
|-damage|p2a: Greninja|0 fnt
|faint|p2a: Greninja
|
|upkeep
|-message|buda88888 forfeited.
|
|win|Johaness
|raw|Johaness's rating: 1234 &rarr; <strong>1260</strong><br />(+26 for winning)
|raw|buda88888's rating: 1242 &rarr; <strong>1216</strong><br />(-26 for losing)
|l|☆buda88888
|player|p2|
|l|☆Johaness
|player|p1|
