|j|☆NeqixPL
|j|‽pdspeed
|t:|1743813510
|gametype|singles
|player|p1|NeqixPL|266|1124
|player|p2|pdspeed|ethan|1115
|teamsize|p1|6
|teamsize|p2|6
|gen|9
|tier|[Gen 9] OU
|rated|
|rule|HP Percentage Mod: HP is shown in percentages
|rule|Endless Battle Clause: Forcing endless battles is banned
|rule|Species Clause: Limit one of each Pokémon
|rule|OHKO Clause: OHKO moves are banned
|rule|Evasion Items Clause: Evasion items are banned
|rule|Evasion Moves Clause: Evasion moves are banned
|rule|Sleep Moves Clause: Sleep-inducing moves are banned
|clearpoke
|poke|p1|Pecharunt|
|poke|p1|Furret, M|
|poke|p1|Tinkaton, F|
|poke|p1|Noivern, F|
|poke|p1|Meowscarada, M|
|poke|p1|Iron Moth|
|poke|p2|Araquanid, F|
|poke|p2|Gholdengo|
|poke|p2|Great Tusk|
|poke|p2|Glimmora, M|
|poke|p2|Alomomola, F|
|poke|p2|Cinderace, F|
|teampreview
|inactive|Battle timer is ON: inactive players will automatically lose when time's up. (requested by pdspeed)
|
|t:|1743813523
|start
|switch|p1a: Pecharunt|Pecharunt|100/100
|switch|p2a: Glimmora|Glimmora, M|100/100
|turn|1
|
|t:|1743813533
|move|p2a: Glimmora|Stealth Rock|p1a: Pecharunt
|-sidestart|p1: NeqixPL|move: Stealth Rock
|move|p1a: Pecharunt|Nasty Plot|p1a: Pecharunt
|-boost|p1a: Pecharunt|spa|2
|
|upkeep
|turn|2
|
|t:|1743813549
|move|p2a: Glimmora|Earth Power|p1a: Pecharunt
|-supereffective|p1a: Pecharunt
|-damage|p1a: Pecharunt|43/100
|move|p1a: Pecharunt|Shadow Ball|p2a: Glimmora
|-damage|p2a: Glimmora|3/100
|-unboost|p2a: Glimmora|spd|1
|
|-heal|p1a: Pecharunt|49/100|[from] item: Leftovers
|upkeep
|turn|3
|
|t:|1743813559
|move|p2a: Glimmora|Earth Power|p1a: Pecharunt
|-supereffective|p1a: Pecharunt
|-damage|p1a: Pecharunt|0 fnt
|faint|p1a: Pecharunt
|
|upkeep
|
|t:|1743813560
|switch|p1a: Furret|Furret, M|100/100
|-damage|p1a: Furret|88/100|[from] Stealth Rock
|-item|p2a: Glimmora|Rocky Helmet|[from] ability: Frisk|[of] p1a: Furret
|turn|4
|
|t:|1743813570
|switch|p2a: Alomomola|Alomomola, F|100/100
|move|p1a: Furret|Tidy Up|p1a: Furret
|-sideend|p1: NeqixPL|Stealth Rock
|-activate|p1a: Furret|move: Tidy Up
|-boost|p1a: Furret|atk|1
|-boost|p1a: Furret|spe|1
|
|upkeep
|turn|5
|
|t:|1743813579
|move|p1a: Furret|Knock Off|p2a: Alomomola
|-damage|p2a: Alomomola|74/100
|-enditem|p2a: Alomomola|Leftovers|[from] move: Knock Off|[of] p1a: Furret
|-damage|p1a: Furret|78/100|[from] item: Life Orb
|move|p2a: Alomomola|Scald|p1a: Furret
|-damage|p1a: Furret|55/100
|
|upkeep
|turn|6
|
|t:|1743813587
|move|p1a: Furret|Double-Edge|p2a: Alomomola
|-damage|p2a: Alomomola|29/100
|-damage|p1a: Furret|29/100|[from] Recoil
|-damage|p1a: Furret|19/100|[from] item: Life Orb
|move|p2a: Alomomola|Wish|p2a: Alomomola
|
|upkeep
|turn|7
|
|t:|1743813607
|switch|p2a: Gholdengo|Gholdengo|100/100
|move|p1a: Furret|Double-Edge|p2a: Gholdengo
|-immune|p2a: Gholdengo
|
|upkeep
|turn|8
|
|t:|1743813625
|switch|p2a: Araquanid|Araquanid, F|100/100
|move|p1a: Furret|Knock Off|p2a: Araquanid
|-damage|p2a: Araquanid|48/100
|-damage|p1a: Furret|3/100|[from] item: Rocky Helmet|[of] p2a: Araquanid
|-enditem|p2a: Araquanid|Rocky Helmet|[from] move: Knock Off|[of] p1a: Furret
|-damage|p1a: Furret|0 fnt|[from] item: Life Orb
|faint|p1a: Furret
|
|upkeep
|
|t:|1743813638
|switch|p1a: Meowscarada|Meowscarada, M|100/100
|turn|9
|
|t:|1743813647
|move|p1a: Meowscarada|Petal Blizzard|p2a: Araquanid
|-damage|p2a: Araquanid|0 fnt
|faint|p2a: Araquanid
|-damage|p1a: Meowscarada|91/100|[from] item: Life Orb
|
|upkeep
|
|t:|1743813654
|switch|p2a: Cinderace|Cinderace, F|100/100
|turn|10
|
|t:|1743813659
|move|p1a: Meowscarada|U-turn|p2a: Cinderace
|-resisted|p2a: Cinderace
|-damage|p2a: Cinderace|77/100
|-damage|p1a: Meowscarada|81/100|[from] item: Life Orb
|
|t:|1743813664
|switch|p1a: Noivern|Noivern, F|100/100|[from] U-turn
|-item|p2a: Cinderace|Assault Vest|[from] ability: Frisk|[of] p1a: Noivern
|move|p2a: Cinderace|Flare Blitz|p1a: Noivern
|-resisted|p1a: Noivern
|-damage|p1a: Noivern|64/100
|-damage|p2a: Cinderace|64/100|[from] Recoil
|
|upkeep
|turn|11
|
|t:|1743813675
|switch|p2a: Glimmora|Glimmora, M|3/100
|move|p1a: Noivern|Hurricane|p2a: Glimmora
|-resisted|p2a: Glimmora
|-damage|p2a: Glimmora|0 fnt
|faint|p2a: Glimmora
|
|upkeep
|
|t:|1743813695
|switch|p2a: Alomomola|Alomomola, F|62/100
|turn|12
|
|t:|1743813699
|move|p1a: Noivern|Draco Meteor|p2a: Alomomola
|-damage|p2a: Alomomola|0 fnt
|-unboost|p1a: Noivern|spa|2
|faint|p2a: Alomomola
|
|upkeep
|
|t:|1743813706
|switch|p2a: Great Tusk|Great Tusk, shiny|100/100
|-enditem|p2a: Great Tusk|Booster Energy
|-activate|p2a: Great Tusk|ability: Protosynthesis|[fromitem]
|-start|p2a: Great Tusk|protosynthesisatk
|turn|13
|
|t:|1743813713
|switch|p1a: Tinkaton|Tinkaton, F|100/100
|-ability|p1a: Tinkaton|Mold Breaker
|move|p2a: Great Tusk|Ice Spinner|p1a: Tinkaton
|-resisted|p1a: Tinkaton
|-damage|p1a: Tinkaton|77/100
|
|upkeep
|turn|14
|
|t:|1743813722
|-terastallize|p2a: Great Tusk|Stellar
|move|p1a: Tinkaton|Fake Out|p2a: Great Tusk
|-damage|p2a: Great Tusk|90/100
|-damage|p1a: Tinkaton|67/100|[from] item: Life Orb
|cant|p2a: Great Tusk|flinch
|
|upkeep
|turn|15
|
|t:|1743813729
|move|p1a: Tinkaton|Gigaton Hammer|p2a: Great Tusk
|-damage|p2a: Great Tusk|30/100
|-damage|p1a: Tinkaton|57/100|[from] item: Life Orb
|move|p2a: Great Tusk|Headlong Rush|p1a: Tinkaton
|-supereffective|p1a: Tinkaton
|-damage|p1a: Tinkaton|0 fnt
|-unboost|p2a: Great Tusk|def|1
|-unboost|p2a: Great Tusk|spd|1
|faint|p1a: Tinkaton
|
|upkeep
|
|t:|1743813742
|switch|p1a: Iron Moth|Iron Moth|100/100
|-enditem|p1a: Iron Moth|Booster Energy
|-activate|p1a: Iron Moth|ability: Quark Drive|[fromitem]
|-start|p1a: Iron Moth|quarkdrivespa
|turn|16
|
|t:|1743813756
|move|p1a: Iron Moth|Fiery Dance|p2a: Great Tusk
|-damage|p2a: Great Tusk|0 fnt
|faint|p2a: Great Tusk
|-end|p2a: Great Tusk|Protosynthesis|[silent]
|
|upkeep
|
|t:|1743813760
|switch|p2a: Cinderace|Cinderace, F|64/100
|turn|17
|
|t:|1743813763
|move|p2a: Cinderace|Scorching Sands|p1a: Iron Moth
|-start|p2a: Cinderace|typechange|Ground|[from] ability: Libero
|-supereffective|p1a: Iron Moth
|-damage|p1a: Iron Moth|25/100
|move|p1a: Iron Moth|Sludge Wave|p2a: Cinderace
|-resisted|p2a: Cinderace
|-damage|p2a: Cinderace|33/100
|
|upkeep
|turn|18
|
|t:|1743813771
|move|p2a: Cinderace|Scorching Sands|p1a: Iron Moth
|-supereffective|p1a: Iron Moth
|-damage|p1a: Iron Moth|0 fnt
|faint|p1a: Iron Moth
|-end|p1a: Iron Moth|Quark Drive|[silent]
|
|upkeep
|
|t:|1743813774
|switch|p1a: Noivern|Noivern, F|64/100
|-item|p2a: Cinderace|Assault Vest|[from] ability: Frisk|[of] p1a: Noivern
|turn|19
|
|t:|1743813780
|switch|p2a: Gholdengo|Gholdengo|100/100
|move|p1a: Noivern|Hurricane|p2a: Gholdengo
|-resisted|p2a: Gholdengo
|-damage|p2a: Gholdengo|71/100
|
|-heal|p2a: Gholdengo|77/100|[from] item: Leftovers
|upkeep
|turn|20
|
|t:|1743813790
|move|p1a: Noivern|Psychic Noise|p2a: Gholdengo
|-resisted|p2a: Gholdengo
|-damage|p2a: Gholdengo|62/100
|-start|p2a: Gholdengo|move: Heal Block
|move|p2a: Gholdengo|Dazzling Gleam|p1a: Noivern
|-supereffective|p1a: Noivern
|-damage|p1a: Noivern|0 fnt
|faint|p1a: Noivern
|
|upkeep
|
|t:|1743813792
|switch|p1a: Meowscarada|Meowscarada, M|81/100
|turn|21
|
|t:|1743813805
|move|p1a: Meowscarada|Lash Out|p2a: Gholdengo
|-supereffective|p2a: Gholdengo
|-damage|p2a: Gholdengo|0 fnt
|faint|p2a: Gholdengo
|-damage|p1a: Meowscarada|71/100|[from] item: Life Orb
|
|upkeep
|
|t:|1743813811
|switch|p2a: Cinderace|Cinderace, F|33/100
|turn|22
|
|t:|1743813818
|move|p1a: Meowscarada|Petal Blizzard|p2a: Cinderace
|-resisted|p2a: Cinderace
|-damage|p2a: Cinderace|0 fnt
|faint|p2a: Cinderace
|-damage|p1a: Meowscarada|61/100|[from] item: Life Orb
|
|win|NeqixPL
|raw|NeqixPL's rating: 1124 &rarr; <strong>1148</strong><br />(+24 for winning)
|raw|pdspeed's rating: 1115 &rarr; <strong>1091</strong><br />(-24 for losing)
|l|‽pdspeed
|player|p2|
|l|☆NeqixPL
|player|p1|
