|j|☆stallkiller393
|j|☆Glubabal
|t:|1743856878
|gametype|singles
|player|p1|stallkiller393|rocketgrunt|1216
|player|p2|Glubabal|unknown|1244
|teamsize|p1|6
|teamsize|p2|6
|gen|9
|tier|[Gen 9] OU
|rated|
|rule|HP Percentage Mod: HP is shown in percentages
|rule|Endless Battle Clause: Forcing endless battles is banned
|rule|Species Clause: Limit one of each Pokémon
|rule|OHKO Clause: OHKO moves are banned
|rule|Evasion Items Clause: Evasion items are banned
|rule|Evasion Moves Clause: Evasion moves are banned
|rule|Sleep Moves Clause: Sleep-inducing moves are banned
|clearpoke
|poke|p1|Iron Hands|
|poke|p1|Kommo-o, M|
|poke|p1|Grimmsnarl, M|
|poke|p1|Sawsbuck, M|
|poke|p1|Scream Tail|
|poke|p1|Pecharunt|
|poke|p2|Torterra, F|
|poke|p2|Infernape, M|
|poke|p2|Empoleon, F|
|poke|p2|Serperior, M|
|poke|p2|Emboar, M|
|poke|p2|Samurott, M|
|teampreview
|inactive|Battle timer is ON: inactive players will automatically lose when time's up. (requested by stallkiller393)
|
|t:|1743856904
|start
|switch|p1a: Grimmsnarl|Grimmsnarl, M, shiny|100/100
|switch|p2a: Torterra|Torterra, F|100/100
|turn|1
|
|t:|1743856911
|move|p1a: Grimmsnarl|Reflect|p1a: Grimmsnarl
|-sidestart|p1: stallkiller393|Reflect
|move|p2a: Torterra|Leech Seed|p1a: Grimmsnarl
|-start|p1a: Grimmsnarl|move: Leech Seed
|
|-damage|p1a: Grimmsnarl|88/100|[from] Leech Seed|[of] p2a: Torterra
|upkeep
|turn|2
|
|t:|1743856915
|move|p1a: Grimmsnarl|Parting Shot|p2a: Torterra
|-unboost|p2a: Torterra|atk|1
|-unboost|p2a: Torterra|spa|1
|
|t:|1743856925
|switch|p1a: Sawsbuck|Sawsbuck, M|100/100|[from] Parting Shot
|move|p2a: Torterra|Iron Defense|p2a: Torterra
|-boost|p2a: Torterra|def|2
|
|upkeep
|turn|3
|
|t:|1743856936
|move|p1a: Sawsbuck|Swords Dance|p1a: Sawsbuck
|-boost|p1a: Sawsbuck|atk|2
|move|p2a: Torterra|Iron Defense|p2a: Torterra
|-boost|p2a: Torterra|def|2
|
|upkeep
|turn|4
|
|t:|1743856946
|move|p1a: Sawsbuck|Body Slam|p2a: Torterra
|-damage|p2a: Torterra|73/100
|-status|p2a: Torterra|par
|-damage|p1a: Sawsbuck|91/100|[from] item: Life Orb
|move|p2a: Torterra|Iron Defense|p2a: Torterra
|-boost|p2a: Torterra|def|2
|
|-heal|p2a: Torterra|79/100 par|[from] item: Leftovers
|upkeep
|turn|5
|
|t:|1743856953
|move|p1a: Sawsbuck|Horn Leech|p2a: Torterra
|-damage|p2a: Torterra|60/100 par
|-heal|p1a: Sawsbuck|100/100|[from] drain|[of] p2a: Torterra
|-damage|p1a: Sawsbuck|91/100|[from] item: Life Orb
|move|p2a: Torterra|Body Press|p1a: Sawsbuck
|-supereffective|p1a: Sawsbuck
|-damage|p1a: Sawsbuck|0 fnt
|faint|p1a: Sawsbuck
|
|-heal|p2a: Torterra|66/100 par|[from] item: Leftovers
|upkeep
|
|t:|1743856967
|switch|p1a: Pecharunt|Pecharunt|100/100
|-item|p1a: Pecharunt|Air Balloon
|turn|6
|
|t:|1743856980
|move|p1a: Pecharunt|Nasty Plot|p1a: Pecharunt
|-boost|p1a: Pecharunt|spa|2
|move|p2a: Torterra|Leech Seed|p1a: Pecharunt
|-start|p1a: Pecharunt|move: Leech Seed
|
|-heal|p2a: Torterra|72/100 par|[from] item: Leftovers
|-damage|p1a: Pecharunt|88/100|[from] Leech Seed|[of] p2a: Torterra
|-heal|p2a: Torterra|82/100 par|[silent]
|upkeep
|turn|7
|
|t:|1743856991
|move|p1a: Pecharunt|Malignant Chain|p2a: Torterra
|-damage|p2a: Torterra|26/100 par
|move|p2a: Torterra|Giga Drain|p1a: Pecharunt
|-resisted|p1a: Pecharunt
|-damage|p1a: Pecharunt|81/100
|-heal|p2a: Torterra|29/100 par|[from] drain|[of] p1a: Pecharunt
|-enditem|p1a: Pecharunt|Air Balloon
|
|-heal|p2a: Torterra|35/100 par|[from] item: Leftovers
|-damage|p1a: Pecharunt|68/100|[from] Leech Seed|[of] p2a: Torterra
|-heal|p2a: Torterra|45/100 par|[silent]
|upkeep
|turn|8
|
|t:|1743857005
|move|p1a: Pecharunt|Shadow Ball|p2a: Torterra
|-damage|p2a: Torterra|0 fnt
|faint|p2a: Torterra
|
|-sideend|p1: stallkiller393|Reflect
|upkeep
|
|t:|1743857015
|switch|p2a: Empoleon|Empoleon, F|100/100
|turn|9
|
|t:|1743857021
|-terastallize|p1a: Pecharunt|Fighting
|move|p1a: Pecharunt|Tera Blast|p2a: Empoleon|[anim] Tera Blast Fighting
|-supereffective|p2a: Empoleon
|-damage|p2a: Empoleon|20/100
|move|p2a: Empoleon|Brine|p1a: Pecharunt
|-damage|p1a: Pecharunt|41/100
|
|-heal|p2a: Empoleon|26/100|[from] item: Leftovers
|-damage|p1a: Pecharunt|29/100|[from] Leech Seed|[of] p2a: Empoleon
|-heal|p2a: Empoleon|37/100|[silent]
|upkeep
|turn|10
|
|t:|1743857037
|switch|p2a: Samurott|Samurott, M|100/100
|move|p1a: Pecharunt|Shadow Ball|p2a: Samurott
|-damage|p2a: Samurott|6/100
|
|-damage|p1a: Pecharunt|16/100|[from] Leech Seed|[of] p2a: Samurott
|-heal|p2a: Samurott|18/100|[silent]
|upkeep
|turn|11
|
|t:|1743857043
|move|p2a: Samurott|Surf|p1a: Pecharunt
|-damage|p1a: Pecharunt|0 fnt
|faint|p1a: Pecharunt
|
|upkeep
|
|t:|1743857053
|switch|p1a: Grimmsnarl|Grimmsnarl, M, shiny|88/100
|turn|12
|
|t:|1743857056
|move|p1a: Grimmsnarl|Light Screen|p1a: Grimmsnarl
|-sidestart|p1: stallkiller393|move: Light Screen
|move|p2a: Samurott|Surf|p1a: Grimmsnarl
|-damage|p1a: Grimmsnarl|60/100
|
|upkeep
|turn|13
|
|t:|1743857064
|move|p1a: Grimmsnarl|Reflect|p1a: Grimmsnarl
|-sidestart|p1: stallkiller393|Reflect
|move|p2a: Samurott|Surf|p1a: Grimmsnarl
|-damage|p1a: Grimmsnarl|34/100
|
|upkeep
|turn|14
|
|t:|1743857081
|switch|p2a: Empoleon|Empoleon, F|37/100
|move|p1a: Grimmsnarl|Spirit Break|p2a: Empoleon
|-resisted|p2a: Empoleon
|-damage|p2a: Empoleon|22/100
|-unboost|p2a: Empoleon|spa|1
|-ability|p2a: Empoleon|Competitive|boost
|-boost|p2a: Empoleon|spa|2
|
|-heal|p2a: Empoleon|28/100|[from] item: Leftovers
|upkeep
|turn|15
|
|t:|1743857086
|move|p1a: Grimmsnarl|Parting Shot|p2a: Empoleon
|-unboost|p2a: Empoleon|atk|1
|-ability|p2a: Empoleon|Competitive|boost
|-boost|p2a: Empoleon|spa|2
|-unboost|p2a: Empoleon|spa|1
|-ability|p2a: Empoleon|Competitive|boost
|-boost|p2a: Empoleon|spa|2
|
|t:|1743857096
|switch|p1a: Scream Tail|Scream Tail|100/100|[from] Parting Shot
|move|p2a: Empoleon|Aqua Ring|p2a: Empoleon
|-start|p2a: Empoleon|Aqua Ring
|
|-heal|p2a: Empoleon|34/100|[from] item: Leftovers
|-heal|p2a: Empoleon|41/100|[from] Aqua Ring
|upkeep
|turn|16
|
|t:|1743857102
|move|p1a: Scream Tail|Flamethrower|p2a: Empoleon
|-damage|p2a: Empoleon|26/100
|move|p2a: Empoleon|Whirlpool|p1a: Scream Tail
|-damage|p1a: Scream Tail|87/100
|-activate|p1a: Scream Tail|move: Whirlpool|[of] p2a: Empoleon
|
|-heal|p2a: Empoleon|32/100|[from] item: Leftovers
|-heal|p2a: Empoleon|38/100|[from] Aqua Ring
|-damage|p1a: Scream Tail|75/100|[from] move: Whirlpool|[partiallytrapped]
|upkeep
|turn|17
|
|t:|1743857108
|move|p1a: Scream Tail|Psychic Noise|p2a: Empoleon
|-resisted|p2a: Empoleon
|-damage|p2a: Empoleon|30/100
|-start|p2a: Empoleon|move: Heal Block
|-enditem|p1a: Scream Tail|Throat Spray
|-boost|p1a: Scream Tail|spa|1|[from] item: Throat Spray
|move|p2a: Empoleon|Iron Defense|p2a: Empoleon
|-boost|p2a: Empoleon|def|2
|
|-damage|p1a: Scream Tail|62/100|[from] move: Whirlpool|[partiallytrapped]
|upkeep
|turn|18
|
|t:|1743857117
|move|p1a: Scream Tail|Flamethrower|p2a: Empoleon
|-damage|p2a: Empoleon|10/100
|move|p2a: Empoleon|Brine|p1a: Scream Tail
|-damage|p1a: Scream Tail|35/100
|
|-damage|p1a: Scream Tail|23/100|[from] move: Whirlpool|[partiallytrapped]
|-end|p2a: Empoleon|move: Heal Block
|upkeep
|turn|19
|
|t:|1743857127
|move|p1a: Scream Tail|Psychic Noise|p2a: Empoleon
|-resisted|p2a: Empoleon
|-damage|p2a: Empoleon|0 fnt
|faint|p2a: Empoleon
|
|-end|p1a: Scream Tail|Whirlpool|[partiallytrapped]|[silent]
|-sideend|p1: stallkiller393|move: Light Screen
|upkeep
|
|t:|1743857136
|switch|p2a: Samurott|Samurott, M|18/100
|turn|20
|
|t:|1743857144
|move|p2a: Samurott|Surf|p1a: Scream Tail
|-damage|p1a: Scream Tail|0 fnt
|faint|p1a: Scream Tail
|-end|p1a: Scream Tail|Protosynthesis|[silent]
|
|-sideend|p1: stallkiller393|Reflect
|upkeep
|
|t:|1743857149
|switch|p1a: Grimmsnarl|Grimmsnarl, M, shiny|34/100
|turn|21
|
|t:|1743857158
|switch|p2a: Serperior|Serperior, M|100/100
|move|p1a: Grimmsnarl|Light Screen|p1a: Grimmsnarl
|-sidestart|p1: stallkiller393|move: Light Screen
|
|upkeep
|turn|22
|
|t:|1743857168
|switch|p1a: Iron Hands|Iron Hands|100/100
|move|p2a: Serperior|Swords Dance|p2a: Serperior
|-boost|p2a: Serperior|atk|2
|
|upkeep
|turn|23
|
|t:|1743857175
|move|p2a: Serperior|Bullet Seed|p1a: Iron Hands
|-damage|p1a: Iron Hands|89/100
|-damage|p1a: Iron Hands|76/100
|-damage|p1a: Iron Hands|64/100
|-damage|p1a: Iron Hands|52/100
|-damage|p1a: Iron Hands|40/100
|-hitcount|p1a: Iron Hands|5
|move|p1a: Iron Hands|Swords Dance|p1a: Iron Hands
|-boost|p1a: Iron Hands|atk|2
|
|-heal|p1a: Iron Hands|46/100|[from] item: Leftovers
|upkeep
|turn|24
|
|t:|1743857184
|move|p2a: Serperior|Bullet Seed|p1a: Iron Hands
|-damage|p1a: Iron Hands|34/100
|-damage|p1a: Iron Hands|22/100
|-damage|p1a: Iron Hands|9/100
|-damage|p1a: Iron Hands|0 fnt
|faint|p1a: Iron Hands
|-end|p1a: Iron Hands|Quark Drive|[silent]
|-hitcount|p1: Iron Hands|4
|
|upkeep
|-message|stallkiller393 forfeited.
|
|win|Glubabal
|raw|stallkiller393's rating: 1216 &rarr; <strong>1193</strong><br />(-23 for losing)
|raw|Glubabal's rating: 1244 &rarr; <strong>1267</strong><br />(+23 for winning)
|l|☆stallkiller393
|player|p1|
|l|☆Glubabal
|player|p2|
