|j|☆KarmaKazama0
|j|☆Olly457
|t:|1743784396
|gametype|singles
|player|p1|KarmaKazama0|170|1324
|player|p2|Olly457|blue|1272
|teamsize|p1|6
|teamsize|p2|6
|gen|9
|tier|[Gen 9] OU
|rated|
|rule|HP Percentage Mod: HP is shown in percentages
|rule|Endless Battle Clause: Forcing endless battles is banned
|rule|Species Clause: Limit one of each Pokémon
|rule|OHKO Clause: OHKO moves are banned
|rule|Evasion Items Clause: Evasion items are banned
|rule|Evasion Moves Clause: Evasion moves are banned
|rule|Sleep Moves Clause: Sleep-inducing moves are banned
|clearpoke
|poke|p1|Kyurem|
|poke|p1|Great Tusk|
|poke|p1|Dragapult, M|
|poke|p1|Dragonite, F|
|poke|p1|Haxorus, M|
|poke|p1|Galvantula, M|
|poke|p2|Thundurus-Therian, M|
|poke|p2|Meowscarada, M|
|poke|p2|Hatterene, F|
|poke|p2|Great Tusk|
|poke|p2|Toxapex, F|
|poke|p2|Slither Wing|
|teampreview
|inactive|Battle timer is ON: inactive players will automatically lose when time's up. (requested by KarmaKazama0)
|
|t:|1743784429
|start
|switch|p1a: Cryogod|Kyurem|100/100
|switch|p2a: Thundurus|Thundurus-Therian, M|100/100
|-ability|p1a: Cryogod|Pressure
|turn|1
|
|t:|1743784442
|move|p2a: Thundurus|Volt Switch|p1a: Cryogod
|-resisted|p1a: Cryogod
|-damage|p1a: Cryogod|71/100
|j| Mairyuwu
|
|t:|1743784447
|switch|p2a: Toxapex|Toxapex, F|100/100|[from] Volt Switch
|move|p1a: Cryogod|Icicle Spear|p2a: Toxapex
|-resisted|p2a: Toxapex
|-crit|p2a: Toxapex
|-damage|p2a: Toxapex|92/100
|-resisted|p2a: Toxapex
|-damage|p2a: Toxapex|86/100
|-resisted|p2a: Toxapex
|-damage|p2a: Toxapex|80/100
|-resisted|p2a: Toxapex
|-damage|p2a: Toxapex|74/100
|-hitcount|p2a: Toxapex|4
|
|upkeep
|turn|2
|
|t:|1743784454
|switch|p1a: Araclash|Galvantula, M|100/100
|move|p2a: Toxapex|Acid Spray|p1a: Araclash
|-damage|p1a: Araclash|75/100
|-unboost|p1a: Araclash|spd|2
|
|upkeep
|turn|3
|
|t:|1743784461
|move|p1a: Araclash|Sticky Web|p2a: Toxapex
|-sidestart|p2: Olly457|move: Sticky Web
|move|p2a: Toxapex|Sludge Bomb|p1a: Araclash
|-damage|p1a: Araclash|0 fnt
|faint|p1a: Araclash
|
|upkeep
|
|t:|1743784472
|switch|p1a: Razorclaw|Haxorus, M|100/100
|-ability|p1a: Razorclaw|Mold Breaker
|turn|4
|
|t:|1743784478
|move|p1a: Razorclaw|Swords Dance|p1a: Razorclaw
|-boost|p1a: Razorclaw|atk|2
|move|p2a: Toxapex|Acid Spray|p1a: Razorclaw
|-damage|p1a: Razorclaw|78/100
|-unboost|p1a: Razorclaw|spd|2
|
|upkeep
|turn|5
|
|t:|1743784483
|move|p1a: Razorclaw|Scale Shot|p2a: Toxapex
|-damage|p2a: Toxapex|48/100
|-damage|p2a: Toxapex|23/100
|-damage|p2a: Toxapex|0 fnt
|faint|p2a: Toxapex
|-hitcount|p2: Toxapex|3
|-unboost|p1a: Razorclaw|def|1
|-boost|p1a: Razorclaw|spe|1
|
|upkeep
|
|t:|1743784490
|switch|p2a: Meowscarada|Meowscarada, M|100/100
|-activate|p2a: Meowscarada|move: Sticky Web
|-unboost|p2a: Meowscarada|spe|1
|turn|6
|
|t:|1743784517
|switch|p2a: Hatterene|Hatterene, F|100/100
|-activate|p2a: Hatterene|move: Sticky Web
|-unboost|p2a: Hatterene|spe|1
|move|p1a: Razorclaw|Swords Dance|p1a: Razorclaw
|-boost|p1a: Razorclaw|atk|2
|
|upkeep
|turn|7
|
|t:|1743784523
|move|p1a: Razorclaw|Earthquake|p2a: Hatterene
|-damage|p2a: Hatterene|0 fnt
|faint|p2a: Hatterene
|
|upkeep
|
|t:|1743784527
|switch|p2a: Great Tusk|Great Tusk|100/100
|-activate|p2a: Great Tusk|move: Sticky Web
|-unboost|p2a: Great Tusk|spe|1
|turn|8
|
|t:|1743784532
|move|p1a: Razorclaw|Scale Shot|p2a: Great Tusk
|-damage|p2a: Great Tusk|73/100
|-damage|p2a: Great Tusk|44/100
|-damage|p2a: Great Tusk|13/100
|-damage|p2a: Great Tusk|0 fnt
|faint|p2a: Great Tusk
|-end|p2a: Great Tusk|Protosynthesis|[silent]
|-hitcount|p2: Great Tusk|4
|-unboost|p1a: Razorclaw|def|1
|-boost|p1a: Razorclaw|spe|1
|
|upkeep
|
|t:|1743784541
|switch|p2a: Slither Wing|Slither Wing|100/100
|-activate|p2a: Slither Wing|move: Sticky Web
|-unboost|p2a: Slither Wing|spe|1
|turn|9
|
|t:|1743784550
|move|p2a: Slither Wing|First Impression|p1a: Razorclaw
|-damage|p1a: Razorclaw|0 fnt
|faint|p1a: Razorclaw
|
|upkeep
|
|t:|1743784558
|switch|p1a: Seraphim|Dragonite, F, shiny|100/100
|turn|10
|
|t:|1743784562
|move|p1a: Seraphim|Encore|p2a: Slither Wing
|-start|p2a: Slither Wing|Encore
|move|p2a: Slither Wing|First Impression||[still]
|-hint|First Impression only works on your first turn out.
|-fail|p2a: Slither Wing
|
|upkeep
|turn|11
|
|t:|1743784565
|-end|p2a: Slither Wing|Protosynthesis|[silent]
|switch|p2a: Meowscarada|Meowscarada, M|100/100
|-activate|p2a: Meowscarada|move: Sticky Web
|-unboost|p2a: Meowscarada|spe|1
|move|p1a: Seraphim|Dragon Dance|p1a: Seraphim
|-boost|p1a: Seraphim|atk|1
|-boost|p1a: Seraphim|spe|1
|
|upkeep
|turn|12
|
|t:|1743784571
|move|p1a: Seraphim|Fire Punch|p2a: Meowscarada
|-supereffective|p2a: Meowscarada
|-damage|p2a: Meowscarada|0 fnt
|faint|p2a: Meowscarada
|
|upkeep
|-message|Olly457 forfeited.
|
|win|KarmaKazama0
|raw|KarmaKazama0's rating: 1324 &rarr; <strong>1341</strong><br />(+17 for winning)
|raw|Olly457's rating: 1272 &rarr; <strong>1251</strong><br />(-21 for losing)
|l|☆Olly457
|player|p2|
