|j|☆Brucey_Bruce
|j|☆Ayubismail
|t:|1743878577
|gametype|singles
|player|p1|Brucey_Bruce|rosa|1453
|player|p2|Ayubismail|2|1391
|teamsize|p1|6
|teamsize|p2|6
|gen|9
|tier|[Gen 9] OU
|rated|
|rule|HP Percentage Mod: HP is shown in percentages
|rule|Endless Battle Clause: Forcing endless battles is banned
|rule|Species Clause: Limit one of each Pokémon
|rule|OHKO Clause: OHKO moves are banned
|rule|Evasion Items Clause: Evasion items are banned
|rule|Evasion Moves Clause: Evasion moves are banned
|rule|Sleep Moves Clause: Sleep-inducing moves are banned
|clearpoke
|poke|p1|Ogerpon-Wellspring, F|
|poke|p1|Zamazenta-*|
|poke|p1|Iron Treads|
|poke|p1|Iron Jugulis|
|poke|p1|Dragonite, F|
|poke|p1|Iron Valiant|
|poke|p2|Probopass, M|
|poke|p2|Iron Crown|
|poke|p2|Sinistcha|
|poke|p2|Grimmsnarl, M|
|poke|p2|Kyurem|
|poke|p2|Great Tusk|
|teampreview
|
|t:|1743878592
|start
|switch|p1a: Iron Treads|Iron Treads|100/100
|switch|p2a: Grimmsnarl|Grimmsnarl, M|100/100
|-enditem|p1a: Iron Treads|Booster Energy
|-activate|p1a: Iron Treads|ability: Quark Drive|[fromitem]
|-start|p1a: Iron Treads|quarkdrivespe
|turn|1
|
|t:|1743878601
|move|p2a: Grimmsnarl|Reflect|p2a: Grimmsnarl
|-sidestart|p2: Ayubismail|Reflect
|move|p1a: Iron Treads|Steel Beam|p2a: Grimmsnarl
|-supereffective|p2a: Grimmsnarl
|-damage|p2a: Grimmsnarl|0 fnt
|-damage|p1a: Iron Treads|50/100|[from] steelbeam
|faint|p2a: Grimmsnarl
|
|upkeep
|
|t:|1743878613
|switch|p2a: Iron Crown|Iron Crown|100/100
|turn|2
|inactive|Battle timer is ON: inactive players will automatically lose when time's up. (requested by Ayubismail)
|
|t:|1743878648
|-end|p1a: Iron Treads|Quark Drive|[silent]
|switch|p1a: Ogerpon|Ogerpon-Wellspring, F|100/100
|move|p2a: Iron Crown|Agility|p2a: Iron Crown
|-boost|p2a: Iron Crown|spe|2
|
|upkeep
|turn|3
|
|t:|1743878657
|move|p2a: Iron Crown|Calm Mind|p2a: Iron Crown
|-boost|p2a: Iron Crown|spa|1
|-boost|p2a: Iron Crown|spd|1
|move|p1a: Ogerpon|Knock Off|p2a: Iron Crown
|-supereffective|p2a: Iron Crown
|-damage|p2a: Iron Crown|59/100
|-enditem|p2a: Iron Crown|Weakness Policy
|-boost|p2a: Iron Crown|atk|2|[from] item: Weakness Policy
|-boost|p2a: Iron Crown|spa|2|[from] item: Weakness Policy
|
|upkeep
|turn|4
|
|t:|1743878672
|move|p2a: Iron Crown|Stored Power|p1a: Ogerpon
|-damage|p1a: Ogerpon|0 fnt
|faint|p1a: Ogerpon
|
|upkeep
|
|t:|1743878687
|switch|p1a: Iron Jugulis|Iron Jugulis|100/100
|turn|5
|
|t:|1743878695
|move|p2a: Iron Crown|Tachyon Cutter|p1a: Iron Jugulis
|-damage|p1a: Iron Jugulis|19/100
|-damage|p1a: Iron Jugulis|0 fnt
|faint|p1a: Iron Jugulis
|-end|p1a: Iron Jugulis|Quark Drive|[silent]
|-hitcount|p1: Iron Jugulis|2
|
|upkeep
|
|t:|1743878708
|switch|p1a: Iron Treads|Iron Treads|50/100
|turn|6
|
|t:|1743878713
|move|p2a: Iron Crown|Stored Power|p1a: Iron Treads
|-resisted|p1a: Iron Treads
|-damage|p1a: Iron Treads|0 fnt
|faint|p1a: Iron Treads
|-end|p1a: Iron Treads|Quark Drive|[silent]
|
|upkeep
|c|☆Brucey_Bruce|I lost!
|
|t:|1743878729
|switch|p1a: Dragonite|Dragonite, F|100/100
|turn|7
|
|t:|1743878739
|move|p2a: Iron Crown|Stored Power|p1a: Dragonite
|-damage|p1a: Dragonite|0 fnt
|faint|p1a: Dragonite
|
|upkeep
|
|t:|1743878750
|switch|p1a: Iron Valiant|Iron Valiant|100/100
|-enditem|p1a: Iron Valiant|Booster Energy
|-activate|p1a: Iron Valiant|ability: Quark Drive|[fromitem]
|-start|p1a: Iron Valiant|quarkdrivespe
|turn|8
|
|t:|1743878761
|move|p2a: Iron Crown|Tachyon Cutter|p1a: Iron Valiant
|-supereffective|p1a: Iron Valiant
|-damage|p1a: Iron Valiant|0 fnt
|faint|p1a: Iron Valiant
|-end|p1a: Iron Valiant|Quark Drive|[silent]
|-hitcount|p1: Iron Valiant|1
|
|-sideend|p2: Ayubismail|Reflect
|upkeep
|-message|Brucey_Bruce forfeited.
|
|win|Ayubismail
|raw|Brucey_Bruce's rating: 1453 &rarr; <strong>1429</strong><br />(-24 for losing)
|raw|Ayubismail's rating: 1391 &rarr; <strong>1415</strong><br />(+24 for winning)
|l|☆Brucey_Bruce
|player|p1|
