|badge|p1|bronze|gen9ou|100-5
|uhtml|medal-msg|<div class="broadcast-blue">Curious what those medals under the avatar are? PS now has Ladder Seasons! For more information, check out the <a href="https://www.smogon.com/forums/threads/3740067/">thread on Smogon.</a></div>
|badge|p2|silver|gen9ou|30-5
|uhtml|medal-msg|<div class="broadcast-blue">Curious what those medals under the avatar are? PS now has Ladder Seasons! For more information, check out the <a href="https://www.smogon.com/forums/threads/3740067/">thread on Smogon.</a></div>
|j|☆alvar03
|j|☆quinx of ladder
|t:|1743804723
|gametype|singles
|player|p1|alvar03|alder|1817
|player|p2|quinx of ladder|lenora|1938
|teamsize|p1|6
|teamsize|p2|6
|gen|9
|tier|[Gen 9] OU
|rated|
|rule|HP Percentage Mod: HP is shown in percentages
|rule|Endless Battle Clause: Forcing endless battles is banned
|rule|Species Clause: Limit one of each Pokémon
|rule|OHKO Clause: OHKO moves are banned
|rule|Evasion Items Clause: Evasion items are banned
|rule|Evasion Moves Clause: Evasion moves are banned
|rule|Sleep Moves Clause: Sleep-inducing moves are banned
|clearpoke
|poke|p1|Gliscor, F|
|poke|p1|Clefable, F|
|poke|p1|Ogerpon, F|
|poke|p1|Corviknight, M|
|poke|p1|Zamazenta-*|
|poke|p1|Weavile, F|
|poke|p2|Ogerpon-Wellspring, F|
|poke|p2|Zamazenta-*|
|poke|p2|Slowking-Galar, M|
|poke|p2|Kingambit, M|
|poke|p2|Great Tusk|
|poke|p2|Tornadus-Therian, M|
|teampreview
|
|t:|1743804734
|start
|switch|p1a: Clefable|Clefable, F|100/100
|switch|p2a: Tornadus|Tornadus-Therian, M|100/100
|turn|1
|inactive|Battle timer is ON: inactive players will automatically lose when time's up. (requested by quinx of ladder)
|
|t:|1743804737
|move|p2a: Tornadus|U-turn|p1a: Clefable
|-resisted|p1a: Clefable
|-damage|p1a: Clefable|93/100
|
|t:|1743804738
|switch|p2a: Slowking|Slowking-Galar, M|100/100|[from] U-turn
|move|p1a: Clefable|Knock Off|p2a: Slowking
|-supereffective|p2a: Slowking
|-damage|p2a: Slowking|79/100
|-enditem|p2a: Slowking|Assault Vest|[from] move: Knock Off|[of] p1a: Clefable
|
|-heal|p1a: Clefable|99/100|[from] item: Leftovers
|upkeep
|turn|2
|
|t:|1743804741
|move|p1a: Clefable|Stealth Rock|p2a: Slowking
|-sidestart|p2: quinx of ladder|move: Stealth Rock
|move|p2a: Slowking|Sludge Bomb|p1a: Clefable
|-supereffective|p1a: Clefable
|-damage|p1a: Clefable|56/100
|-status|p1a: Clefable|psn
|
|-heal|p1a: Clefable|62/100 psn|[from] item: Leftovers
|upkeep
|turn|3
|
|t:|1743804746
|move|p1a: Clefable|Moonlight|p1a: Clefable
|-heal|p1a: Clefable|100/100 psn
|move|p2a: Slowking|Sludge Bomb|p1a: Clefable
|-supereffective|p1a: Clefable
|-damage|p1a: Clefable|58/100 psn
|
|-heal|p1a: Clefable|64/100 psn|[from] item: Leftovers
|upkeep
|turn|4
|
|t:|1743804750
|switch|p1a: Corviknight|Corviknight, M|100/100
|-ability|p1a: Corviknight|Pressure
|move|p2a: Slowking|Sludge Bomb|p1a: Corviknight
|-immune|p1a: Corviknight
|
|upkeep
|turn|5
|
|t:|1743804753
|move|p1a: Corviknight|Brave Bird|p2a: Slowking
|-damage|p2a: Slowking|54/100
|-damage|p1a: Corviknight|92/100|[from] Recoil
|move|p2a: Slowking|Sludge Bomb|p1a: Corviknight
|-immune|p1a: Corviknight
|
|-heal|p1a: Corviknight|98/100|[from] item: Leftovers
|upkeep
|turn|6
|
|t:|1743804759
|switch|p2a: Great Tusk|Great Tusk|100/100
|-damage|p2a: Great Tusk|98/100|[from] Stealth Rock
|move|p1a: Corviknight|Brave Bird|p2a: Great Tusk
|-supereffective|p2a: Great Tusk
|-damage|p2a: Great Tusk|46/100
|-damage|p1a: Corviknight|82/100|[from] item: Rocky Helmet|[of] p2a: Great Tusk
|-damage|p1a: Corviknight|64/100|[from] Recoil
|
|-heal|p1a: Corviknight|70/100|[from] item: Leftovers
|upkeep
|turn|7
|
|t:|1743804784
|move|p2a: Great Tusk|Stealth Rock|p1a: Corviknight
|-sidestart|p1: alvar03|move: Stealth Rock
|move|p1a: Corviknight|Roost|p1a: Corviknight
|-heal|p1a: Corviknight|100/100
|-singleturn|p1a: Corviknight|move: Roost
|
|upkeep
|turn|8
|
|t:|1743804788
|-end|p2a: Great Tusk|Protosynthesis|[silent]
|switch|p2a: Slowking|Slowking-Galar, M|87/100
|-damage|p2a: Slowking|75/100|[from] Stealth Rock
|move|p1a: Corviknight|Brave Bird|p2a: Slowking
|-damage|p2a: Slowking|47/100
|-damage|p1a: Corviknight|91/100|[from] Recoil
|
|-heal|p1a: Corviknight|97/100|[from] item: Leftovers
|upkeep
|turn|9
|
|t:|1743804792
|move|p1a: Corviknight|Brave Bird|p2a: Slowking
|-damage|p2a: Slowking|20/100
|-damage|p1a: Corviknight|88/100|[from] Recoil
|move|p2a: Slowking|Flamethrower|p1a: Corviknight
|-supereffective|p1a: Corviknight
|-crit|p1a: Corviknight
|-damage|p1a: Corviknight|27/100
|
|-heal|p1a: Corviknight|33/100|[from] item: Leftovers
|upkeep
|turn|10
|
|t:|1743804798
|switch|p2a: Tornadus|Tornadus-Therian, M|100/100
|-damage|p2a: Tornadus|76/100|[from] Stealth Rock
|move|p1a: Corviknight|Roost|p1a: Corviknight
|-heal|p1a: Corviknight|83/100
|-singleturn|p1a: Corviknight|move: Roost
|
|-heal|p1a: Corviknight|89/100|[from] item: Leftovers
|upkeep
|turn|11
|inactive|quinx of ladder has 120 seconds left.
|
|t:|1743804847
|switch|p1a: Clefable|Clefable, F|64/100 psn
|move|p2a: Tornadus|Knock Off|p1a: Clefable
|-resisted|p1a: Clefable
|-damage|p1a: Clefable|52/100 psn
|-enditem|p1a: Clefable|Leftovers|[from] move: Knock Off|[of] p2a: Tornadus
|
|upkeep
|turn|12
|
|t:|1743804853
|move|p2a: Tornadus|U-turn|p1a: Clefable
|-resisted|p1a: Clefable
|-damage|p1a: Clefable|44/100 psn
|
|t:|1743804856
|switch|p2a: Ogerpon|Ogerpon-Wellspring, F|100/100|[from] U-turn
|-damage|p2a: Ogerpon|88/100|[from] Stealth Rock
|move|p1a: Clefable|Moonlight|p1a: Clefable
|-heal|p1a: Clefable|94/100 psn
|
|upkeep
|turn|13
|
|t:|1743804867
|switch|p1a: Corviknight|Corviknight, M|89/100
|-damage|p1a: Corviknight|77/100|[from] Stealth Rock
|-ability|p1a: Corviknight|Pressure
|move|p2a: Ogerpon|Ivy Cudgel|p1a: Corviknight|[anim] Ivy Cudgel Water
|-damage|p1a: Corviknight|44/100
|
|-heal|p1a: Corviknight|50/100|[from] item: Leftovers
|upkeep
|turn|14
|
|t:|1743804870
|-terastallize|p2a: Ogerpon|Water
|detailschange|p2a: Ogerpon|Ogerpon-Wellspring-Tera, F, tera:Water
|-ability|p2a: Ogerpon|Embody Aspect (Wellspring)|boost
|-boost|p2a: Ogerpon|spd|1
|move|p2a: Ogerpon|Ivy Cudgel|p1a: Corviknight|[anim] Ivy Cudgel Water
|-damage|p1a: Corviknight|3/100
|move|p1a: Corviknight|Roost|p1a: Corviknight
|-heal|p1a: Corviknight|53/100
|-singleturn|p1a: Corviknight|move: Roost
|
|-heal|p1a: Corviknight|59/100|[from] item: Leftovers
|upkeep
|turn|15
|
|t:|1743804873
|move|p2a: Ogerpon|Ivy Cudgel|p1a: Corviknight|[anim] Ivy Cudgel Water
|-damage|p1a: Corviknight|13/100
|move|p1a: Corviknight|U-turn|p2a: Ogerpon
|-damage|p2a: Ogerpon|69/100
|
|t:|1743804877
|switch|p1a: Ogerpon|Ogerpon, F|100/100|[from] U-turn
|
|upkeep
|turn|16
|
|t:|1743804881
|switch|p2a: Tornadus|Tornadus-Therian, M|100/100
|-damage|p2a: Tornadus|76/100|[from] Stealth Rock
|move|p1a: Ogerpon|Ivy Cudgel|p2a: Tornadus
|-resisted|p2a: Tornadus
|-crit|p2a: Tornadus
|-damage|p2a: Tornadus|30/100
|
|upkeep
|turn|17
|j| ShaqFromBasketball
|
|t:|1743804896
|switch|p2a: Kingambit|Kingambit, M|100/100
|-damage|p2a: Kingambit|94/100|[from] Stealth Rock
|-terastallize|p1a: Ogerpon|Grass
|detailschange|p1a: Ogerpon|Ogerpon-Teal-Tera, F, tera:Grass
|-ability|p1a: Ogerpon|Embody Aspect (Teal)|boost
|-boost|p1a: Ogerpon|spe|1
|move|p1a: Ogerpon|Knock Off|p2a: Kingambit
|-resisted|p2a: Kingambit
|-damage|p2a: Kingambit|83/100
|-enditem|p2a: Kingambit|Leftovers|[from] move: Knock Off|[of] p1a: Ogerpon
|
|upkeep
|turn|18
|
|t:|1743804906
|switch|p1a: Corviknight|Corviknight, M|13/100
|-damage|p1a: Corviknight|1/100|[from] Stealth Rock
|-ability|p1a: Corviknight|Pressure
|move|p2a: Kingambit|Sucker Punch||[still]
|-fail|p2a: Kingambit
|
|-heal|p1a: Corviknight|7/100|[from] item: Leftovers
|upkeep
|turn|19
|
|t:|1743804909
|move|p1a: Corviknight|Body Press|p2a: Kingambit
|-supereffective|p2a: Kingambit
|-damage|p2a: Kingambit|0 fnt
|faint|p2a: Kingambit
|-end|p2a: Kingambit|fallenundefined|[silent]
|
|-heal|p1a: Corviknight|13/100|[from] item: Leftovers
|upkeep
|
|t:|1743804919
|switch|p2a: Ogerpon|Ogerpon-Wellspring-Tera, F, tera:Water|69/100
|-damage|p2a: Ogerpon|57/100|[from] Stealth Rock
|-ability|p2a: Ogerpon|Embody Aspect (Wellspring)|boost
|-boost|p2a: Ogerpon|spd|1
|turn|20
|
|t:|1743804922
|move|p2a: Ogerpon|Ivy Cudgel|p1a: Corviknight|[anim] Ivy Cudgel Water
|-damage|p1a: Corviknight|0 fnt
|faint|p1a: Corviknight
|
|upkeep
|
|t:|1743804924
|switch|p1a: Ogerpon|Ogerpon-Teal-Tera, F, tera:Grass|100/100
|-ability|p1a: Ogerpon|Embody Aspect (Teal)|boost
|-boost|p1a: Ogerpon|spe|1
|turn|21
|
|t:|1743804935
|switch|p2a: Tornadus|Tornadus-Therian, M|63/100
|-damage|p2a: Tornadus|38/100|[from] Stealth Rock
|move|p1a: Ogerpon|Ivy Cudgel|p2a: Tornadus
|-resisted|p2a: Tornadus
|-crit|p2a: Tornadus
|-damage|p2a: Tornadus|0 fnt
|faint|p2a: Tornadus
|
|upkeep
|
|t:|1743804937
|switch|p2a: Slowking|Slowking-Galar, M|53/100
|-damage|p2a: Slowking|41/100|[from] Stealth Rock
|turn|22
|
|t:|1743804945
|switch|p1a: Clefable|Clefable, F|94/100 psn
|move|p2a: Slowking|Sludge Bomb|p1a: Clefable
|-supereffective|p1a: Clefable
|-damage|p1a: Clefable|46/100 psn
|
|upkeep
|turn|23
|
|t:|1743804948
|move|p1a: Clefable|Knock Off|p2a: Slowking
|-supereffective|p2a: Slowking
|-damage|p2a: Slowking|25/100
|move|p2a: Slowking|Sludge Bomb|p1a: Clefable
|-supereffective|p1a: Clefable
|-damage|p1a: Clefable|5/100 psn
|
|upkeep
|turn|24
|
|t:|1743804953
|switch|p2a: Ogerpon|Ogerpon-Wellspring-Tera, F, tera:Water|57/100
|-damage|p2a: Ogerpon|45/100|[from] Stealth Rock
|-ability|p2a: Ogerpon|Embody Aspect (Wellspring)|boost
|-boost|p2a: Ogerpon|spd|1
|move|p1a: Clefable|Moonlight|p1a: Clefable
|-heal|p1a: Clefable|55/100 psn
|
|upkeep
|turn|25
|
|t:|1743804958
|switch|p1a: Zamazenta|Zamazenta|100/100
|-ability|p1a: Zamazenta|Dauntless Shield|boost
|-boost|p1a: Zamazenta|def|1
|move|p2a: Ogerpon|U-turn|p1a: Zamazenta
|-resisted|p1a: Zamazenta
|-crit|p1a: Zamazenta
|-damage|p1a: Zamazenta|80/100
|
|t:|1743804962
|switch|p2a: Slowking|Slowking-Galar, M|58/100|[from] U-turn
|-damage|p2a: Slowking|46/100|[from] Stealth Rock
|
|upkeep
|turn|26
|
|t:|1743804965
|move|p1a: Zamazenta|Close Combat|p2a: Slowking
|-resisted|p2a: Slowking
|-damage|p2a: Slowking|36/100
|-unboost|p1a: Zamazenta|def|1
|-unboost|p1a: Zamazenta|spd|1
|move|p2a: Slowking|Sludge Bomb|p1a: Zamazenta
|-damage|p1a: Zamazenta|31/100
|
|upkeep
|turn|27
|
|t:|1743804970
|switch|p2a: Great Tusk|Great Tusk|46/100
|-damage|p2a: Great Tusk|43/100|[from] Stealth Rock
|move|p1a: Zamazenta|Crunch|p2a: Great Tusk
|-resisted|p2a: Great Tusk
|-damage|p2a: Great Tusk|34/100
|-unboost|p2a: Great Tusk|def|1
|-damage|p1a: Zamazenta|14/100|[from] item: Rocky Helmet|[of] p2a: Great Tusk
|
|upkeep
|turn|28
|
|t:|1743804974
|-end|p2a: Great Tusk|Protosynthesis|[silent]
|switch|p2a: Slowking|Slowking-Galar, M|69/100
|-damage|p2a: Slowking|57/100|[from] Stealth Rock
|move|p1a: Zamazenta|Close Combat|p2a: Slowking
|-resisted|p2a: Slowking
|-damage|p2a: Slowking|46/100
|-unboost|p1a: Zamazenta|def|1
|-unboost|p1a: Zamazenta|spd|1
|
|upkeep
|turn|29
|
|t:|1743804976
|switch|p2a: Great Tusk|Great Tusk|34/100
|-damage|p2a: Great Tusk|31/100|[from] Stealth Rock
|move|p1a: Zamazenta|Close Combat|p2a: Great Tusk
|-damage|p2a: Great Tusk|0 fnt
|-unboost|p1a: Zamazenta|def|1
|-unboost|p1a: Zamazenta|spd|1
|-damage|p1a: Zamazenta|0 fnt|[from] item: Rocky Helmet|[of] p2a: Great Tusk
|faint|p2a: Great Tusk
|-end|p2a: Great Tusk|Protosynthesis|[silent]
|faint|p1a: Zamazenta
|
|upkeep
|
|t:|1743804985
|switch|p1a: Ogerpon|Ogerpon-Teal-Tera, F, tera:Grass|100/100
|switch|p2a: Slowking|Slowking-Galar, M|80/100
|-ability|p1a: Ogerpon|Embody Aspect (Teal)|boost
|-boost|p1a: Ogerpon|spe|1
|-damage|p2a: Slowking|67/100|[from] Stealth Rock
|turn|30
|
|t:|1743804989
|switch|p1a: Gliscor|Gliscor, F|100/100
|-damage|p1a: Gliscor|88/100|[from] Stealth Rock
|move|p2a: Slowking|Sludge Bomb|p1a: Gliscor
|-resisted|p1a: Gliscor
|-damage|p1a: Gliscor|68/100
|
|-status|p1a: Gliscor|tox|[from] item: Toxic Orb
|upkeep
|turn|31
|
|t:|1743804993
|switch|p2a: Ogerpon|Ogerpon-Wellspring-Tera, F, tera:Water|45/100
|-damage|p2a: Ogerpon|32/100|[from] Stealth Rock
|-ability|p2a: Ogerpon|Embody Aspect (Wellspring)|boost
|-boost|p2a: Ogerpon|spd|1
|move|p1a: Gliscor|Protect||[still]
|-fail|p1a: Gliscor
|
|-heal|p1a: Gliscor|80/100 tox|[from] ability: Poison Heal
|upkeep
|turn|32
|
|t:|1743805001
|move|p1a: Gliscor|Protect|p1a: Gliscor
|-singleturn|p1a: Gliscor|Protect
|move|p2a: Ogerpon|U-turn|p1a: Gliscor
|-activate|p1a: Gliscor|move: Protect
|
|-heal|p1a: Gliscor|93/100 tox|[from] ability: Poison Heal
|upkeep
|turn|33
|
|t:|1743805004
|switch|p1a: Ogerpon|Ogerpon-Teal-Tera, F, tera:Grass|100/100
|-ability|p1a: Ogerpon|Embody Aspect (Teal)|boost
|-boost|p1a: Ogerpon|spe|1
|move|p2a: Ogerpon|Synthesis|p2a: Ogerpon
|-heal|p2a: Ogerpon|82/100
|
|upkeep
|turn|34
|
|t:|1743805009
|move|p1a: Ogerpon|Ivy Cudgel|p2a: Ogerpon
|-supereffective|p2a: Ogerpon
|-damage|p2a: Ogerpon|0 fnt
|faint|p2a: Ogerpon
|
|upkeep
|
|t:|1743805012
|switch|p2a: Slowking|Slowking-Galar, M|100/100
|-damage|p2a: Slowking|88/100|[from] Stealth Rock
|turn|35
|j| macrocosmoss
|
|t:|1743805017
|switch|p1a: Weavile|Weavile, F|100/100
|-ability|p1a: Weavile|Pressure
|switch|p2a: Zamazenta|Zamazenta|100/100
|-damage|p2a: Zamazenta|94/100|[from] Stealth Rock
|-ability|p2a: Zamazenta|Dauntless Shield|boost
|-boost|p2a: Zamazenta|def|1
|
|-heal|p2a: Zamazenta|100/100|[from] item: Leftovers
|upkeep
|turn|36
|
|t:|1743805023
|switch|p1a: Gliscor|Gliscor, F|93/100 tox
|-damage|p1a: Gliscor|80/100 tox|[from] Stealth Rock
|move|p2a: Zamazenta|Iron Defense|p2a: Zamazenta
|-boost|p2a: Zamazenta|def|2
|
|-heal|p1a: Gliscor|93/100 tox|[from] ability: Poison Heal
|upkeep
|turn|37
|
|t:|1743805026
|move|p2a: Zamazenta|Body Press|p1a: Gliscor
|-resisted|p1a: Gliscor
|-damage|p1a: Gliscor|65/100 tox
|move|p1a: Gliscor|Toxic|p2a: Zamazenta|[miss]
|-miss|p1a: Gliscor|p2a: Zamazenta
|
|-heal|p1a: Gliscor|78/100 tox|[from] ability: Poison Heal
|upkeep
|turn|38
|
|t:|1743805029
|move|p2a: Zamazenta|Body Press|p1a: Gliscor
|-resisted|p1a: Gliscor
|-damage|p1a: Gliscor|51/100 tox
|move|p1a: Gliscor|Toxic|p2a: Zamazenta
|-status|p2a: Zamazenta|tox
|
|-damage|p2a: Zamazenta|94/100 tox|[from] psn
|-heal|p1a: Gliscor|64/100 tox|[from] ability: Poison Heal
|upkeep
|turn|39
|-message|quinx of ladder forfeited.
|
|win|alvar03
|raw|alvar03's rating: 1817 &rarr; <strong>1842</strong><br />(+25 for winning)
|raw|quinx of ladder's rating: 1912 &rarr; <strong>1887</strong><br />(-25 for losing)
|l|☆quinx of ladder
|player|p2|
|l|☆alvar03
|player|p1|
