|j|☆Sindicate XI
|j|☆cr aries
|t:|1743864548
|gametype|singles
|player|p1|Sindicate XI|2|1456
|player|p2|cr aries|170|1412
|teamsize|p1|6
|teamsize|p2|6
|gen|9
|tier|[Gen 9] OU
|rated|
|rule|HP Percentage Mod: HP is shown in percentages
|rule|Endless Battle Clause: Forcing endless battles is banned
|rule|Species Clause: Limit one of each Pokémon
|rule|OHKO Clause: OHKO moves are banned
|rule|Evasion Items Clause: Evasion items are banned
|rule|Evasion Moves Clause: Evasion moves are banned
|rule|Sleep Moves Clause: Sleep-inducing moves are banned
|clearpoke
|poke|p1|Primarina, F|
|poke|p1|Dragapult, F|
|poke|p1|Cinderace, F|
|poke|p1|Pawmot, M|
|poke|p1|Great Tusk|
|poke|p1|Kyurem|
|poke|p2|Great Tusk|
|poke|p2|Heatran, F|
|poke|p2|Slowking-Galar, F|
|poke|p2|Weavile, F|
|poke|p2|Corviknight, M|
|poke|p2|Walking Wake|
|teampreview
|inactive|Battle timer is ON: inactive players will automatically lose when time's up. (requested by Sindicate XI)
|
|t:|1743864563
|start
|switch|p1a: Dragapult|Dragapult, F|100/100
|switch|p2a: Walking Wake|Walking Wake|100/100
|turn|1
|
|t:|1743864570
|move|p2a: Walking Wake|Draco Meteor|p1a: Dragapult
|-supereffective|p1a: Dragapult
|-enditem|p1a: Dragapult|Focus Sash
|-damage|p1a: Dragapult|1/100
|-unboost|p2a: Walking Wake|spa|2
|move|p1a: Dragapult|Dragon Darts|p2a: Walking Wake
|-supereffective|p2a: Walking Wake
|-damage|p2a: Walking Wake|45/100
|-anim|p1a: Dragapult|Dragon Darts|p2a: Walking Wake
|-supereffective|p2a: Walking Wake
|-damage|p2a: Walking Wake|0 fnt
|faint|p2a: Walking Wake
|-end|p2a: Walking Wake|Protosynthesis|[silent]
|
|upkeep
|
|t:|1743864578
|switch|p2a: Weavile|Weavile, F|100/100
|turn|2
|
|t:|1743864583
|switch|p1a: Cinderace|Cinderace, F|100/100
|move|p2a: Weavile|Ice Shard|p1a: Cinderace
|-resisted|p1a: Cinderace
|-damage|p1a: Cinderace|88/100
|
|upkeep
|turn|3
|
|t:|1743864595
|switch|p2a: Heatran|Heatran, F|100/100
|move|p1a: Cinderace|U-turn|p2a: Heatran
|-resisted|p2a: Heatran
|-damage|p2a: Heatran|98/100
|
|t:|1743864604
|switch|p1a: Pawmot|Pawmot, M|100/100|[from] U-turn
|
|-heal|p2a: Heatran|100/100|[from] item: Leftovers
|upkeep
|turn|4
|
|t:|1743864612
|switch|p2a: Great Tusk|Great Tusk|100/100
|move|p1a: Pawmot|Close Combat|p2a: Great Tusk
|-damage|p2a: Great Tusk|75/100
|-unboost|p1a: Pawmot|def|1
|-unboost|p1a: Pawmot|spd|1
|-damage|p1a: Pawmot|84/100|[from] item: Rocky Helmet|[of] p2a: Great Tusk
|
|upkeep
|turn|5
|
|t:|1743864626
|switch|p1a: Great Tusk|Great Tusk|100/100
|move|p2a: Great Tusk|Knock Off|p1a: Great Tusk
|-resisted|p1a: Great Tusk
|-damage|p1a: Great Tusk|90/100
|-enditem|p1a: Great Tusk|Heavy-Duty Boots|[from] move: Knock Off|[of] p2a: Great Tusk
|
|upkeep
|turn|6
|
|t:|1743864630
|-end|p2a: Great Tusk|Protosynthesis|[silent]
|switch|p2a: Corviknight|Corviknight, M|100/100
|-ability|p2a: Corviknight|Pressure
|move|p1a: Great Tusk|Knock Off|p2a: Corviknight
|-damage|p2a: Corviknight|81/100
|-damage|p1a: Great Tusk|73/100|[from] item: Rocky Helmet|[of] p2a: Corviknight
|-enditem|p2a: Corviknight|Rocky Helmet|[from] move: Knock Off|[of] p1a: Great Tusk
|
|upkeep
|turn|7
|inactive|Sindicate XI has 120 seconds left.
|
|t:|1743864689
|-end|p1a: Great Tusk|Protosynthesis|[silent]
|switch|p1a: Dragapult|Dragapult, F|1/100
|move|p2a: Corviknight|Brave Bird|p1a: Dragapult
|-damage|p1a: Dragapult|0 fnt
|faint|p1a: Dragapult
|-damage|p2a: Corviknight|81/100|[from] Recoil
|
|upkeep
|
|t:|1743864694
|switch|p1a: Pawmot|Pawmot, M|84/100
|turn|8
|
|t:|1743864700
|move|p1a: Pawmot|Revival Blessing|p1a: Pawmot
|
|t:|1743864702
|-heal|p1: Dragapult|50/100|[from] move: Revival Blessing
|move|p2a: Corviknight|Brave Bird|p1a: Pawmot
|-damage|p1a: Pawmot|27/100
|-damage|p2a: Corviknight|68/100|[from] Recoil
|
|upkeep
|turn|9
|
|t:|1743864707
|switch|p2a: Great Tusk|Great Tusk|75/100
|move|p1a: Pawmot|Close Combat|p2a: Great Tusk
|-crit|p2a: Great Tusk
|-damage|p2a: Great Tusk|37/100
|-unboost|p1a: Pawmot|def|1
|-unboost|p1a: Pawmot|spd|1
|-damage|p1a: Pawmot|11/100|[from] item: Rocky Helmet|[of] p2a: Great Tusk
|
|upkeep
|turn|10
|
|t:|1743864714
|move|p1a: Pawmot|Close Combat|p2a: Great Tusk
|-damage|p2a: Great Tusk|12/100
|-unboost|p1a: Pawmot|def|1
|-unboost|p1a: Pawmot|spd|1
|-damage|p1a: Pawmot|0 fnt|[from] item: Rocky Helmet|[of] p2a: Great Tusk
|faint|p1a: Pawmot
|move|p2a: Great Tusk|Knock Off|p1: Pawmot|[notarget]
|-fail|p2a: Great Tusk
|
|upkeep
|
|t:|1743864719
|switch|p1a: Dragapult|Dragapult, F|50/100
|turn|11
|
|t:|1743864724
|-end|p2a: Great Tusk|Protosynthesis|[silent]
|switch|p2a: Slowking|Slowking-Galar, F|100/100
|move|p1a: Dragapult|Dragon Darts|p2a: Slowking
|-damage|p2a: Slowking|75/100
|-anim|p1a: Dragapult|Dragon Darts|p2a: Slowking
|-damage|p2a: Slowking|51/100
|
|upkeep
|turn|12
|
|t:|1743864727
|move|p1a: Dragapult|Dragon Darts|p2a: Slowking
|-damage|p2a: Slowking|25/100
|-anim|p1a: Dragapult|Dragon Darts|p2a: Slowking
|-damage|p2a: Slowking|0 fnt
|faint|p2a: Slowking
|
|upkeep
|
|t:|1743864729
|switch|p2a: Weavile|Weavile, F|100/100
|turn|13
|inactive|Sindicate XI has 120 seconds left.
|
|t:|1743864762
|-terastallize|p1a: Dragapult|Fairy
|move|p1a: Dragapult|Dragon Darts|p2a: Weavile
|-crit|p2a: Weavile
|-damage|p2a: Weavile|38/100
|-anim|p1a: Dragapult|Dragon Darts|p2a: Weavile
|-damage|p2a: Weavile|0 fnt
|faint|p2a: Weavile
|
|upkeep
|-message|cr aries forfeited.
|
|win|Sindicate XI
|raw|Sindicate XI's rating: 1456 &rarr; <strong>1473</strong><br />(+17 for winning)
|raw|cr aries's rating: 1412 &rarr; <strong>1395</strong><br />(-17 for losing)
|l|☆cr aries
|player|p2|
