|j|☆ShawnHim
|j|‽fenrril8201
|t:|1743916369
|gametype|singles
|player|p1|ShawnHim|giovanni|1181
|player|p2|fenrril8201|169|1217
|teamsize|p1|6
|teamsize|p2|6
|gen|9
|tier|[Gen 9] OU
|rated|
|rule|HP Percentage Mod: HP is shown in percentages
|rule|Endless Battle Clause: Forcing endless battles is banned
|rule|Species Clause: Limit one of each Pokémon
|rule|OHKO Clause: OHKO moves are banned
|rule|Evasion Items Clause: Evasion items are banned
|rule|Evasion Moves Clause: Evasion moves are banned
|rule|Sleep Moves Clause: Sleep-inducing moves are banned
|clearpoke
|poke|p1|Milotic, M|
|poke|p1|Gliscor, F|
|poke|p1|Blaziken, F|
|poke|p1|Gengar, M|
|poke|p1|Meowscarada, F|
|poke|p1|Chansey, F|
|poke|p2|Gliscor, M|
|poke|p2|Clefable, F|
|poke|p2|Iron Treads|
|poke|p2|Meowscarada, M|
|poke|p2|Greninja-*, F|
|poke|p2|Dragapult, M|
|teampreview
|inactive|Battle timer is ON: inactive players will automatically lose when time's up. (requested by ShawnHim)
|
|t:|1743916383
|start
|switch|p1a: Chansey|Chansey, F|100/100
|switch|p2a: Dragapult|Dragapult, M|100/100
|turn|1
|
|t:|1743916389
|move|p2a: Dragapult|U-turn|p1a: Chansey
|-damage|p1a: Chansey|90/100
|
|t:|1743916399
|switch|p2a: Gliscor|Gliscor, M, shiny|100/100|[from] U-turn
|move|p1a: Chansey|Stealth Rock|p2a: Gliscor
|-sidestart|p2: fenrril8201|move: Stealth Rock
|
|-status|p2a: Gliscor|tox|[from] item: Toxic Orb
|upkeep
|turn|2
|
|t:|1743916411
|switch|p1a: Milotic|Milotic, M|100/100
|move|p2a: Gliscor|Toxic|p1a: Milotic
|-status|p1a: Milotic|tox
|
|-damage|p1a: Milotic|94/100 tox|[from] psn
|upkeep
|turn|3
|
|t:|1743916433
|move|p2a: Gliscor|Protect|p2a: Gliscor
|-singleturn|p2a: Gliscor|Protect
|move|p1a: Milotic|Ice Beam|p2a: Gliscor
|-activate|p2a: Gliscor|move: Protect
|
|-heal|p1a: Milotic|100/100 tox|[from] item: Leftovers
|-damage|p1a: Milotic|88/100 tox|[from] psn
|upkeep
|turn|4
|
|t:|1743916440
|-terastallize|p2a: Gliscor|Water
|move|p2a: Gliscor|Substitute|p2a: Gliscor
|-start|p2a: Gliscor|Substitute
|-damage|p2a: Gliscor|75/100 tox
|move|p1a: Milotic|Ice Beam|p2a: Gliscor
|-resisted|p2a: Gliscor
|-activate|p2a: Gliscor|move: Substitute|[damage]
|
|-heal|p1a: Milotic|94/100 tox|[from] item: Leftovers
|-heal|p2a: Gliscor|88/100 tox|[from] ability: Poison Heal
|-damage|p1a: Milotic|76/100 tox|[from] psn
|upkeep
|turn|5
|
|t:|1743916466
|switch|p1a: Meowscarada|Meowscarada, F|100/100
|move|p2a: Gliscor|Protect||[still]
|-fail|p2a: Gliscor
|
|-heal|p2a: Gliscor|100/100 tox|[from] ability: Poison Heal
|upkeep
|turn|6
|
|t:|1743916472
|move|p1a: Meowscarada|Flower Trick|p2a: Gliscor
|-start|p1a: Meowscarada|typechange|Grass|[from] ability: Protean
|-supereffective|p2a: Gliscor
|-crit|p2a: Gliscor
|-end|p2a: Gliscor|Substitute
|move|p2a: Gliscor|Toxic|p1a: Meowscarada
|-status|p1a: Meowscarada|tox
|
|-damage|p1a: Meowscarada|94/100 tox|[from] psn
|upkeep
|turn|7
|
|t:|1743916484
|move|p2a: Gliscor|Protect|p2a: Gliscor
|-singleturn|p2a: Gliscor|Protect
|move|p1a: Meowscarada|Flower Trick|p2a: Gliscor
|-activate|p2a: Gliscor|move: Protect
|
|-damage|p1a: Meowscarada|82/100 tox|[from] psn
|upkeep
|turn|8
|
|t:|1743916495
|switch|p2a: Clefable|Clefable, F, shiny|100/100
|-damage|p2a: Clefable|88/100|[from] Stealth Rock
|move|p1a: Meowscarada|Flower Trick|p2a: Clefable
|-crit|p2a: Clefable
|-damage|p2a: Clefable|37/100
|
|-heal|p2a: Clefable|43/100|[from] item: Leftovers
|-damage|p1a: Meowscarada|64/100 tox|[from] psn
|upkeep
|turn|9
|inactive|fenrril8201 has 120 seconds left.
|
|t:|1743916538
|move|p1a: Meowscarada|Flower Trick|p2a: Clefable
|-crit|p2a: Clefable
|-damage|p2a: Clefable|0 fnt
|faint|p2a: Clefable
|
|-damage|p1a: Meowscarada|39/100 tox|[from] psn
|upkeep
|
|t:|1743916559
|switch|p2a: Gliscor|Gliscor, M, shiny, tera:Water|100/100 tox
|-damage|p2a: Gliscor|88/100 tox|[from] Stealth Rock
|turn|10
|
|t:|1743916571
|switch|p1a: Gengar|Gengar, M|100/100
|move|p2a: Gliscor|Protect||[still]
|-fail|p2a: Gliscor
|
|-heal|p2a: Gliscor|100/100 tox|[from] ability: Poison Heal
|upkeep
|turn|11
|
|t:|1743916588
|move|p1a: Gengar|Thunderbolt|p2a: Gliscor
|-supereffective|p2a: Gliscor
|-damage|p2a: Gliscor|0 fnt
|faint|p2a: Gliscor
|-damage|p1a: Gengar|91/100|[from] item: Life Orb
|
|upkeep
|inactive|fenrril8201 has 90 seconds left.
|
|t:|1743916621
|switch|p2a: Iron Treads|Iron Treads|100/100
|-damage|p2a: Iron Treads|97/100|[from] Stealth Rock
|turn|12
|
|t:|1743916629
|switch|p1a: Gliscor|Gliscor, F|100/100
|move|p2a: Iron Treads|Rapid Spin|p1a: Gliscor
|-damage|p1a: Gliscor|87/100
|-boost|p2a: Iron Treads|spe|1
|-sideend|p2: fenrril8201|Stealth Rock|[from] move: Rapid Spin|[of] p2a: Iron Treads
|-damage|p2a: Iron Treads|87/100|[from] item: Life Orb
|
|-status|p1a: Gliscor|tox|[from] item: Toxic Orb
|upkeep
|turn|13
|inactive|fenrril8201 has 90 seconds left.
|
|t:|1743916654
|move|p2a: Iron Treads|Ice Spinner|p1a: Gliscor
|-supereffective|p1a: Gliscor
|-crit|p1a: Gliscor
|-damage|p1a: Gliscor|0 fnt
|faint|p1a: Gliscor
|-damage|p2a: Iron Treads|78/100|[from] item: Life Orb
|
|upkeep
|
|t:|1743916662
|switch|p1a: Blaziken|Blaziken, F|100/100
|turn|14
|
|t:|1743916667
|move|p1a: Blaziken|Protect|p1a: Blaziken
|-singleturn|p1a: Blaziken|Protect
|move|p2a: Iron Treads|Earthquake|p1a: Blaziken
|-activate|p1a: Blaziken|move: Protect
|
|-ability|p1a: Blaziken|Speed Boost|boost
|-boost|p1a: Blaziken|spe|1
|upkeep
|turn|15
|
|t:|1743916678
|switch|p1a: Milotic|Milotic, M|76/100 tox
|move|p2a: Iron Treads|Earthquake|p1a: Milotic
|-damage|p1a: Milotic|31/100 tox
|-damage|p2a: Iron Treads|68/100|[from] item: Life Orb
|
|-heal|p1a: Milotic|37/100 tox|[from] item: Leftovers
|-damage|p1a: Milotic|31/100 tox|[from] psn
|upkeep
|turn|16
|
|t:|1743916689
|move|p2a: Iron Treads|Earthquake|p1a: Milotic
|-damage|p1a: Milotic|0 fnt
|faint|p1a: Milotic
|-damage|p2a: Iron Treads|58/100|[from] item: Life Orb
|
|upkeep
|
|t:|1743916707
|switch|p1a: Blaziken|Blaziken, F|100/100
|turn|17
|
|t:|1743916712
|move|p1a: Blaziken|Protect|p1a: Blaziken
|-singleturn|p1a: Blaziken|Protect
|move|p2a: Iron Treads|Earthquake|p1a: Blaziken
|-activate|p1a: Blaziken|move: Protect
|
|-ability|p1a: Blaziken|Speed Boost|boost
|-boost|p1a: Blaziken|spe|1
|upkeep
|turn|18
|
|t:|1743916719
|move|p1a: Blaziken|Protect|p1a: Blaziken
|-singleturn|p1a: Blaziken|Protect
|move|p2a: Iron Treads|Earthquake|p1a: Blaziken
|-activate|p1a: Blaziken|move: Protect
|
|-ability|p1a: Blaziken|Speed Boost|boost
|-boost|p1a: Blaziken|spe|1
|upkeep
|turn|19
|
|t:|1743916728
|move|p1a: Blaziken|Flare Blitz|p2a: Iron Treads
|-supereffective|p2a: Iron Treads
|-damage|p2a: Iron Treads|0 fnt
|faint|p2a: Iron Treads
|-end|p2a: Iron Treads|Quark Drive|[silent]
|-damage|p1a: Blaziken|80/100|[from] Recoil
|-damage|p1a: Blaziken|70/100|[from] item: Life Orb
|
|-ability|p1a: Blaziken|Speed Boost|boost
|-boost|p1a: Blaziken|spe|1
|upkeep
|
|t:|1743916735
|switch|p2a: Meowscarada|Meowscarada, M, shiny|100/100
|turn|20
|
|t:|1743916743
|move|p1a: Blaziken|Close Combat|p2a: Meowscarada
|-supereffective|p2a: Meowscarada
|-enditem|p2a: Meowscarada|Focus Sash
|-damage|p2a: Meowscarada|1/100
|-unboost|p1a: Blaziken|def|1
|-unboost|p1a: Blaziken|spd|1
|-damage|p1a: Blaziken|60/100|[from] item: Life Orb
|move|p2a: Meowscarada|Play Rough|p1a: Blaziken
|-start|p2a: Meowscarada|typechange|Fairy|[from] ability: Protean
|-damage|p1a: Blaziken|0 fnt
|faint|p1a: Blaziken
|
|upkeep
|
|t:|1743916760
|switch|p1a: Gengar|Gengar, M|91/100
|turn|21
|
|t:|1743916771
|move|p2a: Meowscarada|Sucker Punch|p1a: Gengar
|-supereffective|p1a: Gengar
|-damage|p1a: Gengar|7/100
|move|p1a: Gengar|Sludge Wave|p2a: Meowscarada
|-supereffective|p2a: Meowscarada
|-damage|p2a: Meowscarada|0 fnt
|faint|p2a: Meowscarada
|-damage|p1a: Gengar|0 fnt|[from] item: Life Orb
|faint|p1a: Gengar
|
|upkeep
|
|t:|1743916782
|switch|p2a: Dragapult|Dragapult, M|100/100
|switch|p1a: Chansey|Chansey, F|90/100
|turn|22
|
|t:|1743916788
|move|p2a: Dragapult|U-turn|p1a: Chansey
|-damage|p1a: Chansey|79/100
|
|t:|1743916790
|switch|p2a: Greninja|Greninja, F|100/100|[from] U-turn
|move|p1a: Chansey|Thunder Wave|p2a: Greninja
|-status|p2a: Greninja|par
|
|upkeep
|turn|23
|
|t:|1743916797
|move|p2a: Greninja|Dark Pulse|p1a: Chansey
|-start|p2a: Greninja|typechange|Dark|[from] ability: Protean
|-damage|p1a: Chansey|63/100
|move|p1a: Chansey|Stealth Rock|p2a: Greninja
|-sidestart|p2: fenrril8201|move: Stealth Rock
|
|upkeep
|turn|24
|-message|fenrril8201 forfeited.
|
|win|ShawnHim
|raw|ShawnHim's rating: 1181 &rarr; <strong>1209</strong><br />(+28 for winning)
|raw|fenrril8201's rating: 1217 &rarr; <strong>1189</strong><br />(-28 for losing)
|l|‽fenrril8201
|player|p2|
|l|☆ShawnHim
|player|p1|
