|badge|p1|bronze|gen9ou|100-5
|uhtml|medal-msg|<div class="broadcast-blue">Curious what those medals under the avatar are? PS now has Ladder Seasons! For more information, check out the <a href="https://www.smogon.com/forums/threads/3740067/">thread on Smogon.</a></div>
|j|☆tonyrayyy
|j|☆OSAKA 2026
|t:|1743875182
|gametype|singles
|player|p1|tonyrayyy|cynthia-gen4|1767
|player|p2|OSAKA 2026|backpackerf|1760
|teamsize|p1|6
|teamsize|p2|6
|gen|9
|tier|[Gen 9] OU
|rated|
|rule|HP Percentage Mod: HP is shown in percentages
|rule|Endless Battle Clause: Forcing endless battles is banned
|rule|Species Clause: Limit one of each Pokémon
|rule|OHKO Clause: OHKO moves are banned
|rule|Evasion Items Clause: Evasion items are banned
|rule|Evasion Moves Clause: Evasion moves are banned
|rule|Sleep Moves Clause: Sleep-inducing moves are banned
|clearpoke
|poke|p1|Gholdengo|
|poke|p1|Samurott-Hisui, F|
|poke|p1|Kingambit, M|
|poke|p1|Zapdos|
|poke|p1|Great Tusk|
|poke|p1|Slowking-Galar, F|
|poke|p2|Kyurem|
|poke|p2|Ogerpon-Wellspring, F|
|poke|p2|Scizor, F|
|poke|p2|Moltres|
|poke|p2|Great Tusk|
|poke|p2|Muk-Alola, M|
|teampreview
|inactive|Battle timer is ON: inactive players will automatically lose when time's up. (requested by tonyrayyy)
|inactive|OSAKA 2026 has 120 seconds left.
|
|t:|1743875231
|start
|switch|p1a: Samurott|Samurott-Hisui, F|100/100
|switch|p2a: Bijuu|Kyurem, shiny|100/100
|-ability|p2a: Bijuu|Pressure
|turn|1
|
|t:|1743875237
|move|p1a: Samurott|Flip Turn|p2a: Bijuu
|-resisted|p2a: Bijuu
|-damage|p2a: Bijuu|88/100
|
|t:|1743875241
|switch|p1a: Slowking|Slowking-Galar, F|100/100|[from] Flip Turn
|move|p2a: Bijuu|Freeze-Dry|p1a: Slowking
|-damage|p1a: Slowking|67/100
|
|upkeep
|turn|2
|
|t:|1743875250
|switch|p2a: Hebi|Scizor, F|100/100
|move|p1a: Slowking|Toxic|p2a: Hebi
|-immune|p2a: Hebi
|
|upkeep
|turn|3
|
|t:|1743875258
|switch|p1a: Zapdos|Zapdos|100/100
|move|p2a: Hebi|U-turn|p1a: Zapdos
|-resisted|p1a: Zapdos
|-damage|p1a: Zapdos|79/100
|-status|p2a: Hebi|par|[from] ability: Static|[of] p1a: Zapdos
|
|t:|1743875260
|switch|p2a: Bijuu|Kyurem, shiny|88/100|[from] U-turn
|-ability|p2a: Bijuu|Pressure
|
|upkeep
|turn|4
|
|t:|1743875268
|switch|p1a: Slowking|Slowking-Galar, F|99/100
|move|p2a: Bijuu|Ice Beam|p1a: Slowking
|-damage|p1a: Slowking|61/100
|
|upkeep
|turn|5
|
|t:|1743875275
|move|p2a: Bijuu|Ice Beam|p1a: Slowking
|-damage|p1a: Slowking|18/100
|-prepare|p1a: Slowking|Chilly Reception|[premajor]
|move|p1a: Slowking|Chilly Reception|p1a: Slowking
|-weather|Snowscape
|
|t:|1743875280
|switch|p1a: Gholdengo|Gholdengo|100/100|[from] Chilly Reception
|-item|p1a: Gholdengo|Air Balloon
|
|-weather|Snowscape|[upkeep]
|upkeep
|turn|6
|
|t:|1743875285
|switch|p2a: Three-Way Deadlock|Muk-Alola, M|100/100
|move|p1a: Gholdengo|Make It Rain|p2a: Three-Way Deadlock
|-damage|p2a: Three-Way Deadlock|61/100
|-unboost|p1a: Gholdengo|spa|1
|
|-weather|Snowscape|[upkeep]
|-heal|p2a: Three-Way Deadlock|67/100|[from] item: Leftovers
|upkeep
|turn|7
|
|t:|1743875296
|switch|p1a: Great Tusk|Great Tusk|100/100
|move|p2a: Three-Way Deadlock|Knock Off|p1a: Great Tusk
|-resisted|p1a: Great Tusk
|-damage|p1a: Great Tusk|90/100
|-enditem|p1a: Great Tusk|Heavy-Duty Boots|[from] move: Knock Off|[of] p2a: Three-Way Deadlock
|
|-weather|Snowscape|[upkeep]
|-heal|p2a: Three-Way Deadlock|73/100|[from] item: Leftovers
|upkeep
|turn|8
|
|t:|1743875304
|move|p1a: Great Tusk|Stealth Rock|p2a: Three-Way Deadlock
|-sidestart|p2: OSAKA 2026|move: Stealth Rock
|move|p2a: Three-Way Deadlock|Poison Fang|p1a: Great Tusk
|-resisted|p1a: Great Tusk
|-crit|p1a: Great Tusk
|-damage|p1a: Great Tusk|82/100
|
|-weather|Snowscape|[upkeep]
|-heal|p2a: Three-Way Deadlock|79/100|[from] item: Leftovers
|upkeep
|turn|9
|j| Just-JayPe
|
|t:|1743875312
|switch|p2a: Greatest Summon|Great Tusk|100/100
|-damage|p2a: Greatest Summon|98/100|[from] Stealth Rock
|move|p1a: Great Tusk|Headlong Rush|p2a: Greatest Summon
|-damage|p2a: Greatest Summon|69/100
|-unboost|p1a: Great Tusk|def|1
|-unboost|p1a: Great Tusk|spd|1
|
|-weather|none
|-heal|p2a: Greatest Summon|75/100|[from] item: Leftovers
|upkeep
|turn|10
|
|t:|1743875322
|-end|p1a: Great Tusk|Protosynthesis|[silent]
|switch|p1a: Zapdos|Zapdos|79/100
|move|p2a: Greatest Summon|Stealth Rock|p1a: Zapdos
|-sidestart|p1: tonyrayyy|move: Stealth Rock
|
|-heal|p2a: Greatest Summon|81/100|[from] item: Leftovers
|upkeep
|turn|11
|j| union boss
|
|t:|1743875328
|-end|p2a: Greatest Summon|Protosynthesis|[silent]
|switch|p2a: Three-Way Deadlock|Muk-Alola, M|79/100
|-damage|p2a: Three-Way Deadlock|66/100|[from] Stealth Rock
|move|p1a: Zapdos|Hurricane|p2a: Three-Way Deadlock
|-damage|p2a: Three-Way Deadlock|39/100
|
|-heal|p2a: Three-Way Deadlock|45/100|[from] item: Leftovers
|upkeep
|turn|12
|
|t:|1743875336
|move|p2a: Three-Way Deadlock|Protect|p2a: Three-Way Deadlock
|-singleturn|p2a: Three-Way Deadlock|Protect
|move|p1a: Zapdos|Volt Switch|p2a: Three-Way Deadlock
|-activate|p2a: Three-Way Deadlock|move: Protect
|
|-heal|p2a: Three-Way Deadlock|51/100|[from] item: Leftovers
|upkeep
|turn|13
|
|t:|1743875342
|move|p1a: Zapdos|Volt Switch|p2a: Three-Way Deadlock
|-damage|p2a: Three-Way Deadlock|32/100
|
|t:|1743875350
|switch|p1a: Great Tusk|Great Tusk|82/100|[from] Volt Switch
|-damage|p1a: Great Tusk|79/100|[from] Stealth Rock
|move|p2a: Three-Way Deadlock|Knock Off|p1a: Great Tusk
|-resisted|p1a: Great Tusk
|-damage|p1a: Great Tusk|71/100
|
|-heal|p2a: Three-Way Deadlock|38/100|[from] item: Leftovers
|upkeep
|turn|14
|
|t:|1743875359
|move|p2a: Three-Way Deadlock|Protect|p2a: Three-Way Deadlock
|-singleturn|p2a: Three-Way Deadlock|Protect
|move|p1a: Great Tusk|Rapid Spin|p2a: Three-Way Deadlock
|-activate|p2a: Three-Way Deadlock|move: Protect
|
|-heal|p2a: Three-Way Deadlock|44/100|[from] item: Leftovers
|upkeep
|turn|15
|
|t:|1743875366
|switch|p2a: Taka|Moltres|100/100
|move|p1a: Great Tusk|Headlong Rush|p2a: Taka
|-immune|p2a: Taka
|
|upkeep
|turn|16
|
|t:|1743875372
|-end|p1a: Great Tusk|Protosynthesis|[silent]
|switch|p1a: Slowking|Slowking-Galar, F|51/100
|move|p2a: Taka|Flamethrower|p1a: Slowking
|-damage|p1a: Slowking|31/100
|
|upkeep
|turn|17
|j| m0chaman_829
|
|t:|1743875379
|move|p2a: Taka|Flamethrower|p1a: Slowking
|-damage|p1a: Slowking|8/100
|-prepare|p1a: Slowking|Chilly Reception|[premajor]
|move|p1a: Slowking|Chilly Reception|p1a: Slowking
|-weather|Snowscape
|j| floating all day
|
|t:|1743875385
|switch|p1a: Zapdos|Zapdos|79/100|[from] Chilly Reception
|
|-weather|Snowscape|[upkeep]
|upkeep
|turn|18
|
|t:|1743875390
|move|p1a: Zapdos|Volt Switch|p2a: Taka
|-supereffective|p2a: Taka
|-damage|p2a: Taka|41/100
|
|t:|1743875394
|switch|p1a: Slowking|Slowking-Galar, F|42/100|[from] Volt Switch
|move|p2a: Taka|U-turn|p1a: Slowking
|-damage|p1a: Slowking|26/100
|
|t:|1743875399
|switch|p2a: Akatsuki|Ogerpon-Wellspring, F|100/100|[from] U-turn
|-damage|p2a: Akatsuki|88/100|[from] Stealth Rock
|
|-weather|Snowscape|[upkeep]
|upkeep
|turn|19
|
|t:|1743875404
|switch|p1a: Zapdos|Zapdos|79/100
|move|p2a: Akatsuki|Ivy Cudgel|p1a: Zapdos|[anim] Ivy Cudgel Water
|-crit|p1a: Zapdos
|-damage|p1a: Zapdos|24/100
|
|-weather|Snowscape|[upkeep]
|upkeep
|turn|20
|
|t:|1743875411
|-terastallize|p1a: Zapdos|Dragon
|move|p2a: Akatsuki|Ivy Cudgel|p1a: Zapdos|[anim] Ivy Cudgel Water
|-resisted|p1a: Zapdos
|-damage|p1a: Zapdos|4/100
|move|p1a: Zapdos|Thunder Wave|p2a: Akatsuki|[miss]
|-miss|p1a: Zapdos|p2a: Akatsuki
|
|-weather|Snowscape|[upkeep]
|upkeep
|turn|21
|c|☆tonyrayyy|lol
|c|☆tonyrayyy|ok
|
|t:|1743875427
|move|p2a: Akatsuki|Ivy Cudgel|p1a: Zapdos|[anim] Ivy Cudgel Water
|-resisted|p1a: Zapdos
|-damage|p1a: Zapdos|0 fnt
|faint|p1a: Zapdos
|
|-weather|none
|upkeep
|l| Just-JayPe
|
|t:|1743875434
|switch|p1a: Samurott|Samurott-Hisui, F|100/100
|-damage|p1a: Samurott|88/100|[from] Stealth Rock
|turn|22
|
|t:|1743875439
|move|p1a: Samurott|Ceaseless Edge|p2a: Akatsuki
|-damage|p2a: Akatsuki|31/100
|-sidestart|p2: OSAKA 2026|Spikes
|move|p2a: Akatsuki|Horn Leech|p1a: Samurott
|-supereffective|p1a: Samurott
|-damage|p1a: Samurott|0 fnt
|-heal|p2a: Akatsuki|78/100|[from] drain|[of] p1a: Samurott
|faint|p1a: Samurott
|
|upkeep
|c|☆tonyrayyy|gg
|c|☆tonyrayyy|ban this garbage mon
|-message|tonyrayyy forfeited.
|
|win|OSAKA 2026
|raw|tonyrayyy's rating: 1767 &rarr; <strong>1747</strong><br />(-20 for losing)
|raw|OSAKA 2026's rating: 1760 &rarr; <strong>1780</strong><br />(+20 for winning)
|l|☆tonyrayyy
|player|p1|
|c|☆OSAKA 2026|gg
|l|☆OSAKA 2026
|player|p2|
|l| m0chaman_829
