|j|☆AryHD
|j|☆jxrx
|t:|1743862706
|gametype|singles
|player|p1|AryHD|102|1333
|player|p2|jxrx|norman|1271
|teamsize|p1|6
|teamsize|p2|6
|gen|9
|tier|[Gen 9] OU
|rated|
|rule|HP Percentage Mod: HP is shown in percentages
|rule|Endless Battle Clause: Forcing endless battles is banned
|rule|Species Clause: Limit one of each Pokémon
|rule|OHKO Clause: OHKO moves are banned
|rule|Evasion Items Clause: Evasion items are banned
|rule|Evasion Moves Clause: Evasion moves are banned
|rule|Sleep Moves Clause: Sleep-inducing moves are banned
|clearpoke
|poke|p1|Meowscarada, F|
|poke|p1|Dragapult, F|
|poke|p1|Iron Valiant|
|poke|p1|Dondozo, F|
|poke|p1|Chansey, F|
|poke|p1|Ribombee, M|
|poke|p2|Great Tusk|
|poke|p2|Muk-Alola, F|
|poke|p2|Dragapult, M|
|poke|p2|Empoleon, M|
|poke|p2|Vileplume, M|
|poke|p2|Iron Moth|
|teampreview
|inactive|Battle timer is ON: inactive players will automatically lose when time's up. (requested by AryHD)
|
|t:|1743862738
|start
|switch|p1a: Meowscarada|Meowscarada, F|100/100
|switch|p2a: Iron Moth|Iron Moth|100/100
|turn|1
|
|t:|1743862746
|move|p2a: Iron Moth|Sludge Wave|p1a: Meowscarada
|-supereffective|p1a: Meowscarada
|-damage|p1a: Meowscarada|0 fnt
|faint|p1a: Meowscarada
|
|upkeep
|
|t:|1743862751
|switch|p1a: Chansey|Chansey, F|100/100
|turn|2
|
|t:|1743862755
|-end|p2a: Iron Moth|Quark Drive|[silent]
|switch|p2a: Muk|Muk-Alola, F|100/100
|move|p1a: Chansey|Stealth Rock|p2a: Muk
|-sidestart|p2: jxrx|move: Stealth Rock
|
|upkeep
|turn|3
|
|t:|1743862763
|move|p2a: Muk|Knock Off|p1a: Chansey
|-damage|p1a: Chansey|76/100
|-enditem|p1a: Chansey|Eviolite|[from] move: Knock Off|[of] p2a: Muk
|move|p1a: Chansey|Thunder Wave|p2a: Muk
|-status|p2a: Muk|par
|
|upkeep
|turn|4
|
|t:|1743862771
|move|p1a: Chansey|Seismic Toss|p2a: Muk
|-damage|p2a: Muk|76/100 par
|move|p2a: Muk|Drain Punch|p1a: Chansey
|-supereffective|p1a: Chansey
|-damage|p1a: Chansey|37/100
|-heal|p2a: Muk|100/100 par|[from] drain|[of] p1a: Chansey
|-status|p1a: Chansey|psn|[from] ability: Poison Touch|[of] p2a: Muk
|
|-damage|p1a: Chansey|25/100 psn|[from] psn
|upkeep
|turn|5
|
|t:|1743862786
|move|p1a: Chansey|Soft-Boiled|p1a: Chansey
|-heal|p1a: Chansey|75/100 psn
|move|p2a: Muk|Drain Punch|p1a: Chansey
|-supereffective|p1a: Chansey
|-damage|p1a: Chansey|34/100 psn
|
|-damage|p1a: Chansey|21/100 psn|[from] psn
|upkeep
|turn|6
|
|t:|1743862792
|move|p1a: Chansey|Soft-Boiled|p1a: Chansey
|-heal|p1a: Chansey|71/100 psn
|move|p2a: Muk|Drain Punch|p1a: Chansey
|-supereffective|p1a: Chansey
|-damage|p1a: Chansey|27/100 psn
|
|-damage|p1a: Chansey|15/100 psn|[from] psn
|upkeep
|turn|7
|
|t:|1743862798
|move|p1a: Chansey|Soft-Boiled|p1a: Chansey
|-heal|p1a: Chansey|65/100 psn
|move|p2a: Muk|Knock Off|p1a: Chansey
|-damage|p1a: Chansey|37/100 psn
|
|-damage|p1a: Chansey|25/100 psn|[from] psn
|upkeep
|turn|8
|
|t:|1743862802
|move|p1a: Chansey|Soft-Boiled|p1a: Chansey
|-heal|p1a: Chansey|75/100 psn
|move|p2a: Muk|Drain Punch|p1a: Chansey
|-supereffective|p1a: Chansey
|-damage|p1a: Chansey|34/100 psn
|
|-damage|p1a: Chansey|21/100 psn|[from] psn
|upkeep
|turn|9
|
|t:|1743862808
|move|p1a: Chansey|Soft-Boiled|p1a: Chansey
|-heal|p1a: Chansey|71/100 psn
|cant|p2a: Muk|par
|
|-damage|p1a: Chansey|59/100 psn|[from] psn
|upkeep
|turn|10
|
|t:|1743862814
|-curestatus|p1a: Chansey|psn|[from] ability: Natural Cure
|switch|p1a: Ribombee|Ribombee, M|100/100
|cant|p2a: Muk|par
|
|upkeep
|turn|11
|
|t:|1743862818
|move|p1a: Ribombee|Trick|p2a: Muk
|-activate|p1a: Ribombee|move: Trick|[of] p2a: Muk
|-item|p2a: Muk|Choice Scarf|[from] move: Trick
|-item|p1a: Ribombee|Assault Vest|[from] move: Trick
|move|p2a: Muk|Poison Fang|p1a: Ribombee
|-supereffective|p1a: Ribombee
|-damage|p1a: Ribombee|22/100
|
|upkeep
|turn|12
|
|t:|1743862827
|move|p1a: Ribombee|Moonblast|p2a: Muk
|-damage|p2a: Muk|74/100 par
|move|p2a: Muk|Poison Fang|p1a: Ribombee
|-supereffective|p1a: Ribombee
|-damage|p1a: Ribombee|0 fnt
|faint|p1a: Ribombee
|
|upkeep
|
|t:|1743862837
|switch|p1a: Dondozo|Dondozo, F|100/100
|turn|13
|
|t:|1743862841
|switch|p2a: Vileplume|Vileplume, M|100/100
|-damage|p2a: Vileplume|88/100|[from] Stealth Rock
|-terastallize|p1a: Dondozo|Steel
|move|p1a: Dondozo|Curse|p1a: Dondozo
|-unboost|p1a: Dondozo|spe|1
|-boost|p1a: Dondozo|atk|1
|-boost|p1a: Dondozo|def|1
|
|upkeep
|turn|14
|
|t:|1743862847
|switch|p1a: Chansey|Chansey, F|59/100
|move|p2a: Vileplume|Leech Seed|p1a: Chansey|[miss]
|-miss|p2a: Vileplume|p1a: Chansey
|
|upkeep
|turn|15
|
|t:|1743862854
|switch|p2a: Great Tusk|Great Tusk|100/100
|move|p1a: Chansey|Thunder Wave|p2a: Great Tusk
|-immune|p2a: Great Tusk
|
|upkeep
|turn|16
|
|t:|1743862858
|switch|p1a: Dragapult|Dragapult, F|100/100
|move|p2a: Great Tusk|Stealth Rock|p1a: Dragapult
|-sidestart|p1: AryHD|move: Stealth Rock
|
|upkeep
|turn|17
|
|t:|1743862864
|-end|p2a: Great Tusk|Protosynthesis|[silent]
|switch|p2a: Muk|Muk-Alola, F|74/100 par
|-damage|p2a: Muk|62/100 par|[from] Stealth Rock
|move|p1a: Dragapult|Dragon Darts|p2a: Muk
|-damage|p2a: Muk|31/100 par
|-anim|p1a: Dragapult|Dragon Darts|p2a: Muk
|-damage|p2a: Muk|0 fnt
|faint|p2a: Muk
|-damage|p1a: Dragapult|91/100|[from] item: Life Orb
|
|upkeep
|
|t:|1743862873
|switch|p2a: Empoleon|Empoleon, M|100/100
|-damage|p2a: Empoleon|95/100|[from] Stealth Rock
|turn|18
|
|t:|1743862881
|switch|p1a: Chansey|Chansey, F|59/100
|-damage|p1a: Chansey|46/100|[from] Stealth Rock
|move|p2a: Empoleon|Ice Beam|p1a: Chansey
|-damage|p1a: Chansey|35/100
|
|-heal|p2a: Empoleon|100/100|[from] item: Leftovers
|upkeep
|turn|19
|
|t:|1743862885
|switch|p2a: Great Tusk|Great Tusk|100/100
|move|p1a: Chansey|Soft-Boiled|p1a: Chansey
|-heal|p1a: Chansey|85/100
|
|upkeep
|turn|20
|
|t:|1743862889
|move|p2a: Great Tusk|Earthquake|p1a: Chansey
|-damage|p1a: Chansey|22/100
|move|p1a: Chansey|Seismic Toss|p2a: Great Tusk
|-damage|p2a: Great Tusk|74/100
|
|upkeep
|turn|21
|
|t:|1743862893
|move|p2a: Great Tusk|Rapid Spin|p1a: Chansey
|-damage|p1a: Chansey|2/100
|-boost|p2a: Great Tusk|spe|1
|-sideend|p2: jxrx|Stealth Rock|[from] move: Rapid Spin|[of] p2a: Great Tusk
|move|p1a: Chansey|Seismic Toss|p2a: Great Tusk
|-damage|p2a: Great Tusk|47/100
|
|upkeep
|turn|22
|
|t:|1743862896
|move|p2a: Great Tusk|Ice Spinner|p1a: Chansey
|-damage|p1a: Chansey|0 fnt
|faint|p1a: Chansey
|
|upkeep
|
|t:|1743862901
|switch|p1a: Dondozo|Dondozo, F, tera:Steel|100/100
|-damage|p1a: Dondozo|94/100|[from] Stealth Rock
|turn|23
|
|t:|1743862909
|move|p2a: Great Tusk|Earthquake|p1a: Dondozo
|-supereffective|p1a: Dondozo
|-damage|p1a: Dondozo|49/100
|move|p1a: Dondozo|Wave Crash|p2a: Great Tusk
|-supereffective|p2a: Great Tusk
|-damage|p2a: Great Tusk|0 fnt
|faint|p2a: Great Tusk
|-end|p2a: Great Tusk|Protosynthesis|[silent]
|-damage|p1a: Dondozo|38/100|[from] Recoil
|
|-heal|p1a: Dondozo|44/100|[from] item: Leftovers
|upkeep
|
|t:|1743862915
|switch|p2a: Iron Moth|Iron Moth|100/100
|turn|24
|
|t:|1743862919
|switch|p1a: Dragapult|Dragapult, F|91/100
|-damage|p1a: Dragapult|78/100|[from] Stealth Rock
|move|p2a: Iron Moth|Fiery Dance|p1a: Dragapult
|-resisted|p1a: Dragapult
|-damage|p1a: Dragapult|41/100
|-boost|p2a: Iron Moth|spa|1
|
|upkeep
|turn|25
|
|t:|1743862927
|-end|p2a: Iron Moth|Quark Drive|[silent]
|switch|p2a: Empoleon|Empoleon, M|100/100
|move|p1a: Dragapult|Dragon Darts|p2a: Empoleon
|-resisted|p2a: Empoleon
|-damage|p2a: Empoleon|81/100
|-anim|p1a: Dragapult|Dragon Darts|p2a: Empoleon
|-resisted|p2a: Empoleon
|-damage|p2a: Empoleon|63/100
|-damage|p1a: Dragapult|31/100|[from] item: Life Orb
|
|-heal|p2a: Empoleon|69/100|[from] item: Leftovers
|upkeep
|turn|26
|
|t:|1743862935
|move|p1a: Dragapult|Phantom Force||[still]
|-prepare|p1a: Dragapult|Phantom Force
|move|p2a: Empoleon|Surf|p1a: Dragapult|[miss]
|-miss|p2a: Empoleon|p1a: Dragapult
|
|-heal|p2a: Empoleon|75/100|[from] item: Leftovers
|upkeep
|turn|27
|
|t:|1743862943
|move|p1a: Dragapult|Phantom Force|p2a: Empoleon|[from] lockedmove
|-damage|p2a: Empoleon|0 fnt
|faint|p2a: Empoleon
|-damage|p1a: Dragapult|22/100|[from] item: Life Orb
|
|upkeep
|
|t:|1743862947
|switch|p2a: Iron Moth|Iron Moth|100/100
|turn|28
|
|t:|1743862949
|move|p2a: Iron Moth|Fiery Dance|p1a: Dragapult
|-resisted|p1a: Dragapult
|-damage|p1a: Dragapult|0 fnt
|faint|p1a: Dragapult
|
|upkeep
|
|t:|1743862955
|switch|p1a: Iron Valiant|Iron Valiant|100/100
|-damage|p1a: Iron Valiant|94/100|[from] Stealth Rock
|-enditem|p1a: Iron Valiant|Booster Energy
|-activate|p1a: Iron Valiant|ability: Quark Drive|[fromitem]
|-start|p1a: Iron Valiant|quarkdrivespe
|turn|29
|
|t:|1743862960
|-end|p2a: Iron Moth|Quark Drive|[silent]
|switch|p2a: Vileplume|Vileplume, M|88/100
|move|p1a: Iron Valiant|Knock Off|p2a: Vileplume
|-damage|p2a: Vileplume|61/100
|-damage|p1a: Iron Valiant|78/100|[from] item: Rocky Helmet|[of] p2a: Vileplume
|-enditem|p2a: Vileplume|Rocky Helmet|[from] move: Knock Off|[of] p1a: Iron Valiant
|
|upkeep
|turn|30
|
|t:|1743862965
|move|p1a: Iron Valiant|Poison Jab|p2a: Vileplume
|-damage|p2a: Vileplume|38/100
|-status|p1a: Iron Valiant|par|[from] ability: Effect Spore|[of] p2a: Vileplume
|move|p2a: Vileplume|Sludge Bomb|p1a: Iron Valiant
|-supereffective|p1a: Iron Valiant
|-damage|p1a: Iron Valiant|0 fnt
|faint|p1a: Iron Valiant
|-end|p1a: Iron Valiant|Quark Drive|[silent]
|
|upkeep
|
|t:|1743862968
|switch|p1a: Dondozo|Dondozo, F, tera:Steel|44/100
|-damage|p1a: Dondozo|38/100|[from] Stealth Rock
|turn|31
|
|t:|1743862975
|move|p2a: Vileplume|Strength Sap|p1a: Dondozo
|-unboost|p1a: Dondozo|atk|1
|-heal|p2a: Vileplume|100/100
|move|p1a: Dondozo|Curse|p1a: Dondozo
|-unboost|p1a: Dondozo|spe|1
|-boost|p1a: Dondozo|atk|1
|-boost|p1a: Dondozo|def|1
|
|-heal|p1a: Dondozo|44/100|[from] item: Leftovers
|upkeep
|turn|32
|
|t:|1743862981
|move|p2a: Vileplume|Leech Seed|p1a: Dondozo
|-start|p1a: Dondozo|move: Leech Seed
|move|p1a: Dondozo|Rest|p1a: Dondozo
|-status|p1a: Dondozo|slp|[from] move: Rest
|-heal|p1a: Dondozo|100/100 slp|[silent]
|
|-damage|p1a: Dondozo|88/100 slp|[from] Leech Seed|[of] p2a: Vileplume
|upkeep
|turn|33
|
|t:|1743862991
|switch|p2a: Iron Moth|Iron Moth|100/100
|cant|p1a: Dondozo|slp
|
|-heal|p1a: Dondozo|94/100 slp|[from] item: Leftovers
|-damage|p1a: Dondozo|82/100 slp|[from] Leech Seed|[of] p2a: Iron Moth
|upkeep
|turn|34
|
|t:|1743862998
|move|p2a: Iron Moth|Fiery Dance|p1a: Dondozo
|-supereffective|p1a: Dondozo
|-damage|p1a: Dondozo|0 fnt
|-boost|p2a: Iron Moth|spa|1
|faint|p1a: Dondozo
|
|win|jxrx
|raw|AryHD's rating: 1333 &rarr; <strong>1309</strong><br />(-24 for losing)
|raw|jxrx's rating: 1271 &rarr; <strong>1300</strong><br />(+29 for winning)
|l|☆AryHD
|player|p1|
|l|☆jxrx
|player|p2|
