|j|☆KungfuPlatypus
|j|☆CuentaTemporal00
|t:|1743829294
|gametype|singles
|player|p1|KungfuPlatypus|parasollady|1137
|player|p2|CuentaTemporal00|burglar|1224
|teamsize|p1|6
|teamsize|p2|6
|gen|9
|tier|[Gen 9] OU
|rated|
|rule|HP Percentage Mod: HP is shown in percentages
|rule|Endless Battle Clause: Forcing endless battles is banned
|rule|Species Clause: Limit one of each Pokémon
|rule|OHKO Clause: OHKO moves are banned
|rule|Evasion Items Clause: Evasion items are banned
|rule|Evasion Moves Clause: Evasion moves are banned
|rule|Sleep Moves Clause: Sleep-inducing moves are banned
|clearpoke
|poke|p1|Araquanid, F|
|poke|p1|Iron Treads|
|poke|p1|Cinderace, F|
|poke|p1|Kingambit, M|
|poke|p1|Pecharunt|
|poke|p1|Dragonite, F|
|poke|p2|Dondozo, M|
|poke|p2|Chandelure, M|
|poke|p2|Iron Moth|
|poke|p2|Umbreon, M|
|poke|p2|Polteageist-Antique|
|poke|p2|Weavile, M|
|teampreview
|inactive|Battle timer is ON: inactive players will automatically lose when time's up. (requested by KungfuPlatypus)
|
|t:|1743829302
|start
|switch|p1a: Araquanid|Araquanid, F, shiny|100/100
|switch|p2a: Iron Moth|Iron Moth|100/100
|-enditem|p2a: Iron Moth|Booster Energy
|-activate|p2a: Iron Moth|ability: Quark Drive|[fromitem]
|-start|p2a: Iron Moth|quarkdrivespa
|turn|1
|
|t:|1743829311
|-terastallize|p2a: Iron Moth|Grass
|move|p2a: Iron Moth|Discharge|p1a: Araquanid
|-supereffective|p1a: Araquanid
|-damage|p1a: Araquanid|38/100
|-status|p1a: Araquanid|par
|cant|p1a: Araquanid|par
|
|upkeep
|turn|2
|c|☆KungfuPlatypus|lol
|
|t:|1743829318
|switch|p1a: Iron Treads|Iron Treads|100/100
|-enditem|p1a: Iron Treads|Booster Energy
|-activate|p1a: Iron Treads|ability: Quark Drive|[fromitem]
|-start|p1a: Iron Treads|quarkdriveatk
|move|p2a: Iron Moth|Discharge|p1a: Iron Treads
|-immune|p1a: Iron Treads
|
|upkeep
|turn|3
|
|t:|1743829326
|move|p2a: Iron Moth|Fiery Dance|p1a: Iron Treads
|-supereffective|p1a: Iron Treads
|-damage|p1a: Iron Treads|0 fnt
|faint|p1a: Iron Treads
|-end|p1a: Iron Treads|Quark Drive|[silent]
|
|upkeep
|c|☆KungfuPlatypus|oh and its faster
|c|☆KungfuPlatypus|lmfaoooo bro
|
|t:|1743829338
|switch|p1a: Cinderace|Cinderace, F|100/100
|turn|4
|c|☆CuentaTemporal00|OF COURSE
|c|☆CuentaTemporal00|350 tnh
|c|☆CuentaTemporal00|*TBH
|
|t:|1743829353
|-end|p2a: Iron Moth|Quark Drive|[silent]
|switch|p2a: Dondozo|Dondozo, M|100/100
|move|p1a: Cinderace|Swords Dance|p1a: Cinderace
|-boost|p1a: Cinderace|atk|2
|
|upkeep
|turn|5
|
|t:|1743829358
|move|p1a: Cinderace|Gunk Shot|p2a: Dondozo|[miss]
|-miss|p1a: Cinderace|p2a: Dondozo
|move|p2a: Dondozo|Curse|p2a: Dondozo
|-unboost|p2a: Dondozo|spe|1
|-boost|p2a: Dondozo|atk|1
|-boost|p2a: Dondozo|def|1
|
|upkeep
|turn|6
|c|☆KungfuPlatypus|lol
|
|t:|1743829366
|switch|p1a: Araquanid|Araquanid, F, shiny|38/100 par
|move|p2a: Dondozo|Body Press|p1a: Araquanid
|-resisted|p1a: Araquanid
|-damage|p1a: Araquanid|23/100 par
|
|upkeep
|turn|7
|c|☆CuentaTemporal00|is not your day bro
|
|t:|1743829380
|move|p2a: Dondozo|Curse|p2a: Dondozo
|-unboost|p2a: Dondozo|spe|1
|-boost|p2a: Dondozo|atk|1
|-boost|p2a: Dondozo|def|1
|move|p1a: Araquanid|Sticky Web|p2a: Dondozo
|-sidestart|p2: CuentaTemporal00|move: Sticky Web
|
|upkeep
|turn|8
|
|t:|1743829386
|move|p1a: Araquanid|Endeavor|p2a: Dondozo
|-damage|p2a: Dondozo|16/100
|move|p2a: Dondozo|Curse|p2a: Dondozo
|-unboost|p2a: Dondozo|spe|1
|-boost|p2a: Dondozo|atk|1
|-boost|p2a: Dondozo|def|1
|
|-heal|p2a: Dondozo|22/100|[from] item: Leftovers
|upkeep
|turn|9
|
|t:|1743829397
|cant|p1a: Araquanid|par
|move|p2a: Dondozo|Rest|p2a: Dondozo
|-status|p2a: Dondozo|slp|[from] move: Rest
|-heal|p2a: Dondozo|100/100 slp|[silent]
|
|upkeep
|turn|10
|
|t:|1743829403
|cant|p1a: Araquanid|par
|cant|p2a: Dondozo|slp
|move|p2a: Dondozo|Sleep Talk|p2a: Dondozo
|move|p2a: Dondozo|Body Press|p1a: Araquanid|[from] move: Sleep Talk
|-resisted|p1a: Araquanid
|-damage|p1a: Araquanid|0 fnt
|faint|p1a: Araquanid
|
|upkeep
|c|☆CuentaTemporal00|YO
|c|☆KungfuPlatypus|lol
|c|☆KungfuPlatypus|alrigth
|
|t:|1743829414
|switch|p1a: Dragonite|Dragonite, F|100/100
|turn|11
|c|☆CuentaTemporal00|LOL
|
|t:|1743829417
|cant|p2a: Dondozo|slp
|move|p2a: Dondozo|Sleep Talk|p2a: Dondozo
|move|p2a: Dondozo|Curse|p2a: Dondozo|[from] move: Sleep Talk
|-unboost|p2a: Dondozo|spe|1
|-boost|p2a: Dondozo|atk|1
|-boost|p2a: Dondozo|def|1
|move|p1a: Dragonite|Dragon Tail|p2a: Dondozo
|-damage|p2a: Dondozo|96/100 slp
|drag|p2a: Polteageist|Polteageist-Antique|100/100
|-activate|p2a: Polteageist|move: Sticky Web
|-unboost|p2a: Polteageist|spe|1
|-enditem|p2a: Polteageist|White Herb
|-clearnegativeboost|p2a: Polteageist|[silent]
|
|upkeep
|turn|12
|
|t:|1743829439
|move|p1a: Dragonite|Dragon Dance|p1a: Dragonite
|-boost|p1a: Dragonite|atk|1
|-boost|p1a: Dragonite|spe|1
|move|p2a: Polteageist|Shell Smash|p2a: Polteageist
|-unboost|p2a: Polteageist|def|1
|-unboost|p2a: Polteageist|spd|1
|-boost|p2a: Polteageist|atk|2
|-boost|p2a: Polteageist|spa|2
|-boost|p2a: Polteageist|spe|2
|
|upkeep
|turn|13
|
|t:|1743829449
|move|p2a: Polteageist|Stored Power|p1a: Dragonite
|-damage|p1a: Dragonite|42/100
|move|p1a: Dragonite|Earthquake|p2a: Polteageist
|-damage|p2a: Polteageist|0 fnt
|faint|p2a: Polteageist
|
|upkeep
|
|t:|1743829454
|switch|p2a: Weavile|Weavile, M|100/100
|-activate|p2a: Weavile|move: Sticky Web
|-unboost|p2a: Weavile|spe|1
|turn|14
|
|t:|1743829462
|switch|p1a: Cinderace|Cinderace, F|100/100
|move|p2a: Weavile|Ice Shard|p1a: Cinderace
|-resisted|p1a: Cinderace
|-damage|p1a: Cinderace|82/100
|-damage|p2a: Weavile|91/100|[from] item: Life Orb
|
|upkeep
|turn|15
|
|t:|1743829470
|switch|p1a: Pecharunt|Pecharunt|100/100
|-item|p1a: Pecharunt|Air Balloon
|switch|p2a: Dondozo|Dondozo, M|96/100 slp
|-activate|p2a: Dondozo|move: Sticky Web
|-unboost|p2a: Dondozo|spe|1
|
|-heal|p2a: Dondozo|100/100 slp|[from] item: Leftovers
|upkeep
|turn|16
|
|t:|1743829477
|switch|p2a: Umbreon|Umbreon, M|100/100
|-activate|p2a: Umbreon|move: Sticky Web
|-unboost|p2a: Umbreon|spe|1
|move|p1a: Pecharunt|Malignant Chain|p2a: Umbreon
|-damage|p2a: Umbreon|80/100
|
|-heal|p2a: Umbreon|87/100|[from] item: Leftovers
|upkeep
|turn|17
|
|t:|1743829487
|switch|p1a: Dragonite|Dragonite, F|42/100
|move|p2a: Umbreon|Foul Play|p1a: Dragonite
|-damage|p1a: Dragonite|0 fnt
|faint|p1a: Dragonite
|
|-heal|p2a: Umbreon|93/100|[from] item: Leftovers
|upkeep
|
|t:|1743829492
|switch|p1a: Kingambit|Kingambit, M|100/100
|-activate|p1a: Kingambit|ability: Supreme Overlord
|-start|p1a: Kingambit|fallen3|[silent]
|turn|18
|
|t:|1743829508
|move|p1a: Kingambit|Kowtow Cleave|p2a: Umbreon
|-resisted|p2a: Umbreon
|-damage|p2a: Umbreon|64/100
|move|p2a: Umbreon|Wish|p2a: Umbreon
|
|-heal|p2a: Umbreon|70/100|[from] item: Leftovers
|upkeep
|turn|19
|
|t:|1743829515
|-end|p1a: Kingambit|fallen3|[silent]
|switch|p1a: Pecharunt|Pecharunt|100/100
|-item|p1a: Pecharunt|Air Balloon
|switch|p2a: Dondozo|Dondozo, M|100/100 slp
|-activate|p2a: Dondozo|move: Sticky Web
|-unboost|p2a: Dondozo|spe|1
|
|upkeep
|turn|20
|c|☆CuentaTemporal00|nICE PREDICT
|
|t:|1743829531
|move|p1a: Pecharunt|Nasty Plot|p1a: Pecharunt
|-boost|p1a: Pecharunt|spa|2
|-curestatus|p2a: Dondozo|slp|[msg]
|move|p2a: Dondozo|Curse|p2a: Dondozo
|-unboost|p2a: Dondozo|spe|1
|-boost|p2a: Dondozo|atk|1
|-boost|p2a: Dondozo|def|1
|
|upkeep
|turn|21
|
|t:|1743829540
|switch|p2a: Umbreon|Umbreon, M|70/100
|-activate|p2a: Umbreon|move: Sticky Web
|-unboost|p2a: Umbreon|spe|1
|move|p1a: Pecharunt|Malignant Chain|p2a: Umbreon
|-damage|p2a: Umbreon|25/100
|
|-heal|p2a: Umbreon|31/100|[from] item: Leftovers
|upkeep
|turn|22
|
|t:|1743829546
|move|p1a: Pecharunt|Malignant Chain|p2a: Umbreon
|-damage|p2a: Umbreon|0 fnt
|faint|p2a: Umbreon
|
|upkeep
|
|t:|1743829558
|switch|p2a: Weavile|Weavile, M|91/100
|-activate|p2a: Weavile|move: Sticky Web
|-unboost|p2a: Weavile|spe|1
|turn|23
|
|t:|1743829585
|move|p1a: Pecharunt|Malignant Chain|p2a: Weavile
|-damage|p2a: Weavile|0 fnt
|faint|p2a: Weavile
|
|upkeep
|
|t:|1743829596
|switch|p2a: Dondozo|Dondozo, M|100/100
|-activate|p2a: Dondozo|move: Sticky Web
|-unboost|p2a: Dondozo|spe|1
|turn|24
|
|t:|1743829606
|move|p1a: Pecharunt|Malignant Chain|p2a: Dondozo
|-damage|p2a: Dondozo|61/100
|move|p2a: Dondozo|Curse|p2a: Dondozo
|-unboost|p2a: Dondozo|spe|1
|-boost|p2a: Dondozo|atk|1
|-boost|p2a: Dondozo|def|1
|
|-heal|p2a: Dondozo|67/100|[from] item: Leftovers
|upkeep
|turn|25
|
|t:|1743829629
|move|p1a: Pecharunt|Malignant Chain|p2a: Dondozo
|-damage|p2a: Dondozo|31/100
|-status|p2a: Dondozo|tox
|-start|p2a: Dondozo|confusion|[from] ability: Poison Puppeteer|[of] p1a: Pecharunt
|-activate|p2a: Dondozo|confusion
|move|p2a: Dondozo|Rest|p2a: Dondozo
|-status|p2a: Dondozo|slp|[from] move: Rest
|-heal|p2a: Dondozo|100/100 slp|[silent]
|
|upkeep
|turn|26
|
|t:|1743829639
|move|p1a: Pecharunt|Shadow Ball|p2a: Dondozo
|-damage|p2a: Dondozo|72/100 slp
|cant|p2a: Dondozo|slp
|-activate|p2a: Dondozo|confusion
|move|p2a: Dondozo|Sleep Talk|p2a: Dondozo
|move|p2a: Dondozo|Rest||[from] move: Sleep Talk|[still]
|-fail|p2a: Dondozo
|
|-heal|p2a: Dondozo|78/100 slp|[from] item: Leftovers
|upkeep
|turn|27
|
|t:|1743829648
|move|p1a: Pecharunt|Shadow Ball|p2a: Dondozo
|-damage|p2a: Dondozo|48/100 slp
|cant|p2a: Dondozo|slp
|-activate|p2a: Dondozo|confusion
|-damage|p2a: Dondozo|44/100 slp|[from] confusion
|
|-heal|p2a: Dondozo|50/100 slp|[from] item: Leftovers
|upkeep
|turn|28
|
|t:|1743829661
|move|p1a: Pecharunt|Shadow Ball|p2a: Dondozo
|-damage|p2a: Dondozo|21/100 slp
|-curestatus|p2a: Dondozo|slp|[msg]
|-activate|p2a: Dondozo|confusion
|move|p2a: Dondozo|Rest|p2a: Dondozo
|-status|p2a: Dondozo|slp|[from] move: Rest
|-heal|p2a: Dondozo|100/100 slp|[silent]
|
|upkeep
|turn|29
|c|☆CuentaTemporal00|gg
|inactive|CuentaTemporal00 has 120 seconds left.
|c|☆KungfuPlatypus|gg
|
|t:|1743829685
|switch|p2a: Chandelure|Chandelure, M|100/100
|-activate|p2a: Chandelure|move: Sticky Web
|-unboost|p2a: Chandelure|spe|1
|move|p1a: Pecharunt|Shadow Ball|p2a: Chandelure
|-supereffective|p2a: Chandelure
|-damage|p2a: Chandelure|0 fnt
|faint|p2a: Chandelure
|
|upkeep
|c|☆KungfuPlatypus|i cant believe i won this game
|inactive|CuentaTemporal00 has 120 seconds left.
|
|t:|1743829692
|switch|p2a: Iron Moth|Iron Moth, tera:Grass|100/100
|-activate|p2a: Iron Moth|move: Sticky Web
|-unboost|p2a: Iron Moth|spe|1
|turn|30
|
|t:|1743829697
|move|p1a: Pecharunt|Malignant Chain|p2a: Iron Moth
|-supereffective|p2a: Iron Moth
|-damage|p2a: Iron Moth|0 fnt
|faint|p2a: Iron Moth
|-end|p2a: Iron Moth|Quark Drive|[silent]
|
|upkeep
|c|☆CuentaTemporal00|it has priority?
|inactive|CuentaTemporal00 has 120 seconds left.
|
|t:|1743829708
|switch|p2a: Dondozo|Dondozo, M|100/100 slp
|-activate|p2a: Dondozo|move: Sticky Web
|-unboost|p2a: Dondozo|spe|1
|turn|31
|c|☆KungfuPlatypus|no priority, you are slower because of sticky web
|
|t:|1743829728
|move|p1a: Pecharunt|Shadow Ball|p2a: Dondozo
|-damage|p2a: Dondozo|71/100 slp
|cant|p2a: Dondozo|slp
|move|p2a: Dondozo|Sleep Talk|p2a: Dondozo
|move|p2a: Dondozo|Body Press|p1a: Pecharunt|[from] move: Sleep Talk
|-immune|p1a: Pecharunt
|
|-heal|p2a: Dondozo|77/100 slp|[from] item: Leftovers
|upkeep
|turn|32
|c|☆CuentaTemporal00|oh yes my bad
|inactive|CuentaTemporal00 has 120 seconds left.
|
|t:|1743829743
|move|p1a: Pecharunt|Shadow Ball|p2a: Dondozo
|-damage|p2a: Dondozo|45/100 slp
|cant|p2a: Dondozo|slp
|move|p2a: Dondozo|Sleep Talk|p2a: Dondozo
|move|p2a: Dondozo|Rest||[from] move: Sleep Talk|[still]
|-fail|p2a: Dondozo
|
|-heal|p2a: Dondozo|51/100 slp|[from] item: Leftovers
|upkeep
|turn|33
|c|☆KungfuPlatypus|cannot believe i won this after that bad luck
|
|t:|1743829752
|move|p1a: Pecharunt|Shadow Ball|p2a: Dondozo
|-damage|p2a: Dondozo|19/100 slp
|-curestatus|p2a: Dondozo|slp|[msg]
|move|p2a: Dondozo|Rest|p2a: Dondozo
|-status|p2a: Dondozo|slp|[from] move: Rest
|-heal|p2a: Dondozo|100/100 slp|[silent]
|
|upkeep
|turn|34
|c|☆KungfuPlatypus|unless you never get spdef dropped by shadow ball lol
|
|t:|1743829761
|move|p1a: Pecharunt|Shadow Ball|p2a: Dondozo
|-damage|p2a: Dondozo|71/100 slp
|cant|p2a: Dondozo|slp
|move|p2a: Dondozo|Sleep Talk|p2a: Dondozo
|move|p2a: Dondozo|Body Press|p1a: Pecharunt|[from] move: Sleep Talk
|-immune|p1a: Pecharunt
|
|-heal|p2a: Dondozo|77/100 slp|[from] item: Leftovers
|upkeep
|turn|35
|
|t:|1743829770
|move|p1a: Pecharunt|Shadow Ball|p2a: Dondozo
|-damage|p2a: Dondozo|48/100 slp
|-unboost|p2a: Dondozo|spd|1
|cant|p2a: Dondozo|slp
|move|p2a: Dondozo|Sleep Talk|p2a: Dondozo
|move|p2a: Dondozo|Curse|p2a: Dondozo|[from] move: Sleep Talk
|-unboost|p2a: Dondozo|spe|1
|-boost|p2a: Dondozo|atk|1
|-boost|p2a: Dondozo|def|1
|
|-heal|p2a: Dondozo|54/100 slp|[from] item: Leftovers
|upkeep
|turn|36
|c|☆KungfuPlatypus|there we go
|
|t:|1743829785
|move|p1a: Pecharunt|Shadow Ball|p2a: Dondozo
|-damage|p2a: Dondozo|10/100 slp
|-curestatus|p2a: Dondozo|slp|[msg]
|move|p2a: Dondozo|Rest|p2a: Dondozo
|-status|p2a: Dondozo|slp|[from] move: Rest
|-heal|p2a: Dondozo|100/100 slp|[silent]
|
|upkeep
|turn|37
|
|t:|1743829797
|move|p1a: Pecharunt|Shadow Ball|p2a: Dondozo
|-damage|p2a: Dondozo|53/100 slp
|-unboost|p2a: Dondozo|spd|1
|cant|p2a: Dondozo|slp
|move|p2a: Dondozo|Sleep Talk|p2a: Dondozo
|move|p2a: Dondozo|Body Press|p1a: Pecharunt|[from] move: Sleep Talk
|-immune|p1a: Pecharunt
|
|-heal|p2a: Dondozo|59/100 slp|[from] item: Leftovers
|upkeep
|turn|38
|c|☆CuentaTemporal00|ill lose cuz my def is falling down
|c|☆KungfuPlatypus|yep
|c|☆CuentaTemporal00|i knew it
|
|t:|1743829819
|move|p1a: Pecharunt|Shadow Ball|p2a: Dondozo
|-damage|p2a: Dondozo|3/100 slp
|-unboost|p2a: Dondozo|spd|1
|cant|p2a: Dondozo|slp
|move|p2a: Dondozo|Sleep Talk|p2a: Dondozo
|move|p2a: Dondozo|Body Press|p1a: Pecharunt|[from] move: Sleep Talk
|-immune|p1a: Pecharunt
|
|-heal|p2a: Dondozo|9/100 slp|[from] item: Leftovers
|upkeep
|turn|39
|c|☆CuentaTemporal00|GG
|
|t:|1743829829
|move|p1a: Pecharunt|Shadow Ball|p2a: Dondozo
|-damage|p2a: Dondozo|0 fnt
|faint|p2a: Dondozo
|
|win|KungfuPlatypus
|raw|KungfuPlatypus's rating: 1137 &rarr; <strong>1168</strong><br />(+31 for winning)
|raw|CuentaTemporal00's rating: 1224 &rarr; <strong>1193</strong><br />(-31 for losing)
|c|☆KungfuPlatypus|gg
