|j|☆Hardencongafas
|j|☆IC Lion
|t:|1743779268
|gametype|singles
|player|p1|Hardencongafas|1|1318
|player|p2|IC Lion|silver|1312
|teamsize|p1|6
|teamsize|p2|6
|gen|9
|tier|[Gen 9] OU
|rated|
|rule|HP Percentage Mod: HP is shown in percentages
|rule|Endless Battle Clause: Forcing endless battles is banned
|rule|Species Clause: Limit one of each Pokémon
|rule|OHKO Clause: OHKO moves are banned
|rule|Evasion Items Clause: Evasion items are banned
|rule|Evasion Moves Clause: Evasion moves are banned
|rule|Sleep Moves Clause: Sleep-inducing moves are banned
|clearpoke
|poke|p1|Iron Treads|
|poke|p1|Emboar, F|
|poke|p1|Primarina, F|
|poke|p1|Corviknight, F|
|poke|p1|Landorus-Therian, M|
|poke|p1|Hydreigon, F|
|poke|p2|Gliscor, F|
|poke|p2|Dragonite, M|
|poke|p2|Cresselia, F|
|poke|p2|Kingambit, M|
|poke|p2|Ogerpon-Wellspring, F|
|poke|p2|Diancie|
|teampreview
|inactive|Battle timer is ON: inactive players will automatically lose when time's up. (requested by IC Lion)
|
|t:|1743779281
|start
|switch|p1a: Primarina|Primarina, F|100/100
|switch|p2a: Cresselia|Cresselia, F|100/100
|turn|1
|
|t:|1743779288
|-terastallize|p2a: Cresselia|Electric
|move|p2a: Cresselia|Calm Mind|p2a: Cresselia
|-boost|p2a: Cresselia|spa|1
|-boost|p2a: Cresselia|spd|1
|move|p1a: Primarina|Flip Turn|p2a: Cresselia
|-damage|p2a: Cresselia|94/100
|
|t:|1743779296
|switch|p1a: Emboar|Emboar, F, shiny|100/100|[from] Flip Turn
|
|-heal|p2a: Cresselia|99/100|[from] item: Leftovers
|upkeep
|turn|2
|
|t:|1743779322
|move|p1a: Emboar|Flare Blitz|p2a: Cresselia
|-damage|p2a: Cresselia|62/100
|-damage|p1a: Emboar|85/100|[from] Recoil
|move|p2a: Cresselia|Calm Mind|p2a: Cresselia
|-boost|p2a: Cresselia|spa|1
|-boost|p2a: Cresselia|spd|1
|
|-heal|p2a: Cresselia|68/100|[from] item: Leftovers
|upkeep
|turn|3
|
|t:|1743779327
|move|p1a: Emboar|Flare Blitz|p2a: Cresselia
|-damage|p2a: Cresselia|26/100
|-damage|p1a: Emboar|68/100|[from] Recoil
|move|p2a: Cresselia|Calm Mind|p2a: Cresselia
|-boost|p2a: Cresselia|spa|1
|-boost|p2a: Cresselia|spd|1
|
|-heal|p2a: Cresselia|32/100|[from] item: Leftovers
|upkeep
|turn|4
|
|t:|1743779331
|move|p1a: Emboar|Flare Blitz|p2a: Cresselia
|-damage|p2a: Cresselia|0 fnt
|faint|p2a: Cresselia
|-damage|p1a: Emboar|55/100|[from] Recoil
|
|upkeep
|inactive|IC Lion has 120 seconds left.
|inactive|IC Lion has 90 seconds left.
|inactive|IC Lion has 60 seconds left.
|
|t:|1743779429
|switch|p2a: Gliscor|Gliscor, F|100/100
|turn|5
|
|t:|1743779439
|switch|p1a: Primarina|Primarina, F|100/100
|move|p2a: Gliscor|Earthquake|p1a: Primarina
|-damage|p1a: Primarina|59/100
|
|-status|p2a: Gliscor|tox|[from] item: Toxic Orb
|upkeep
|turn|6
|
|t:|1743779444
|move|p2a: Gliscor|Toxic|p1a: Primarina
|-status|p1a: Primarina|tox
|move|p1a: Primarina|Surf|p2a: Gliscor
|-supereffective|p2a: Gliscor
|-damage|p2a: Gliscor|0 fnt
|faint|p2a: Gliscor
|
|-damage|p1a: Primarina|53/100 tox|[from] psn
|upkeep
|
|t:|1743779448
|switch|p2a: Kingambit|Kingambit, M, shiny|100/100
|-activate|p2a: Kingambit|ability: Supreme Overlord
|-start|p2a: Kingambit|fallen2|[silent]
|turn|7
|
|t:|1743779454
|move|p1a: Primarina|Moonblast|p2a: Kingambit
|-damage|p2a: Kingambit|66/100
|move|p2a: Kingambit|Iron Head|p1a: Primarina
|-damage|p1a: Primarina|0 fnt
|faint|p1a: Primarina
|
|upkeep
|
|t:|1743779460
|switch|p1a: Emboar|Emboar, F, shiny|55/100
|turn|8
|inactive|IC Lion has 90 seconds left.
|
|t:|1743779477
|move|p1a: Emboar|Close Combat|p2a: Kingambit
|-supereffective|p2a: Kingambit
|-damage|p2a: Kingambit|0 fnt
|-unboost|p1a: Emboar|def|1
|-unboost|p1a: Emboar|spd|1
|faint|p2a: Kingambit
|-end|p2a: Kingambit|fallen2|[silent]
|
|upkeep
|
|t:|1743779480
|switch|p2a: Dragonite|Dragonite, M|100/100
|turn|9
|
|t:|1743779486
|switch|p1a: Corviknight|Corviknight, F|100/100
|-ability|p1a: Corviknight|Pressure
|move|p2a: Dragonite|Dragon Dance|p2a: Dragonite
|-boost|p2a: Dragonite|atk|1
|-boost|p2a: Dragonite|spe|1
|
|upkeep
|turn|10
|
|t:|1743779492
|move|p2a: Dragonite|Dragon Dance|p2a: Dragonite
|-boost|p2a: Dragonite|atk|1
|-boost|p2a: Dragonite|spe|1
|move|p1a: Corviknight|Iron Defense|p1a: Corviknight
|-boost|p1a: Corviknight|def|2
|
|upkeep
|turn|11
|inactive|IC Lion has 120 seconds left.
|
|t:|1743779503
|move|p2a: Dragonite|Dragon Dance|p2a: Dragonite
|-boost|p2a: Dragonite|atk|1
|-boost|p2a: Dragonite|spe|1
|move|p1a: Corviknight|Iron Defense|p1a: Corviknight
|-boost|p1a: Corviknight|def|2
|
|upkeep
|turn|12
|
|t:|1743779506
|move|p2a: Dragonite|Dragon Dance|p2a: Dragonite
|-boost|p2a: Dragonite|atk|1
|-boost|p2a: Dragonite|spe|1
|move|p1a: Corviknight|Iron Defense|p1a: Corviknight
|-boost|p1a: Corviknight|def|2
|
|upkeep
|turn|13
|
|t:|1743779509
|move|p2a: Dragonite|Dragon Dance|p2a: Dragonite
|-boost|p2a: Dragonite|atk|1
|-boost|p2a: Dragonite|spe|1
|move|p1a: Corviknight|Body Press|p2a: Dragonite
|-resisted|p2a: Dragonite
|-damage|p2a: Dragonite|79/100
|
|-heal|p2a: Dragonite|85/100|[from] item: Leftovers
|upkeep
|turn|14
|
|t:|1743779511
|move|p2a: Dragonite|Dragon Dance|p2a: Dragonite
|-boost|p2a: Dragonite|atk|1
|-boost|p2a: Dragonite|spe|1
|move|p1a: Corviknight|Body Press|p2a: Dragonite
|-resisted|p2a: Dragonite
|-damage|p2a: Dragonite|45/100
|
|-heal|p2a: Dragonite|51/100|[from] item: Leftovers
|upkeep
|turn|15
|
|t:|1743779513
|move|p2a: Dragonite|Roost|p2a: Dragonite
|-heal|p2a: Dragonite|100/100
|-singleturn|p2a: Dragonite|move: Roost
|move|p1a: Corviknight|Body Press|p2a: Dragonite
|-damage|p2a: Dragonite|60/100
|
|-heal|p2a: Dragonite|66/100|[from] item: Leftovers
|upkeep
|turn|16
|
|t:|1743779516
|move|p2a: Dragonite|Roost|p2a: Dragonite
|-heal|p2a: Dragonite|100/100
|-singleturn|p2a: Dragonite|move: Roost
|move|p1a: Corviknight|Body Press|p2a: Dragonite
|-damage|p2a: Dragonite|56/100
|
|-heal|p2a: Dragonite|62/100|[from] item: Leftovers
|upkeep
|turn|17
|
|t:|1743779519
|move|p2a: Dragonite|Dragon Rush|p1a: Corviknight
|-resisted|p1a: Corviknight
|-damage|p1a: Corviknight|87/100
|-damage|p2a: Dragonite|46/100|[from] item: Rocky Helmet|[of] p1a: Corviknight
|cant|p1a: Corviknight|flinch
|
|-heal|p2a: Dragonite|52/100|[from] item: Leftovers
|upkeep
|turn|18
|
|t:|1743779521
|move|p2a: Dragonite|Dragon Rush|p1a: Corviknight
|-resisted|p1a: Corviknight
|-damage|p1a: Corviknight|74/100
|-damage|p2a: Dragonite|35/100|[from] item: Rocky Helmet|[of] p1a: Corviknight
|move|p1a: Corviknight|Body Press|p2a: Dragonite
|-resisted|p2a: Dragonite
|-damage|p2a: Dragonite|0 fnt
|faint|p2a: Dragonite
|
|upkeep
|-message|IC Lion forfeited.
|
|win|Hardencongafas
|raw|Hardencongafas's rating: 1318 &rarr; <strong>1338</strong><br />(+20 for winning)
|raw|IC Lion's rating: 1312 &rarr; <strong>1292</strong><br />(-20 for losing)
|l|☆IC Lion
|player|p2|
|l|☆Hardencongafas
|player|p1|
