|j|☆EvoLbt
|j|☆notmeezo
|t:|1743863233
|gametype|singles
|player|p1|EvoLbt|crasherwake|1175
|player|p2|notmeezo|lucas|1182
|teamsize|p1|6
|teamsize|p2|6
|gen|9
|tier|[Gen 9] OU
|rated|
|rule|HP Percentage Mod: HP is shown in percentages
|rule|Endless Battle Clause: Forcing endless battles is banned
|rule|Species Clause: Limit one of each Pokémon
|rule|OHKO Clause: OHKO moves are banned
|rule|Evasion Items Clause: Evasion items are banned
|rule|Evasion Moves Clause: Evasion moves are banned
|rule|Sleep Moves Clause: Sleep-inducing moves are banned
|clearpoke
|poke|p1|Landorus-Therian, M|
|poke|p1|Iron Moth|
|poke|p1|Samurott-Hisui, F|
|poke|p1|Braviary-Hisui, M|
|poke|p1|Enamorus, F|
|poke|p1|Raging Bolt|
|poke|p2|Quaquaval, M|
|poke|p2|Serperior, F|
|poke|p2|Whimsicott, F|
|poke|p2|Indeedee, M|
|poke|p2|Corviknight, M|
|poke|p2|Rotom-Heat|
|teampreview
|inactive|Battle timer is ON: inactive players will automatically lose when time's up. (requested by notmeezo)
|inactive|EvoLbt has 120 seconds left.
|
|t:|1743863280
|start
|switch|p1a: Samurott|Samurott-Hisui, F|100/100
|switch|p2a: Rotom|Rotom-Heat|100/100
|turn|1
|
|t:|1743863288
|move|p2a: Rotom|Thunder Wave|p1a: Samurott
|-status|p1a: Samurott|par
|cant|p1a: Samurott|par
|
|upkeep
|turn|2
|
|t:|1743863294
|switch|p2a: Whimsicott|Whimsicott, F|100/100
|move|p1a: Samurott|Aqua Cutter|p2a: Whimsicott
|-resisted|p2a: Whimsicott
|-damage|p2a: Whimsicott|71/100
|-damage|p1a: Samurott|91/100 par|[from] item: Life Orb
|
|upkeep
|turn|3
|
|t:|1743863305
|switch|p1a: Iron Moth|Iron Moth|100/100
|-enditem|p1a: Iron Moth|Booster Energy
|-activate|p1a: Iron Moth|ability: Quark Drive|[fromitem]
|-start|p1a: Iron Moth|quarkdrivespe
|move|p2a: Whimsicott|Substitute|p2a: Whimsicott
|-start|p2a: Whimsicott|Substitute
|-damage|p2a: Whimsicott|46/100
|
|upkeep
|turn|4
|
|t:|1743863314
|move|p2a: Whimsicott|Leech Seed|p1a: Iron Moth
|-start|p1a: Iron Moth|move: Leech Seed
|move|p1a: Iron Moth|Bug Buzz|p2a: Whimsicott
|-damage|p2a: Whimsicott|6/100
|
|-damage|p1a: Iron Moth|88/100|[from] Leech Seed|[of] p2a: Whimsicott
|-heal|p2a: Whimsicott|19/100|[silent]
|upkeep
|turn|5
|
|t:|1743863320
|switch|p2a: Rotom|Rotom-Heat|100/100
|move|p1a: Iron Moth|Bug Buzz|p2a: Rotom
|-resisted|p2a: Rotom
|-damage|p2a: Rotom|81/100
|
|-damage|p1a: Iron Moth|76/100|[from] Leech Seed|[of] p2a: Rotom
|-heal|p2a: Rotom|98/100|[silent]
|upkeep
|turn|6
|
|t:|1743863332
|-end|p1a: Iron Moth|Quark Drive|[silent]
|switch|p1a: Samurott|Samurott-Hisui, F|91/100 par
|move|p2a: Rotom|Trick|p1a: Samurott
|-activate|p2a: Rotom|move: Trick|[of] p1a: Samurott
|-item|p1a: Samurott|Choice Scarf|[from] move: Trick
|-item|p2a: Rotom|Life Orb|[from] move: Trick
|
|upkeep
|turn|7
|
|t:|1743863341
|switch|p2a: Corviknight|Corviknight, M|100/100
|cant|p1a: Samurott|par
|
|upkeep
|turn|8
|
|t:|1743863351
|switch|p1a: Raging Bolt|Raging Bolt|100/100
|-enditem|p1a: Raging Bolt|Booster Energy
|-activate|p1a: Raging Bolt|ability: Protosynthesis|[fromitem]
|-start|p1a: Raging Bolt|protosynthesisspa
|move|p2a: Corviknight|Iron Defense|p2a: Corviknight
|-boost|p2a: Corviknight|def|2
|
|upkeep
|turn|9
|
|t:|1743863360
|move|p1a: Raging Bolt|Calm Mind|p1a: Raging Bolt
|-boost|p1a: Raging Bolt|spa|1
|-boost|p1a: Raging Bolt|spd|1
|move|p2a: Corviknight|Tailwind|p2a: Corviknight
|-sidestart|p2: notmeezo|move: Tailwind
|
|upkeep
|turn|10
|
|t:|1743863365
|move|p1a: Raging Bolt|Thunderclap|p2a: Corviknight
|-supereffective|p2a: Corviknight
|-damage|p2a: Corviknight|0 fnt
|faint|p2a: Corviknight
|
|upkeep
|
|t:|1743863384
|switch|p2a: Whimsicott|Whimsicott, F|19/100
|turn|11
|
|t:|1743863389
|move|p2a: Whimsicott|Encore|p1a: Raging Bolt
|-start|p1a: Raging Bolt|Encore
|move|p1a: Raging Bolt|Thunderclap||[still]
|-fail|p1a: Raging Bolt
|
|upkeep
|turn|12
|
|t:|1743863397
|-end|p1a: Raging Bolt|Protosynthesis|[silent]
|switch|p1a: Iron Moth|Iron Moth|76/100
|move|p2a: Whimsicott|Leech Seed|p1a: Iron Moth
|-start|p1a: Iron Moth|move: Leech Seed
|
|-damage|p1a: Iron Moth|63/100|[from] Leech Seed|[of] p2a: Whimsicott
|-heal|p2a: Whimsicott|32/100|[silent]
|-sideend|p2: notmeezo|move: Tailwind
|upkeep
|turn|13
|
|t:|1743863405
|switch|p2a: Rotom|Rotom-Heat|98/100
|move|p1a: Iron Moth|Bug Buzz|p2a: Rotom
|-resisted|p2a: Rotom
|-damage|p2a: Rotom|76/100
|
|-damage|p1a: Iron Moth|51/100|[from] Leech Seed|[of] p2a: Rotom
|-heal|p2a: Rotom|93/100|[silent]
|upkeep
|turn|14
|
|t:|1743863414
|-end|p1a: Iron Moth|Quark Drive|[silent]
|switch|p1a: Samurott|Samurott-Hisui, F|91/100 par
|move|p2a: Rotom|Volt Switch|p1a: Samurott
|-supereffective|p1a: Samurott
|-damage|p1a: Samurott|0 fnt
|faint|p1a: Samurott
|-damage|p2a: Rotom|83/100|[from] item: Life Orb
|
|t:|1743863424
|switch|p2a: Indeedee|Indeedee, M|100/100|[from] Volt Switch
|-fieldstart|move: Psychic Terrain|[from] ability: Psychic Surge|[of] p2a: Indeedee
|
|upkeep
|
|t:|1743863434
|switch|p1a: Iron Moth|Iron Moth|51/100
|turn|15
|
|t:|1743863440
|move|p1a: Iron Moth|Bug Buzz|p2a: Indeedee
|-supereffective|p2a: Indeedee
|-damage|p2a: Indeedee|22/100
|move|p2a: Indeedee|Expanding Force|p1a: Iron Moth
|-supereffective|p1a: Iron Moth
|-damage|p1a: Iron Moth|0 fnt
|faint|p1a: Iron Moth
|-end|p1a: Iron Moth|Quark Drive|[silent]
|
|upkeep
|
|t:|1743863451
|switch|p1a: Landorus|Landorus-Therian, M|100/100
|-ability|p1a: Landorus|Intimidate|boost
|-unboost|p2a: Indeedee|atk|1
|turn|16
|
|t:|1743863458
|move|p2a: Indeedee|Expanding Force|p1a: Landorus
|-enditem|p1a: Landorus|Focus Sash
|-damage|p1a: Landorus|1/100
|move|p1a: Landorus|Earthquake|p2a: Indeedee
|-damage|p2a: Indeedee|0 fnt
|faint|p2a: Indeedee
|
|upkeep
|
|t:|1743863469
|switch|p2a: Serperior|Serperior, F|100/100
|turn|17
|
|t:|1743863481
|move|p2a: Serperior|Substitute|p2a: Serperior
|-start|p2a: Serperior|Substitute
|-damage|p2a: Serperior|75/100
|move|p1a: Landorus|U-turn|p2a: Serperior
|-supereffective|p2a: Serperior
|-end|p2a: Serperior|Substitute
|
|t:|1743863488
|switch|p1a: Enamorus|Enamorus, F|100/100|[from] U-turn
|
|-heal|p2a: Serperior|81/100|[from] item: Leftovers
|upkeep
|turn|18
|
|t:|1743863496
|move|p1a: Enamorus|Mystical Fire|p2a: Serperior
|-supereffective|p2a: Serperior
|-damage|p2a: Serperior|27/100
|-boost|p2a: Serperior|spa|1
|move|p2a: Serperior|Substitute|p2a: Serperior
|-start|p2a: Serperior|Substitute
|-damage|p2a: Serperior|2/100
|
|-heal|p2a: Serperior|8/100|[from] item: Leftovers
|-fieldend|move: Psychic Terrain
|upkeep
|turn|19
|
|t:|1743863511
|-terastallize|p2a: Serperior|Electric
|move|p1a: Enamorus|Mystical Fire|p2a: Serperior
|-end|p2a: Serperior|Substitute
|move|p2a: Serperior|Tera Blast|p1a: Enamorus|[anim] Tera Blast Electric
|-supereffective|p1a: Enamorus
|-damage|p1a: Enamorus|0 fnt
|faint|p1a: Enamorus
|
|-heal|p2a: Serperior|15/100|[from] item: Leftovers
|upkeep
|
|t:|1743863524
|switch|p1a: Raging Bolt|Raging Bolt|100/100
|turn|20
|
|t:|1743863530
|switch|p2a: Rotom|Rotom-Heat|83/100
|move|p1a: Raging Bolt|Thunderclap||[still]
|-fail|p1a: Raging Bolt
|
|upkeep
|turn|21
|
|t:|1743863539
|move|p2a: Rotom|Volt Switch|p1a: Raging Bolt
|-resisted|p1a: Raging Bolt
|-damage|p1a: Raging Bolt|90/100
|-damage|p2a: Rotom|73/100|[from] item: Life Orb
|
|t:|1743863545
|switch|p2a: Whimsicott|Whimsicott, F|32/100|[from] Volt Switch
|move|p1a: Raging Bolt|Calm Mind|p1a: Raging Bolt
|-boost|p1a: Raging Bolt|spa|1
|-boost|p1a: Raging Bolt|spd|1
|
|upkeep
|turn|22
|
|t:|1743863558
|-terastallize|p1a: Raging Bolt|Fairy
|move|p2a: Whimsicott|Encore|p1a: Raging Bolt
|-start|p1a: Raging Bolt|Encore
|move|p1a: Raging Bolt|Calm Mind|p1a: Raging Bolt
|-boost|p1a: Raging Bolt|spa|1
|-boost|p1a: Raging Bolt|spd|1
|
|upkeep
|turn|23
|
|t:|1743863582
|-end|p1a: Raging Bolt|Protosynthesis|[silent]
|switch|p1a: Braviary|Braviary-Hisui, M|100/100
|move|p2a: Whimsicott|Leech Seed|p1a: Braviary
|-start|p1a: Braviary|move: Leech Seed
|
|-damage|p1a: Braviary|88/100|[from] Leech Seed|[of] p2a: Whimsicott
|-heal|p2a: Whimsicott|47/100|[silent]
|upkeep
|turn|24
|
|t:|1743863599
|move|p2a: Whimsicott|Substitute|p2a: Whimsicott
|-start|p2a: Whimsicott|Substitute
|-damage|p2a: Whimsicott|22/100
|move|p1a: Braviary|Esper Wing|p2a: Whimsicott
|-end|p2a: Whimsicott|Substitute
|-boost|p1a: Braviary|spe|1
|
|-damage|p1a: Braviary|76/100|[from] Leech Seed|[of] p2a: Whimsicott
|-heal|p2a: Whimsicott|37/100|[silent]
|upkeep
|turn|25
|
|t:|1743863610
|move|p2a: Whimsicott|Substitute|p2a: Whimsicott
|-start|p2a: Whimsicott|Substitute
|-damage|p2a: Whimsicott|12/100
|move|p1a: Braviary|Esper Wing|p2a: Whimsicott
|-end|p2a: Whimsicott|Substitute
|-boost|p1a: Braviary|spe|1
|
|-damage|p1a: Braviary|63/100|[from] Leech Seed|[of] p2a: Whimsicott
|-heal|p2a: Whimsicott|26/100|[silent]
|upkeep
|turn|26
|
|t:|1743863619
|switch|p2a: Rotom|Rotom-Heat|73/100
|move|p1a: Braviary|Esper Wing|p2a: Rotom
|-damage|p2a: Rotom|20/100
|-boost|p1a: Braviary|spe|1
|
|-damage|p1a: Braviary|51/100|[from] Leech Seed|[of] p2a: Rotom
|-heal|p2a: Rotom|39/100|[silent]
|upkeep
|turn|27
|
|t:|1743863637
|move|p1a: Braviary|Esper Wing|p2a: Rotom
|-damage|p2a: Rotom|0 fnt
|-boost|p1a: Braviary|spe|1
|faint|p2a: Rotom
|
|upkeep
|
|t:|1743863643
|switch|p2a: Quaquaval|Quaquaval, M|100/100
|turn|28
|
|t:|1743863648
|move|p2a: Quaquaval|Aqua Jet|p1a: Braviary
|-damage|p1a: Braviary|17/100
|-damage|p2a: Quaquaval|91/100|[from] item: Life Orb
|move|p1a: Braviary|Esper Wing|p2a: Quaquaval
|-supereffective|p2a: Quaquaval
|-damage|p2a: Quaquaval|0 fnt
|-boost|p1a: Braviary|spe|1
|faint|p2a: Quaquaval
|
|upkeep
|
|t:|1743863654
|switch|p2a: Whimsicott|Whimsicott, F|26/100
|turn|29
|
|t:|1743863662
|move|p2a: Whimsicott|Substitute|p2a: Whimsicott
|-start|p2a: Whimsicott|Substitute
|-damage|p2a: Whimsicott|1/100
|move|p1a: Braviary|Esper Wing|p2a: Whimsicott
|-end|p2a: Whimsicott|Substitute
|-boost|p1a: Braviary|spe|1
|
|-damage|p1a: Braviary|5/100|[from] Leech Seed|[of] p2a: Whimsicott
|-heal|p2a: Whimsicott|16/100|[silent]
|upkeep
|turn|30
|
|t:|1743863675
|move|p1a: Braviary|Roost|p1a: Braviary
|-heal|p1a: Braviary|55/100
|-singleturn|p1a: Braviary|move: Roost
|move|p2a: Whimsicott|Moonblast|p1a: Braviary
|-damage|p1a: Braviary|16/100
|
|-damage|p1a: Braviary|4/100|[from] Leech Seed|[of] p2a: Whimsicott
|-heal|p2a: Whimsicott|30/100|[silent]
|upkeep
|turn|31
|
|t:|1743863687
|move|p2a: Whimsicott|Substitute|p2a: Whimsicott
|-start|p2a: Whimsicott|Substitute
|-damage|p2a: Whimsicott|5/100
|move|p1a: Braviary|Esper Wing|p2a: Whimsicott
|-end|p2a: Whimsicott|Substitute
|
|-damage|p1a: Braviary|0 fnt|[from] Leech Seed|[of] p2a: Whimsicott
|-heal|p2a: Whimsicott|9/100|[silent]
|faint|p1a: Braviary
|upkeep
|
|t:|1743863700
|switch|p1a: Raging Bolt|Raging Bolt, tera:Fairy|90/100
|turn|32
|
|t:|1743863706
|move|p2a: Whimsicott|Leech Seed|p1a: Raging Bolt
|-start|p1a: Raging Bolt|move: Leech Seed
|move|p1a: Raging Bolt|Volt Switch|p2a: Whimsicott
|-resisted|p2a: Whimsicott
|-damage|p2a: Whimsicott|0 fnt
|faint|p2a: Whimsicott
|
|t:|1743863711
|-end|p1a: Raging Bolt|Protosynthesis|[silent]
|switch|p1a: Landorus|Landorus-Therian, M|1/100|[from] Volt Switch
|
|upkeep
|
|t:|1743863713
|switch|p2a: Serperior|Serperior, F, tera:Electric|15/100
|turn|33
|
|t:|1743863718
|move|p2a: Serperior|Leaf Storm|p1a: Landorus
|-damage|p1a: Landorus|0 fnt
|-boost|p2a: Serperior|spa|2
|faint|p1a: Landorus
|
|-heal|p2a: Serperior|20/100|[from] item: Leftovers
|upkeep
|
|t:|1743863725
|switch|p1a: Raging Bolt|Raging Bolt, tera:Fairy|90/100
|turn|34
|
|t:|1743863729
|move|p2a: Serperior|Glare|p1a: Raging Bolt
|-status|p1a: Raging Bolt|par
|move|p1a: Raging Bolt|Volt Switch|p2a: Serperior
|-resisted|p2a: Serperior
|-damage|p2a: Serperior|0 fnt
|faint|p2a: Serperior
|
|win|EvoLbt
|raw|EvoLbt's rating: 1175 &rarr; <strong>1201</strong><br />(+26 for winning)
|raw|notmeezo's rating: 1182 &rarr; <strong>1156</strong><br />(-26 for losing)
|l|☆notmeezo
|player|p2|
|l|☆EvoLbt
|player|p1|
