|j|☆m0chaman_829
|j|☆0000000ahc
|t:|1743936411
|gametype|singles
|player|p1|m0chaman_829|noland-gen3|1422
|player|p2|0000000ahc|101|1448
|teamsize|p1|6
|teamsize|p2|6
|gen|9
|tier|[Gen 9] OU
|rated|
|rule|HP Percentage Mod: HP is shown in percentages
|rule|Endless Battle Clause: Forcing endless battles is banned
|rule|Species Clause: Limit one of each Pokémon
|rule|OHKO Clause: OHKO moves are banned
|rule|Evasion Items Clause: Evasion items are banned
|rule|Evasion Moves Clause: Evasion moves are banned
|rule|Sleep Moves Clause: Sleep-inducing moves are banned
|clearpoke
|poke|p1|Glimmora, M|
|poke|p1|Iron Valiant|
|poke|p1|Kingambit, M|
|poke|p1|Iron Boulder|
|poke|p1|Iron Moth|
|poke|p1|Moltres-Galar|
|poke|p2|Barraskewda, M|
|poke|p2|Raging Bolt|
|poke|p2|Tornadus-Therian, M|
|poke|p2|Pelipper, F|
|poke|p2|Iron Treads|
|poke|p2|Overqwil, M|
|teampreview
|inactive|Battle timer is ON: inactive players will automatically lose when time's up. (requested by m0chaman_829)
|
|t:|1743936418
|start
|switch|p1a: Glimmora|Glimmora, M|100/100
|switch|p2a: Pelipper|Pelipper, F|100/100
|-weather|RainDance|[from] ability: Drizzle|[of] p2a: Pelipper
|turn|1
|
|t:|1743936429
|switch|p2a: Iron Treads|Iron Treads|100/100
|move|p1a: Glimmora|Stealth Rock|p2a: Iron Treads
|-sidestart|p2: 0000000ahc|move: Stealth Rock
|
|-weather|RainDance|[upkeep]
|upkeep
|turn|2
|
|t:|1743936435
|move|p2a: Iron Treads|Rapid Spin|p1a: Glimmora
|-resisted|p1a: Glimmora
|-damage|p1a: Glimmora|93/100
|-boost|p2a: Iron Treads|spe|1
|-activate|p1a: Glimmora|ability: Toxic Debris
|-sidestart|p2: 0000000ahc|move: Toxic Spikes
|-sideend|p2: 0000000ahc|Toxic Spikes|[from] move: Rapid Spin|[of] p2a: Iron Treads
|-sideend|p2: 0000000ahc|Stealth Rock|[from] move: Rapid Spin|[of] p2a: Iron Treads
|move|p1a: Glimmora|Earth Power|p2a: Iron Treads
|-supereffective|p2a: Iron Treads
|-damage|p2a: Iron Treads|30/100
|
|-weather|RainDance|[upkeep]
|-heal|p2a: Iron Treads|36/100|[from] item: Leftovers
|upkeep
|turn|3
|
|t:|1743936443
|move|p2a: Iron Treads|Earthquake|p1a: Glimmora
|-supereffective|p1a: Glimmora
|-damage|p1a: Glimmora|0 fnt
|-activate|p1a: Glimmora|ability: Toxic Debris
|-sidestart|p2: 0000000ahc|move: Toxic Spikes
|faint|p1a: Glimmora
|
|-weather|RainDance|[upkeep]
|-heal|p2a: Iron Treads|42/100|[from] item: Leftovers
|upkeep
|inactive|m0chaman_829 has 120 seconds left.
|
|t:|1743936484
|switch|p1a: Iron Moth|Iron Moth|100/100
|-enditem|p1a: Iron Moth|Booster Energy
|-activate|p1a: Iron Moth|ability: Quark Drive|[fromitem]
|-start|p1a: Iron Moth|quarkdrivespe
|turn|4
|
|t:|1743936511
|move|p1a: Iron Moth|Fiery Dance|p2a: Iron Treads
|-supereffective|p2a: Iron Treads
|-damage|p2a: Iron Treads|0 fnt
|-boost|p1a: Iron Moth|spa|1
|faint|p2a: Iron Treads
|-end|p2a: Iron Treads|Quark Drive|[silent]
|
|-weather|RainDance|[upkeep]
|upkeep
|
|t:|1743936513
|switch|p2a: Overqwil|Overqwil, M|100/100
|-sideend|p2: 0000000ahc|move: Toxic Spikes|[of] p2a: Overqwil
|turn|5
|
|t:|1743936518
|move|p2a: Overqwil|Liquidation|p1a: Iron Moth
|-supereffective|p1a: Iron Moth
|-damage|p1a: Iron Moth|0 fnt
|faint|p1a: Iron Moth
|-end|p1a: Iron Moth|Quark Drive|[silent]
|-damage|p2a: Overqwil|91/100|[from] item: Life Orb
|
|-weather|RainDance|[upkeep]
|upkeep
|
|t:|1743936531
|switch|p1a: Iron Boulder|Iron Boulder|100/100
|-enditem|p1a: Iron Boulder|Booster Energy
|-activate|p1a: Iron Boulder|ability: Quark Drive|[fromitem]
|-start|p1a: Iron Boulder|quarkdrivespe
|turn|6
|
|t:|1743936537
|move|p1a: Iron Boulder|Mighty Cleave|p2a: Overqwil
|-damage|p2a: Overqwil|35/100
|move|p2a: Overqwil|Liquidation|p1a: Iron Boulder
|-supereffective|p1a: Iron Boulder
|-damage|p1a: Iron Boulder|0 fnt
|faint|p1a: Iron Boulder
|-end|p1a: Iron Boulder|Quark Drive|[silent]
|-damage|p2a: Overqwil|25/100|[from] item: Life Orb
|
|-weather|RainDance|[upkeep]
|upkeep
|
|t:|1743936548
|switch|p1a: Moltres|Moltres-Galar|100/100
|turn|7
|
|t:|1743936551
|move|p2a: Overqwil|Gunk Shot|p1a: Moltres
|-crit|p1a: Moltres
|-damage|p1a: Moltres|0 fnt
|faint|p1a: Moltres
|-damage|p2a: Overqwil|15/100|[from] item: Life Orb
|
|-weather|RainDance|[upkeep]
|upkeep
|
|t:|1743936561
|switch|p1a: Iron Valiant|Iron Valiant|100/100
|-enditem|p1a: Iron Valiant|Booster Energy
|-activate|p1a: Iron Valiant|ability: Quark Drive|[fromitem]
|-start|p1a: Iron Valiant|quarkdrivespe
|turn|8
|
|t:|1743936573
|-terastallize|p1a: Iron Valiant|Steel
|move|p1a: Iron Valiant|Moonblast|p2a: Overqwil
|-damage|p2a: Overqwil|0 fnt
|faint|p2a: Overqwil
|
|-weather|none
|upkeep
|
|t:|1743936579
|switch|p2a: Pelipper|Pelipper, F|100/100
|-weather|RainDance|[from] ability: Drizzle|[of] p2a: Pelipper
|turn|9
|
|t:|1743936584
|move|p1a: Iron Valiant|Moonblast|p2a: Pelipper
|-crit|p2a: Pelipper
|-damage|p2a: Pelipper|31/100
|-unboost|p2a: Pelipper|spa|1
|move|p2a: Pelipper|Weather Ball|p1a: Iron Valiant
|-damage|p1a: Iron Valiant|39/100
|
|-weather|RainDance|[upkeep]
|upkeep
|turn|10
|
|t:|1743936592
|move|p1a: Iron Valiant|Moonblast|p2a: Pelipper
|-damage|p2a: Pelipper|0 fnt
|faint|p2a: Pelipper
|
|-weather|RainDance|[upkeep]
|upkeep
|
|t:|1743936595
|switch|p2a: Barraskewda|Barraskewda, M|100/100
|turn|11
|
|t:|1743936599
|move|p2a: Barraskewda|Flip Turn|p1a: Iron Valiant
|-damage|p1a: Iron Valiant|0 fnt
|faint|p1a: Iron Valiant
|-end|p1a: Iron Valiant|Quark Drive|[silent]
|
|t:|1743936607
|switch|p2a: Raging Bolt|Raging Bolt|100/100|[from] Flip Turn
|-enditem|p2a: Raging Bolt|Booster Energy
|-activate|p2a: Raging Bolt|ability: Protosynthesis|[fromitem]
|-start|p2a: Raging Bolt|protosynthesisspa
|
|-weather|RainDance|[upkeep]
|upkeep
|
|t:|1743936611
|switch|p1a: Kingambit|Kingambit, M|100/100
|-activate|p1a: Kingambit|ability: Supreme Overlord
|-start|p1a: Kingambit|fallen5|[silent]
|turn|12
|
|t:|1743936622
|move|p1a: Kingambit|Sucker Punch|p2a: Raging Bolt
|-crit|p2a: Raging Bolt
|-damage|p2a: Raging Bolt|11/100
|move|p2a: Raging Bolt|Weather Ball|p1a: Kingambit
|-damage|p1a: Kingambit|24/100
|
|-weather|RainDance|[upkeep]
|upkeep
|turn|13
|
|t:|1743936632
|move|p2a: Raging Bolt|Thunderclap|p1a: Kingambit
|-damage|p1a: Kingambit|0 fnt
|faint|p1a: Kingambit
|-end|p1a: Kingambit|fallen5|[silent]
|
|win|0000000ahc
|raw|m0chaman_829's rating: 1422 &rarr; <strong>1403</strong><br />(-19 for losing)
|raw|0000000ahc's rating: 1448 &rarr; <strong>1467</strong><br />(+19 for winning)
|l|☆m0chaman_829
|player|p1|
|l|☆0000000ahc
|player|p2|
