|j|☆tilda mamoswinton
|j|☆HAHAHALLOWDAY SZN
|t:|1743897672
|gametype|singles
|player|p1|tilda mamoswinton|169|1002
|player|p2|HAHAHALLOWDAY SZN|ghetsis|1047
|teamsize|p1|6
|teamsize|p2|6
|gen|9
|tier|[Gen 9] OU
|rated|
|rule|HP Percentage Mod: HP is shown in percentages
|rule|Endless Battle Clause: Forcing endless battles is banned
|rule|Species Clause: Limit one of each Pokémon
|rule|OHKO Clause: OHKO moves are banned
|rule|Evasion Items Clause: Evasion items are banned
|rule|Evasion Moves Clause: Evasion moves are banned
|rule|Sleep Moves Clause: Sleep-inducing moves are banned
|clearpoke
|poke|p1|Regice|
|poke|p1|Raging Bolt|
|poke|p1|Ninetales, M|
|poke|p1|Sandy Shocks|
|poke|p1|Slither Wing|
|poke|p1|Rotom-Wash|
|poke|p2|Pelipper, M|
|poke|p2|Great Tusk|
|poke|p2|Kyurem|
|poke|p2|Iron Valiant|
|poke|p2|Ogerpon-Wellspring, F|
|poke|p2|Gholdengo|
|teampreview
|
|t:|1743897690
|start
|switch|p1a: Ninetales|Ninetales, M|100/100
|switch|p2a: Pelipper|Pelipper, M|100/100
|-weather|SunnyDay|[from] ability: Drought|[of] p1a: Ninetales
|-weather|RainDance|[from] ability: Drizzle|[of] p2a: Pelipper
|turn|1
|inactive|Battle timer is ON: inactive players will automatically lose when time's up. (requested by HAHAHALLOWDAY SZN)
|
|t:|1743897704
|switch|p2a: Ogerpon|Ogerpon-Wellspring, F|100/100
|move|p1a: Ninetales|Will-O-Wisp|p2a: Ogerpon
|-status|p2a: Ogerpon|brn
|
|-weather|RainDance|[upkeep]
|-damage|p2a: Ogerpon|95/100 brn|[from] brn
|upkeep
|turn|2
|
|t:|1743897717
|switch|p1a: Slither Wing|Slither Wing|100/100
|-enditem|p1a: Slither Wing|Booster Energy
|-activate|p1a: Slither Wing|ability: Protosynthesis|[fromitem]
|-start|p1a: Slither Wing|protosynthesisatk
|move|p2a: Ogerpon|Swords Dance|p2a: Ogerpon
|-boost|p2a: Ogerpon|atk|2
|
|-weather|RainDance|[upkeep]
|-damage|p2a: Ogerpon|89/100 brn|[from] brn
|upkeep
|turn|3
|
|t:|1743897730
|switch|p2a: Great Tusk|Great Tusk|100/100
|move|p1a: Slither Wing|Bug Buzz|p2a: Great Tusk
|-resisted|p2a: Great Tusk
|-damage|p2a: Great Tusk|87/100
|
|-weather|RainDance|[upkeep]
|upkeep
|turn|4
|inactive|HAHAHALLOWDAY SZN has 120 seconds left.
|
|t:|1743897761
|move|p1a: Slither Wing|Stun Spore|p2a: Great Tusk
|-status|p2a: Great Tusk|par
|move|p2a: Great Tusk|Earthquake|p1a: Slither Wing
|-resisted|p1a: Slither Wing
|-damage|p1a: Slither Wing|65/100
|
|-weather|RainDance|[upkeep]
|upkeep
|turn|5
|
|t:|1743897778
|-end|p1a: Slither Wing|Protosynthesis|[silent]
|switch|p1a: Ninetales|Ninetales, M|100/100
|-weather|SunnyDay|[from] ability: Drought|[of] p1a: Ninetales
|-activate|p2a: Great Tusk|ability: Protosynthesis
|-start|p2a: Great Tusk|protosynthesisatk
|-end|p2a: Great Tusk|Protosynthesis|[silent]
|switch|p2a: Gholdengo|Gholdengo|100/100
|
|-weather|SunnyDay|[upkeep]
|upkeep
|turn|6
|
|t:|1743897789
|switch|p2a: Pelipper|Pelipper, M|100/100
|-weather|RainDance|[from] ability: Drizzle|[of] p2a: Pelipper
|move|p1a: Ninetales|Will-O-Wisp|p2a: Pelipper
|-status|p2a: Pelipper|brn
|
|-weather|RainDance|[upkeep]
|-damage|p2a: Pelipper|94/100 brn|[from] brn
|upkeep
|turn|7
|inactive|HAHAHALLOWDAY SZN has 120 seconds left.
|
|t:|1743897809
|switch|p1a: Raging Bolt|Raging Bolt|100/100
|-enditem|p1a: Raging Bolt|Booster Energy
|-activate|p1a: Raging Bolt|ability: Protosynthesis|[fromitem]
|-start|p1a: Raging Bolt|protosynthesisspa
|move|p2a: Pelipper|Surf|p1a: Raging Bolt
|-resisted|p1a: Raging Bolt
|-damage|p1a: Raging Bolt|75/100
|
|-weather|RainDance|[upkeep]
|-damage|p2a: Pelipper|88/100 brn|[from] brn
|upkeep
|turn|8
|
|t:|1743897822
|-terastallize|p2a: Pelipper|Ground
|move|p1a: Raging Bolt|Thunderclap|p2a: Pelipper
|-immune|p2a: Pelipper
|move|p2a: Pelipper|Ice Beam|p1a: Raging Bolt
|-supereffective|p1a: Raging Bolt
|-damage|p1a: Raging Bolt|31/100
|
|-weather|RainDance|[upkeep]
|-damage|p2a: Pelipper|82/100 brn|[from] brn
|upkeep
|turn|9
|
|t:|1743897835
|-end|p1a: Raging Bolt|Protosynthesis|[silent]
|switch|p1a: Rotom|Rotom-Wash|100/100
|move|p2a: Pelipper|Hurricane|p1a: Rotom
|-resisted|p1a: Rotom
|-damage|p1a: Rotom|68/100
|
|-weather|RainDance|[upkeep]
|-damage|p2a: Pelipper|76/100 brn|[from] brn
|upkeep
|turn|10
|
|t:|1743897847
|switch|p2a: Ogerpon|Ogerpon-Wellspring, F|89/100 brn
|move|p1a: Rotom|Hydro Pump|p2a: Ogerpon
|-heal|p2a: Ogerpon|100/100 brn|[from] ability: Water Absorb|[of] p1a: Rotom
|
|-weather|RainDance|[upkeep]
|-damage|p2a: Ogerpon|95/100 brn|[from] brn
|upkeep
|turn|11
|
|t:|1743897861
|move|p2a: Ogerpon|Ivy Cudgel|p1a: Rotom|[anim] Ivy Cudgel Water
|-resisted|p1a: Rotom
|-damage|p1a: Rotom|36/100
|move|p1a: Rotom|Poltergeist|p2a: Ogerpon
|-activate|p2a: Ogerpon|move: Poltergeist|Wellspring Mask
|-damage|p2a: Ogerpon|70/100 brn
|
|-weather|RainDance|[upkeep]
|-damage|p2a: Ogerpon|64/100 brn|[from] brn
|upkeep
|turn|12
|
|t:|1743897873
|switch|p1a: Slither Wing|Slither Wing|65/100
|move|p2a: Ogerpon|Horn Leech|p1a: Slither Wing
|-resisted|p1a: Slither Wing
|-damage|p1a: Slither Wing|50/100
|-heal|p2a: Ogerpon|72/100 brn|[from] drain|[of] p1a: Slither Wing
|
|-weather|RainDance|[upkeep]
|-damage|p2a: Ogerpon|66/100 brn|[from] brn
|upkeep
|turn|13
|
|t:|1743897883
|switch|p2a: Pelipper|Pelipper, M, tera:Ground|76/100 brn
|move|p1a: Slither Wing|Bug Buzz|p2a: Pelipper
|-damage|p2a: Pelipper|29/100 brn
|
|-weather|none
|-damage|p2a: Pelipper|23/100 brn|[from] brn
|upkeep
|turn|14
|
|t:|1743897891
|switch|p2a: Great Tusk|Great Tusk|87/100 par
|move|p1a: Slither Wing|Bug Buzz|p2a: Great Tusk
|-resisted|p2a: Great Tusk
|-damage|p2a: Great Tusk|73/100 par
|-unboost|p2a: Great Tusk|spd|1
|
|upkeep
|turn|15
|
|t:|1743897902
|move|p1a: Slither Wing|Hurricane|p2a: Great Tusk
|-supereffective|p2a: Great Tusk
|-damage|p2a: Great Tusk|6/100 par
|-start|p2a: Great Tusk|confusion
|-activate|p2a: Great Tusk|confusion
|move|p2a: Great Tusk|Temper Flare|p1a: Slither Wing
|-supereffective|p1a: Slither Wing
|-damage|p1a: Slither Wing|0 fnt
|faint|p1a: Slither Wing
|-end|p1a: Slither Wing|Protosynthesis|[silent]
|
|upkeep
|
|t:|1743897912
|switch|p1a: Ninetales|Ninetales, M|100/100
|-weather|SunnyDay|[from] ability: Drought|[of] p1a: Ninetales
|-activate|p2a: Great Tusk|ability: Protosynthesis
|-start|p2a: Great Tusk|protosynthesisatk
|turn|16
|
|t:|1743897919
|switch|p1a: Rotom|Rotom-Wash|36/100
|-end|p2a: Great Tusk|confusion
|move|p2a: Great Tusk|Earthquake|p1a: Rotom
|-immune|p1a: Rotom|[from] ability: Levitate
|
|-weather|SunnyDay|[upkeep]
|upkeep
|turn|17
|
|t:|1743897927
|move|p1a: Rotom|Hydro Pump|p2a: Great Tusk
|-supereffective|p2a: Great Tusk
|-crit|p2a: Great Tusk
|-damage|p2a: Great Tusk|0 fnt
|faint|p2a: Great Tusk
|-end|p2a: Great Tusk|Protosynthesis|[silent]
|
|-weather|SunnyDay|[upkeep]
|upkeep
|
|t:|1743897941
|switch|p2a: Kyurem|Kyurem|100/100
|-ability|p2a: Kyurem|Pressure
|turn|18
|
|t:|1743897951
|switch|p1a: Regice|Regice|100/100
|move|p2a: Kyurem|Weather Ball|p1a: Regice
|-supereffective|p1a: Regice
|-damage|p1a: Regice|5/100
|
|-weather|SunnyDay|[upkeep]
|upkeep
|turn|19
|c|☆HAHAHALLOWDAY SZN|LMFAO
|-activate|p1a: Regice|item: Quick Claw
|
|t:|1743897963
|move|p1a: Regice|Gravity|p1a: Regice
|-fieldstart|move: Gravity
|move|p2a: Kyurem|Weather Ball|p1a: Regice
|-supereffective|p1a: Regice
|-damage|p1a: Regice|0 fnt
|faint|p1a: Regice
|
|-weather|SunnyDay|[upkeep]
|upkeep
|c|☆HAHAHALLOWDAY SZN|IM HIM
|
|t:|1743897977
|switch|p1a: Sandy Shocks|Sandy Shocks|100/100
|-activate|p1a: Sandy Shocks|ability: Protosynthesis
|-start|p1a: Sandy Shocks|protosynthesisspe
|turn|20
|inactive|HAHAHALLOWDAY SZN has 120 seconds left.
|
|t:|1743898008
|switch|p2a: Gholdengo|Gholdengo|100/100
|-terastallize|p1a: Sandy Shocks|Electric
|move|p1a: Sandy Shocks|Zap Cannon|p2a: Gholdengo|[miss]
|-miss|p1a: Sandy Shocks|p2a: Gholdengo
|
|-weather|SunnyDay|[upkeep]
|upkeep
|turn|21
|
|t:|1743898016
|switch|p2a: Pelipper|Pelipper, M, tera:Ground|23/100 brn
|-weather|RainDance|[from] ability: Drizzle|[of] p2a: Pelipper
|-end|p1a: Sandy Shocks|Protosynthesis
|-enditem|p1a: Sandy Shocks|Booster Energy
|-activate|p1a: Sandy Shocks|ability: Protosynthesis|[fromitem]
|-start|p1a: Sandy Shocks|protosynthesisspe
|move|p1a: Sandy Shocks|Zap Cannon|p2a: Pelipper
|-immune|p2a: Pelipper
|
|-weather|RainDance|[upkeep]
|-damage|p2a: Pelipper|17/100 brn|[from] brn
|upkeep
|turn|22
|-message|tilda mamoswinton forfeited.
|
|win|HAHAHALLOWDAY SZN
|raw|tilda mamoswinton's rating: 1002 &rarr; <strong>1000</strong><br />(-2 for losing)
|raw|HAHAHALLOWDAY SZN's rating: 1047 &rarr; <strong>1076</strong><br />(+29 for winning)
|l|☆tilda mamoswinton
|player|p1|
