|j|☆Elite4Peach
|j|☆4567Gamer
|t:|1743847139
|gametype|singles
|player|p1|Elite4Peach|swimmerf-gen4dp|1083
|player|p2|4567Gamer|102|1089
|teamsize|p1|6
|teamsize|p2|6
|gen|9
|tier|[Gen 9] OU
|rated|
|rule|HP Percentage Mod: HP is shown in percentages
|rule|Endless Battle Clause: Forcing endless battles is banned
|rule|Species Clause: Limit one of each Pokémon
|rule|OHKO Clause: OHKO moves are banned
|rule|Evasion Items Clause: Evasion items are banned
|rule|Evasion Moves Clause: Evasion moves are banned
|rule|Sleep Moves Clause: Sleep-inducing moves are banned
|clearpoke
|poke|p1|Salazzle, F|
|poke|p1|Tsareena, F|
|poke|p1|Froslass, F|
|poke|p1|Milotic, M|
|poke|p1|Florges, F|
|poke|p1|Mandibuzz, F|
|poke|p2|Lucario, F|
|poke|p2|Dragonite, F|
|poke|p2|Slaking, M|
|poke|p2|Garchomp, M|
|poke|p2|Greninja-*, M|
|poke|p2|Ditto|
|teampreview
|
|t:|1743847145
|start
|switch|p1a: Froslass|Froslass, F|100/100
|switch|p2a: Ditto|Ditto|100/100
|-transform|p2a: Ditto|p1a: Froslass|[from] ability: Imposter
|turn|1
|inactive|Battle timer is ON: inactive players will automatically lose when time's up. (requested by 4567Gamer)
|
|t:|1743847156
|move|p2a: Ditto|Taunt|p1a: Froslass
|-start|p1a: Froslass|move: Taunt
|cant|p1a: Froslass|move: Taunt|Spikes
|
|upkeep
|turn|2
|
|t:|1743847161
|move|p1a: Froslass|Shadow Ball|p2a: Ditto
|-supereffective|p2a: Ditto
|-damage|p2a: Ditto|2/100
|-unboost|p2a: Ditto|spd|1
|move|p2a: Ditto|Spikes|p1a: Froslass
|-sidestart|p1: Elite4Peach|Spikes
|
|upkeep
|turn|3
|
|t:|1743847169
|move|p2a: Ditto|Destiny Bond|p2a: Ditto
|-singlemove|p2a: Ditto|Destiny Bond
|move|p1a: Froslass|Shadow Ball|p2a: Ditto
|-supereffective|p2a: Ditto
|-damage|p2a: Ditto|0 fnt
|faint|p2a: Ditto
|-activate|p2a: Ditto|move: Destiny Bond
|faint|p1a: Froslass
|
|upkeep
|
|t:|1743847182
|switch|p1a: Tsareena|Tsareena, F|100/100
|switch|p2a: Lucario|Lucario, F|100/100
|turn|4
|
|t:|1743847194
|-terastallize|p2a: Lucario|Ghost
|move|p2a: Lucario|Shadow Ball|p1a: Tsareena
|-damage|p1a: Tsareena|50/100
|move|p1a: Tsareena|Triple Axel|p2a: Lucario
|-damage|p2a: Lucario|88/100
|-hitcount|p2a: Lucario|1
|
|upkeep
|turn|5
|
|t:|1743847205
|move|p2a: Lucario|Shadow Ball|p1a: Tsareena
|-damage|p1a: Tsareena|5/100
|move|p1a: Tsareena|Power Whip|p2a: Lucario
|-damage|p2a: Lucario|0 fnt
|faint|p2a: Lucario
|
|upkeep
|
|t:|1743847213
|switch|p2a: Slaking|Slaking, M|100/100
|turn|6
|
|t:|1743847219
|move|p1a: Tsareena|Triple Axel|p2a: Slaking
|-damage|p2a: Slaking|96/100
|-damage|p1a: Tsareena|0 fnt|[from] item: Rocky Helmet|[of] p2a: Slaking
|faint|p1a: Tsareena
|-hitcount|p2a: Slaking|1
|move|p2a: Slaking|Fire Punch|p1: Tsareena|[notarget]
|-fail|p2a: Slaking
|
|upkeep
|
|t:|1743847234
|switch|p1a: Salazzle|Salazzle, F|100/100
|turn|7
|
|t:|1743847241
|move|p1a: Salazzle|Sludge Bomb|p2a: Slaking
|-damage|p2a: Slaking|56/100
|-status|p2a: Slaking|psn
|cant|p2a: Slaking|ability: Truant
|
|-damage|p2a: Slaking|44/100 psn|[from] psn
|upkeep
|turn|8
|
|t:|1743847250
|move|p1a: Salazzle|Nasty Plot|p1a: Salazzle
|-boost|p1a: Salazzle|spa|2
|move|p2a: Slaking|Earthquake|p1a: Salazzle
|-supereffective|p1a: Salazzle
|-damage|p1a: Salazzle|0 fnt
|faint|p1a: Salazzle
|
|-damage|p2a: Slaking|31/100 psn|[from] psn
|upkeep
|
|t:|1743847261
|switch|p1a: Milotic|Milotic, M|100/100
|turn|9
|
|t:|1743847266
|cant|p2a: Slaking|ability: Truant
|move|p1a: Milotic|Scald|p2a: Slaking
|-damage|p2a: Slaking|3/100 psn
|
|-damage|p2a: Slaking|0 fnt|[from] psn
|faint|p2a: Slaking
|upkeep
|
|t:|1743847275
|switch|p2a: Dragonite|Dragonite, F|100/100
|turn|10
|
|t:|1743847279
|move|p2a: Dragonite|Dragon Dance|p2a: Dragonite
|-boost|p2a: Dragonite|atk|1
|-boost|p2a: Dragonite|spe|1
|move|p1a: Milotic|Dragon Tail|p2a: Dragonite
|-supereffective|p2a: Dragonite
|-damage|p2a: Dragonite|91/100
|-damage|p1a: Milotic|84/100|[from] item: Rocky Helmet|[of] p2a: Dragonite
|drag|p2a: Garchomp|Garchomp, M|100/100
|
|upkeep
|turn|11
|
|t:|1743847289
|move|p2a: Garchomp|Swords Dance|p2a: Garchomp
|-boost|p2a: Garchomp|atk|2
|move|p1a: Milotic|Dragon Tail|p2a: Garchomp
|-supereffective|p2a: Garchomp
|-damage|p2a: Garchomp|84/100
|-damage|p1a: Milotic|72/100|[from] ability: Rough Skin|[of] p2a: Garchomp
|-damage|p1a: Milotic|55/100|[from] item: Rocky Helmet|[of] p2a: Garchomp
|drag|p2a: Dragonite|Dragonite, F|91/100
|
|upkeep
|turn|12
|
|t:|1743847299
|move|p2a: Dragonite|Fly||[still]
|-prepare|p2a: Dragonite|Fly
|move|p1a: Milotic|Scald|p2a: Dragonite|[miss]
|-miss|p1a: Milotic|p2a: Dragonite
|
|upkeep
|turn|13
|
|t:|1743847305
|move|p2a: Dragonite|Fly|p1a: Milotic|[from] lockedmove
|-damage|p1a: Milotic|8/100
|move|p1a: Milotic|Recover|p1a: Milotic
|-heal|p1a: Milotic|58/100
|
|upkeep
|turn|14
|
|t:|1743847311
|move|p2a: Dragonite|Dragon Dance|p2a: Dragonite
|-boost|p2a: Dragonite|atk|1
|-boost|p2a: Dragonite|spe|1
|move|p1a: Milotic|Scald|p2a: Dragonite
|-resisted|p2a: Dragonite
|-damage|p2a: Dragonite|76/100
|
|upkeep
|turn|15
|
|t:|1743847320
|move|p2a: Dragonite|Fly||[still]
|-prepare|p2a: Dragonite|Fly
|move|p1a: Milotic|Dragon Tail|p2a: Dragonite|[miss]
|-miss|p1a: Milotic|p2a: Dragonite
|
|upkeep
|turn|16
|
|t:|1743847325
|move|p2a: Dragonite|Fly|p1a: Milotic|[from] lockedmove
|-damage|p1a: Milotic|0 fnt
|faint|p1a: Milotic
|
|upkeep
|
|t:|1743847330
|switch|p1a: Florges|Florges, F|100/100
|-damage|p1a: Florges|88/100|[from] Spikes
|turn|17
|
|t:|1743847335
|move|p1a: Florges|Moonblast|p2a: Dragonite
|-supereffective|p2a: Dragonite
|-damage|p2a: Dragonite|0 fnt
|faint|p2a: Dragonite
|
|upkeep
|
|t:|1743847340
|switch|p2a: Greninja|Greninja, M|100/100
|turn|18
|
|t:|1743847344
|move|p1a: Florges|Moonblast|p2a: Greninja
|-supereffective|p2a: Greninja
|-damage|p2a: Greninja|0 fnt
|faint|p2a: Greninja
|
|upkeep
|
|t:|1743847349
|switch|p2a: Garchomp|Garchomp, M|84/100
|turn|19
|
|t:|1743847352
|move|p1a: Florges|Moonblast|p2a: Garchomp
|-supereffective|p2a: Garchomp
|-damage|p2a: Garchomp|0 fnt
|faint|p2a: Garchomp
|
|win|Elite4Peach
|raw|Elite4Peach's rating: 1083 &rarr; <strong>1111</strong><br />(+28 for winning)
|raw|4567Gamer's rating: 1089 &rarr; <strong>1065</strong><br />(-24 for losing)
|l|☆Elite4Peach
|player|p1|
