|j|☆Wlodzimierz
|j|☆420Pimmelberger
|t:|1743841780
|gametype|singles
|player|p1|Wlodzimierz|janitor|1153
|player|p2|420Pimmelberger|1|1213
|teamsize|p1|6
|teamsize|p2|6
|gen|9
|tier|[Gen 9] OU
|rated|
|rule|HP Percentage Mod: HP is shown in percentages
|rule|Endless Battle Clause: Forcing endless battles is banned
|rule|Species Clause: Limit one of each Pokémon
|rule|OHKO Clause: OHKO moves are banned
|rule|Evasion Items Clause: Evasion items are banned
|rule|Evasion Moves Clause: Evasion moves are banned
|rule|Sleep Moves Clause: Sleep-inducing moves are banned
|clearpoke
|poke|p1|Electrode|
|poke|p1|Talonflame, M|
|poke|p1|Kleavor, M|
|poke|p1|Swampert, M|
|poke|p1|Kommo-o, M|
|poke|p1|Grimmsnarl, M|
|poke|p2|Gumshoos, F|
|poke|p2|Mandibuzz, F|
|poke|p2|Clodsire, M|
|poke|p2|Tauros-Paldea-Aqua, M|
|poke|p2|Espeon, M|
|poke|p2|Scizor, F|
|teampreview
|
|t:|1743841800
|start
|switch|p1a: Kleavor|Kleavor, M|100/100
|switch|p2a: Tonald Drump|Gumshoos, F, shiny|100/100
|turn|1
|
|t:|1743841810
|move|p1a: Kleavor|Stone Axe|p2a: Tonald Drump
|-damage|p2a: Tonald Drump|22/100
|-sidestart|p2: 420Pimmelberger|move: Stealth Rock
|move|p2a: Tonald Drump|U-turn|p1a: Kleavor
|-damage|p1a: Kleavor|59/100
|
|t:|1743841816
|switch|p2a: Cool Guy|Scizor, F|100/100|[from] U-turn
|-damage|p2a: Cool Guy|88/100|[from] Stealth Rock
|
|-heal|p2a: Cool Guy|94/100|[from] item: Leftovers
|upkeep
|turn|2
|
|t:|1743841828
|switch|p1a: Talonflame|Talonflame, M|100/100
|move|p2a: Cool Guy|Defog|p1a: Talonflame
|-unboost|p1a: Talonflame|evasion|1
|-sideend|p2: 420Pimmelberger|Stealth Rock|[from] move: Defog|[of] p2a: Cool Guy
|
|-heal|p2a: Cool Guy|99/100|[from] item: Leftovers
|upkeep
|turn|3
|
|t:|1743841842
|switch|p2a: Mayor Thicccums|Mandibuzz, F|100/100
|move|p1a: Talonflame|Will-O-Wisp|p2a: Mayor Thicccums
|-status|p2a: Mayor Thicccums|brn
|
|-damage|p2a: Mayor Thicccums|94/100 brn|[from] brn
|upkeep
|turn|4
|
|t:|1743841850
|switch|p1a: Grimmsnarl|Grimmsnarl, M|100/100
|move|p2a: Mayor Thicccums|Toxic|p1a: Grimmsnarl
|-status|p1a: Grimmsnarl|tox
|
|-damage|p1a: Grimmsnarl|94/100 tox|[from] psn
|-damage|p2a: Mayor Thicccums|88/100 brn|[from] brn
|upkeep
|turn|5
|
|t:|1743841879
|switch|p2a: Tonald Drump|Gumshoos, F, shiny|22/100
|move|p1a: Grimmsnarl|Spirit Break|p2a: Tonald Drump
|-damage|p2a: Tonald Drump|0 fnt
|faint|p2a: Tonald Drump
|
|-damage|p1a: Grimmsnarl|82/100 tox|[from] psn
|upkeep
|
|t:|1743841894
|switch|p2a: Cool Guy|Scizor, F|99/100
|turn|6
|
|t:|1743841905
|switch|p1a: Kommo-o|Kommo-o, M|100/100
|move|p2a: Cool Guy|U-turn|p1a: Kommo-o
|-resisted|p1a: Kommo-o
|-damage|p1a: Kommo-o|83/100
|
|t:|1743841915
|switch|p2a: The Sire|Clodsire, M|100/100|[from] U-turn
|
|upkeep
|turn|7
|
|t:|1743841924
|switch|p1a: Swampert|Swampert, M|100/100
|move|p2a: The Sire|Toxic|p1a: Swampert
|-status|p1a: Swampert|tox
|
|-damage|p1a: Swampert|94/100 tox|[from] psn
|upkeep
|turn|8
|
|t:|1743841943
|switch|p2a: tons of earwax|Espeon, M|100/100
|move|p1a: Swampert|Earthquake|p2a: tons of earwax
|-damage|p2a: tons of earwax|0 fnt
|faint|p2a: tons of earwax
|
|-heal|p1a: Swampert|100/100 tox|[from] item: Leftovers
|-damage|p1a: Swampert|88/100 tox|[from] psn
|upkeep
|
|t:|1743841953
|switch|p2a: Chad|Tauros-Paldea-Aqua, M|100/100
|-ability|p2a: Chad|Intimidate|boost
|-unboost|p1a: Swampert|atk|1
|turn|9
|
|t:|1743841962
|move|p2a: Chad|Bulk Up|p2a: Chad
|-boost|p2a: Chad|atk|1
|-boost|p2a: Chad|def|1
|move|p1a: Swampert|Earthquake|p2a: Chad
|-damage|p2a: Chad|76/100
|
|-heal|p2a: Chad|83/100|[from] item: Leftovers
|-heal|p1a: Swampert|94/100 tox|[from] item: Leftovers
|-damage|p1a: Swampert|76/100 tox|[from] psn
|upkeep
|turn|10
|
|t:|1743841974
|switch|p1a: Grimmsnarl|Grimmsnarl, M|82/100 tox
|move|p2a: Chad|Raging Bull|p1a: Grimmsnarl
|-damage|p1a: Grimmsnarl|11/100 tox
|
|-heal|p2a: Chad|89/100|[from] item: Leftovers
|-damage|p1a: Grimmsnarl|5/100 tox|[from] psn
|upkeep
|turn|11
|
|t:|1743841985
|move|p1a: Grimmsnarl|Trick|p2a: Chad
|-activate|p1a: Grimmsnarl|move: Trick|[of] p2a: Chad
|-item|p2a: Chad|Lagging Tail|[from] move: Trick
|-item|p1a: Grimmsnarl|Leftovers|[from] move: Trick
|move|p2a: Chad|Bulk Up|p2a: Chad
|-boost|p2a: Chad|atk|1
|-boost|p2a: Chad|def|1
|
|-heal|p1a: Grimmsnarl|11/100 tox|[from] item: Leftovers
|-damage|p1a: Grimmsnarl|0 fnt|[from] psn
|faint|p1a: Grimmsnarl
|upkeep
|
|t:|1743841997
|switch|p1a: Talonflame|Talonflame, M|100/100
|turn|12
|
|t:|1743842021
|switch|p2a: Mayor Thicccums|Mandibuzz, F|88/100 brn
|move|p1a: Talonflame|Will-O-Wisp|p2a: Mayor Thicccums
|-fail|p2a: Mayor Thicccums|brn
|
|-damage|p2a: Mayor Thicccums|82/100 brn|[from] brn
|upkeep
|turn|13
|
|t:|1743842031
|switch|p1a: Swampert|Swampert, M|76/100 tox
|move|p2a: Mayor Thicccums|Iron Defense|p2a: Mayor Thicccums
|-boost|p2a: Mayor Thicccums|def|2
|
|-heal|p1a: Swampert|82/100 tox|[from] item: Leftovers
|-damage|p1a: Swampert|76/100 tox|[from] psn
|-damage|p2a: Mayor Thicccums|76/100 brn|[from] brn
|upkeep
|turn|14
|
|t:|1743842042
|move|p2a: Mayor Thicccums|Foul Play|p1a: Swampert
|-damage|p1a: Swampert|51/100 tox
|move|p1a: Swampert|Bulk Up|p1a: Swampert
|-boost|p1a: Swampert|atk|1
|-boost|p1a: Swampert|def|1
|
|-heal|p1a: Swampert|58/100 tox|[from] item: Leftovers
|-damage|p1a: Swampert|45/100 tox|[from] psn
|-damage|p2a: Mayor Thicccums|70/100 brn|[from] brn
|upkeep
|turn|15
|
|t:|1743842051
|move|p2a: Mayor Thicccums|Iron Defense|p2a: Mayor Thicccums
|-boost|p2a: Mayor Thicccums|def|2
|move|p1a: Swampert|Liquidation|p2a: Mayor Thicccums
|-damage|p2a: Mayor Thicccums|57/100 brn
|
|-heal|p1a: Swampert|51/100 tox|[from] item: Leftovers
|-damage|p1a: Swampert|33/100 tox|[from] psn
|-damage|p2a: Mayor Thicccums|51/100 brn|[from] brn
|upkeep
|turn|16
|
|t:|1743842062
|move|p2a: Mayor Thicccums|Roost|p2a: Mayor Thicccums
|-heal|p2a: Mayor Thicccums|100/100 brn
|-singleturn|p2a: Mayor Thicccums|move: Roost
|move|p1a: Swampert|Liquidation|p2a: Mayor Thicccums
|-damage|p2a: Mayor Thicccums|81/100 brn
|
|-heal|p1a: Swampert|39/100 tox|[from] item: Leftovers
|-damage|p1a: Swampert|14/100 tox|[from] psn
|-damage|p2a: Mayor Thicccums|75/100 brn|[from] brn
|upkeep
|turn|17
|
|t:|1743842072
|move|p2a: Mayor Thicccums|Foul Play|p1a: Swampert
|-damage|p1a: Swampert|0 fnt
|faint|p1a: Swampert
|
|-damage|p2a: Mayor Thicccums|69/100 brn|[from] brn
|upkeep
|
|t:|1743842084
|switch|p1a: Electrode|Electrode|100/100
|turn|18
|
|t:|1743842094
|switch|p2a: The Sire|Clodsire, M|100/100
|move|p1a: Electrode|Discharge|p2a: The Sire
|-immune|p2a: The Sire
|
|upkeep
|turn|19
|
|t:|1743842106
|switch|p1a: Kleavor|Kleavor, M|59/100
|move|p2a: The Sire|Earthquake|p1a: Kleavor
|-damage|p1a: Kleavor|29/100
|
|upkeep
|turn|20
|
|t:|1743842115
|move|p1a: Kleavor|Stone Axe|p2a: The Sire
|-resisted|p2a: The Sire
|-damage|p2a: The Sire|68/100
|-sidestart|p2: 420Pimmelberger|move: Stealth Rock
|move|p2a: The Sire|Earthquake|p1a: Kleavor
|-damage|p1a: Kleavor|0 fnt
|faint|p1a: Kleavor
|
|-heal|p2a: The Sire|74/100|[from] item: Leftovers
|upkeep
|
|t:|1743842127
|switch|p1a: Kommo-o|Kommo-o, M|83/100
|turn|21
|
|t:|1743842131
|move|p1a: Kommo-o|Clangorous Soul|p1a: Kommo-o
|-boost|p1a: Kommo-o|atk|1
|-boost|p1a: Kommo-o|def|1
|-boost|p1a: Kommo-o|spa|1
|-boost|p1a: Kommo-o|spd|1
|-boost|p1a: Kommo-o|spe|1
|-damage|p1a: Kommo-o|50/100
|-enditem|p1a: Kommo-o|Throat Spray
|-boost|p1a: Kommo-o|spa|1|[from] item: Throat Spray
|move|p2a: The Sire|Toxic|p1a: Kommo-o
|-status|p1a: Kommo-o|tox
|
|-heal|p2a: The Sire|80/100|[from] item: Leftovers
|-damage|p1a: Kommo-o|44/100 tox|[from] psn
|upkeep
|turn|22
|
|t:|1743842149
|move|p1a: Kommo-o|Clanging Scales|p2a: The Sire
|-damage|p2a: The Sire|56/100
|-unboost|p1a: Kommo-o|def|1
|move|p2a: The Sire|Amnesia|p2a: The Sire
|-boost|p2a: The Sire|spd|2
|
|-heal|p2a: The Sire|62/100|[from] item: Leftovers
|-damage|p1a: Kommo-o|31/100 tox|[from] psn
|upkeep
|turn|23
|
|t:|1743842162
|move|p1a: Kommo-o|Clangorous Soul||[still]
|-fail|p1a: Kommo-o
|move|p2a: The Sire|Recover|p2a: The Sire
|-heal|p2a: The Sire|100/100
|
|-damage|p1a: Kommo-o|13/100 tox|[from] psn
|upkeep
|turn|24
|
|t:|1743842171
|move|p1a: Kommo-o|Clanging Scales|p2a: The Sire
|-damage|p2a: The Sire|87/100
|-unboost|p1a: Kommo-o|def|1
|move|p2a: The Sire|Earthquake|p1a: Kommo-o
|-damage|p1a: Kommo-o|0 fnt
|faint|p1a: Kommo-o
|
|-heal|p2a: The Sire|93/100|[from] item: Leftovers
|upkeep
|
|t:|1743842179
|switch|p1a: Talonflame|Talonflame, M|100/100
|turn|25
|
|t:|1743842183
|-terastallize|p1a: Talonflame|Steel
|move|p1a: Talonflame|Will-O-Wisp|p2a: The Sire
|-status|p2a: The Sire|brn
|move|p2a: The Sire|Toxic|p1a: Talonflame
|-immune|p1a: Talonflame
|
|-heal|p2a: The Sire|99/100 brn|[from] item: Leftovers
|-damage|p2a: The Sire|93/100 brn|[from] brn
|upkeep
|turn|26
|
|t:|1743842206
|switch|p2a: Mayor Thicccums|Mandibuzz, F|69/100 brn
|move|p1a: Talonflame|Overheat|p2a: Mayor Thicccums
|-damage|p2a: Mayor Thicccums|34/100 brn
|-unboost|p1a: Talonflame|spa|2
|
|-damage|p2a: Mayor Thicccums|28/100 brn|[from] brn
|upkeep
|turn|27
|
|t:|1743842217
|move|p1a: Talonflame|Overheat|p2a: Mayor Thicccums
|-damage|p2a: Mayor Thicccums|10/100 brn
|-unboost|p1a: Talonflame|spa|2
|move|p2a: Mayor Thicccums|Roost|p2a: Mayor Thicccums
|-heal|p2a: Mayor Thicccums|60/100 brn
|-singleturn|p2a: Mayor Thicccums|move: Roost
|
|-damage|p2a: Mayor Thicccums|54/100 brn|[from] brn
|upkeep
|turn|28
|
|t:|1743842229
|switch|p1a: Electrode|Electrode|100/100
|move|p2a: Mayor Thicccums|Foul Play|p1a: Electrode
|-damage|p1a: Electrode|90/100
|
|-damage|p2a: Mayor Thicccums|48/100 brn|[from] brn
|upkeep
|turn|29
|
|t:|1743842244
|move|p1a: Electrode|Foul Play|p2a: Mayor Thicccums
|-resisted|p2a: Mayor Thicccums
|-damage|p2a: Mayor Thicccums|45/100 brn
|move|p2a: Mayor Thicccums|Toxic|p1a: Electrode
|-status|p1a: Electrode|tox
|
|-damage|p1a: Electrode|84/100 tox|[from] psn
|-damage|p2a: Mayor Thicccums|39/100 brn|[from] brn
|upkeep
|turn|30
|
|t:|1743842258
|move|p1a: Electrode|Discharge|p2a: Mayor Thicccums
|-supereffective|p2a: Mayor Thicccums
|-damage|p2a: Mayor Thicccums|0 fnt
|faint|p2a: Mayor Thicccums
|
|-damage|p1a: Electrode|72/100 tox|[from] psn
|upkeep
|
|t:|1743842272
|switch|p2a: The Sire|Clodsire, M|93/100 brn
|-damage|p2a: The Sire|87/100 brn|[from] Stealth Rock
|turn|31
|
|t:|1743842278
|move|p1a: Electrode|Magnet Rise|p1a: Electrode
|-start|p1a: Electrode|Magnet Rise
|move|p2a: The Sire|Amnesia|p2a: The Sire
|-boost|p2a: The Sire|spd|2
|
|-heal|p2a: The Sire|93/100 brn|[from] item: Leftovers
|-damage|p1a: Electrode|53/100 tox|[from] psn
|-damage|p2a: The Sire|87/100 brn|[from] brn
|upkeep
|turn|32
|
|t:|1743842290
|switch|p1a: Talonflame|Talonflame, M, tera:Steel|100/100
|move|p2a: The Sire|Amnesia|p2a: The Sire
|-boost|p2a: The Sire|spd|2
|
|-heal|p2a: The Sire|93/100 brn|[from] item: Leftovers
|-damage|p2a: The Sire|87/100 brn|[from] brn
|upkeep
|turn|33
|
|t:|1743842301
|move|p1a: Talonflame|Overheat|p2a: The Sire
|-damage|p2a: The Sire|80/100 brn
|-unboost|p1a: Talonflame|spa|2
|move|p2a: The Sire|Earthquake|p1a: Talonflame
|-supereffective|p1a: Talonflame
|-damage|p1a: Talonflame|63/100
|
|-heal|p2a: The Sire|86/100 brn|[from] item: Leftovers
|-damage|p2a: The Sire|80/100 brn|[from] brn
|upkeep
|turn|34
|
|t:|1743842311
|move|p1a: Talonflame|Roost|p1a: Talonflame
|-heal|p1a: Talonflame|100/100
|move|p2a: The Sire|Earthquake|p1a: Talonflame
|-supereffective|p1a: Talonflame
|-damage|p1a: Talonflame|66/100
|
|-heal|p2a: The Sire|86/100 brn|[from] item: Leftovers
|-damage|p2a: The Sire|80/100 brn|[from] brn
|upkeep
|turn|35
|
|t:|1743842320
|switch|p1a: Electrode|Electrode|53/100 tox
|move|p2a: The Sire|Earthquake|p1a: Electrode
|-supereffective|p1a: Electrode
|-damage|p1a: Electrode|7/100 tox
|
|-heal|p2a: The Sire|86/100 brn|[from] item: Leftovers
|-damage|p1a: Electrode|1/100 tox|[from] psn
|-damage|p2a: The Sire|80/100 brn|[from] brn
|upkeep
|turn|36
|
|t:|1743842331
|move|p1a: Electrode|Foul Play|p2a: The Sire
|-damage|p2a: The Sire|61/100 brn
|move|p2a: The Sire|Amnesia|p2a: The Sire
|-boost|p2a: The Sire|spd|2
|
|-heal|p2a: The Sire|67/100 brn|[from] item: Leftovers
|-damage|p1a: Electrode|0 fnt|[from] psn
|faint|p1a: Electrode
|-damage|p2a: The Sire|61/100 brn|[from] brn
|upkeep
|-message|Wlodzimierz forfeited.
|
|win|420Pimmelberger
|raw|Wlodzimierz's rating: 1153 &rarr; <strong>1132</strong><br />(-21 for losing)
|raw|420Pimmelberger's rating: 1213 &rarr; <strong>1234</strong><br />(+21 for winning)
|l|☆Wlodzimierz
|player|p1|
|l|☆420Pimmelberger
|player|p2|
