|j|‽SupplementaryDisco
|j|☆SameReborn
|t:|1743798599
|gametype|singles
|player|p1|SupplementaryDisco|clemont|1416
|player|p2|SameReborn|swimmerf-gen4|1394
|teamsize|p1|6
|teamsize|p2|6
|gen|9
|tier|[Gen 9] OU
|rated|
|rule|HP Percentage Mod: HP is shown in percentages
|rule|Endless Battle Clause: Forcing endless battles is banned
|rule|Species Clause: Limit one of each Pokémon
|rule|OHKO Clause: OHKO moves are banned
|rule|Evasion Items Clause: Evasion items are banned
|rule|Evasion Moves Clause: Evasion moves are banned
|rule|Sleep Moves Clause: Sleep-inducing moves are banned
|clearpoke
|poke|p1|Dondozo, F|
|poke|p1|Mabosstiff, M|
|poke|p1|Hatterene, F|
|poke|p1|Iron Treads|
|poke|p1|Zapdos|
|poke|p1|Clefable, F|
|poke|p2|Zamazenta-*|
|poke|p2|Scizor, M|
|poke|p2|Toxapex, F|
|poke|p2|Sinistcha|
|poke|p2|Clefable, F|
|poke|p2|Samurott-Hisui, F|
|teampreview
|inactive|Battle timer is ON: inactive players will automatically lose when time's up. (requested by SameReborn)
|inactive|SupplementaryDisco also wants the timer to be on.
|
|t:|1743798604
|start
|switch|p1a: Hatterene|Hatterene, F, shiny|100/100
|switch|p2a: Samurott|Samurott-Hisui, F|100/100
|turn|1
|
|t:|1743798608
|move|p2a: Samurott|Ceaseless Edge|p1a: Hatterene
|-damage|p1a: Hatterene|48/100
|-sidestart|p1: SupplementaryDisco|Spikes
|move|p1a: Hatterene|Draining Kiss|p2a: Samurott
|-supereffective|p2a: Samurott
|-damage|p2a: Samurott|5/100
|-heal|p1a: Hatterene|100/100|[from] drain|[of] p2a: Samurott
|
|upkeep
|turn|2
|
|t:|1743798617
|switch|p1a: Zapdos|Zapdos, shiny|100/100
|move|p2a: Samurott|Knock Off|p1a: Zapdos
|-damage|p1a: Zapdos|63/100
|-status|p2a: Samurott|par|[from] ability: Static|[of] p1a: Zapdos
|-enditem|p1a: Zapdos|Heavy-Duty Boots|[from] move: Knock Off|[of] p2a: Samurott
|
|upkeep
|turn|3
|
|t:|1743798625
|move|p1a: Zapdos|U-turn|p2a: Samurott
|-supereffective|p2a: Samurott
|-damage|p2a: Samurott|0 fnt
|faint|p2a: Samurott
|
|t:|1743798629
|switch|p1a: Mabosstiff|Mabosstiff, M, shiny|100/100|[from] U-turn
|-damage|p1a: Mabosstiff|88/100|[from] Spikes
|
|upkeep
|
|t:|1743798635
|switch|p2a: Scizor|Scizor, M|100/100
|turn|4
|
|t:|1743798636
|move|p1a: Mabosstiff|Fire Fang|p2a: Scizor
|-supereffective|p2a: Scizor
|-damage|p2a: Scizor|0 fnt
|faint|p2a: Scizor
|
|upkeep
|
|t:|1743798640
|switch|p2a: Clefable|Clefable, F|100/100
|turn|5
|
|t:|1743798647
|switch|p1a: Hatterene|Hatterene, F, shiny|100/100
|-damage|p1a: Hatterene|88/100|[from] Spikes
|move|p2a: Clefable|Moonblast|p1a: Hatterene
|-damage|p1a: Hatterene|24/100
|
|upkeep
|turn|6
|
|t:|1743798667
|move|p2a: Clefable|Moonblast|p1a: Hatterene
|-damage|p1a: Hatterene|0 fnt
|faint|p1a: Hatterene
|
|upkeep
|
|t:|1743798671
|switch|p1a: Zapdos|Zapdos, shiny|63/100
|turn|7
|
|t:|1743798674
|move|p1a: Zapdos|Roost|p1a: Zapdos
|-heal|p1a: Zapdos|100/100
|-singleturn|p1a: Zapdos|move: Roost
|move|p2a: Clefable|Ice Beam|p1a: Zapdos
|-crit|p1a: Zapdos
|-damage|p1a: Zapdos|52/100
|
|upkeep
|turn|8
|
|t:|1743798677
|move|p1a: Zapdos|Thunder Wave|p2a: Clefable
|-status|p2a: Clefable|par
|move|p2a: Clefable|Moonblast|p1a: Zapdos
|-damage|p1a: Zapdos|2/100
|-unboost|p1a: Zapdos|spa|1
|
|upkeep
|turn|9
|
|t:|1743798680
|move|p1a: Zapdos|Hurricane|p2a: Clefable|[miss]
|-miss|p1a: Zapdos|p2a: Clefable
|move|p2a: Clefable|Ice Beam|p1a: Zapdos
|-supereffective|p1a: Zapdos
|-damage|p1a: Zapdos|0 fnt
|faint|p1a: Zapdos
|
|upkeep
|
|t:|1743798685
|switch|p1a: Iron Treads|Iron Treads, shiny|100/100
|-damage|p1a: Iron Treads|88/100|[from] Spikes
|turn|10
|
|t:|1743798689
|-terastallize|p2a: Clefable|Fire
|move|p1a: Iron Treads|Earthquake|p2a: Clefable
|-supereffective|p2a: Clefable
|-damage|p2a: Clefable|3/100 par
|cant|p2a: Clefable|par
|
|upkeep
|turn|11
|
|t:|1743798693
|move|p1a: Iron Treads|Earthquake|p2a: Clefable
|-supereffective|p2a: Clefable
|-damage|p2a: Clefable|0 fnt
|faint|p2a: Clefable
|
|upkeep
|
|t:|1743798697
|switch|p2a: Toxapex|Toxapex, F|100/100
|turn|12
|
|t:|1743798701
|move|p1a: Iron Treads|Earthquake|p2a: Toxapex
|-supereffective|p2a: Toxapex
|-damage|p2a: Toxapex|29/100
|move|p2a: Toxapex|Surf|p1a: Iron Treads
|-supereffective|p1a: Iron Treads
|-damage|p1a: Iron Treads|0 fnt
|faint|p1a: Iron Treads
|-end|p1a: Iron Treads|Quark Drive|[silent]
|-damage|p2a: Toxapex|19/100|[from] item: Life Orb
|
|upkeep
|
|t:|1743798705
|switch|p1a: Mabosstiff|Mabosstiff, M, shiny|88/100
|-damage|p1a: Mabosstiff|76/100|[from] Spikes
|turn|13
|
|t:|1743798709
|move|p1a: Mabosstiff|Psychic Fangs|p2a: Toxapex
|-supereffective|p2a: Toxapex
|-damage|p2a: Toxapex|0 fnt
|faint|p2a: Toxapex
|
|upkeep
|
|t:|1743798711
|switch|p2a: Sinistcha|Sinistcha|100/100
|turn|14
|
|t:|1743798716
|switch|p1a: Clefable|Clefable, F, shiny|100/100
|-damage|p1a: Clefable|88/100|[from] Spikes
|move|p2a: Sinistcha|Strength Sap|p1a: Clefable
|-unboost|p1a: Clefable|atk|1
|
|upkeep
|turn|15
|
|t:|1743798720
|move|p2a: Sinistcha|Matcha Gotcha|p1a: Clefable
|-damage|p1a: Clefable|64/100
|move|p1a: Clefable|Moonblast|p2a: Sinistcha
|-damage|p2a: Sinistcha|60/100
|
|upkeep
|turn|16
|
|t:|1743798726
|move|p2a: Sinistcha|Matcha Gotcha|p1a: Clefable
|-damage|p1a: Clefable|41/100
|-heal|p2a: Sinistcha|74/100|[from] drain|[of] p1a: Clefable
|move|p1a: Clefable|Moonblast|p2a: Sinistcha
|-damage|p2a: Sinistcha|34/100
|
|upkeep
|turn|17
|
|t:|1743798732
|move|p2a: Sinistcha|Matcha Gotcha|p1a: Clefable
|-damage|p1a: Clefable|19/100
|-heal|p2a: Sinistcha|47/100|[from] drain|[of] p1a: Clefable
|move|p1a: Clefable|Moonlight|p1a: Clefable
|-heal|p1a: Clefable|69/100
|
|upkeep
|turn|18
|
|t:|1743798739
|move|p2a: Sinistcha|Matcha Gotcha|p1a: Clefable
|-damage|p1a: Clefable|46/100
|-heal|p2a: Sinistcha|60/100|[from] drain|[of] p1a: Clefable
|-status|p1a: Clefable|brn
|move|p1a: Clefable|Moonlight|p1a: Clefable
|-heal|p1a: Clefable|96/100 brn
|
|-damage|p1a: Clefable|90/100 brn|[from] brn
|upkeep
|turn|19
|
|t:|1743798766
|move|p2a: Sinistcha|Matcha Gotcha|p1a: Clefable
|-damage|p1a: Clefable|67/100 brn
|-heal|p2a: Sinistcha|73/100|[from] drain|[of] p1a: Clefable
|move|p1a: Clefable|Moonblast|p2a: Sinistcha
|-damage|p2a: Sinistcha|35/100
|-unboost|p2a: Sinistcha|spa|1
|
|-damage|p1a: Clefable|61/100 brn|[from] brn
|upkeep
|turn|20
|
|t:|1743798772
|move|p2a: Sinistcha|Hex|p1a: Clefable
|-damage|p1a: Clefable|24/100 brn
|move|p1a: Clefable|Wish|p1a: Clefable
|
|-damage|p1a: Clefable|18/100 brn|[from] brn
|upkeep
|turn|21
|-enditem|p1a: Clefable|Custap Berry|[eat]
|-activate|p1a: Clefable|item: Custap Berry|[consumed]
|
|t:|1743798778
|move|p1a: Clefable|Moonlight|p1a: Clefable
|-heal|p1a: Clefable|68/100 brn
|move|p2a: Sinistcha|Hex|p1a: Clefable
|-damage|p1a: Clefable|33/100 brn
|
|-heal|p1a: Clefable|83/100 brn|[from] move: Wish|[wisher] Clefable
|-damage|p1a: Clefable|77/100 brn|[from] brn
|upkeep
|turn|22
|
|t:|1743798785
|move|p2a: Sinistcha|Hex|p1a: Clefable
|-damage|p1a: Clefable|39/100 brn
|move|p1a: Clefable|Moonblast|p2a: Sinistcha
|-damage|p2a: Sinistcha|0 fnt
|faint|p2a: Sinistcha
|
|-damage|p1a: Clefable|33/100 brn|[from] brn
|upkeep
|
|t:|1743798790
|switch|p2a: Zamazenta|Zamazenta|100/100
|-ability|p2a: Zamazenta|Dauntless Shield|boost
|-boost|p2a: Zamazenta|def|1
|turn|23
|-message|SameReborn forfeited.
|
|win|SupplementaryDisco
|raw|SupplementaryDisco's rating: 1416 &rarr; <strong>1435</strong><br />(+19 for winning)
|raw|SameReborn's rating: 1394 &rarr; <strong>1375</strong><br />(-19 for losing)
|l|☆SameReborn
|player|p2|
|l|‽SupplementaryDisco
|player|p1|
