|j|☆HearthSD
|j|☆Ceron75
|t:|1743882848
|gametype|singles
|player|p1|HearthSD|n|1352
|player|p2|Ceron75|colress|1290
|teamsize|p1|6
|teamsize|p2|6
|gen|9
|tier|[Gen 9] OU
|rated|
|rule|HP Percentage Mod: HP is shown in percentages
|rule|Endless Battle Clause: Forcing endless battles is banned
|rule|Species Clause: Limit one of each Pokémon
|rule|OHKO Clause: OHKO moves are banned
|rule|Evasion Items Clause: Evasion items are banned
|rule|Evasion Moves Clause: Evasion moves are banned
|rule|Sleep Moves Clause: Sleep-inducing moves are banned
|clearpoke
|poke|p1|Darkrai|
|poke|p1|Great Tusk|
|poke|p1|Ogerpon-Wellspring, F|
|poke|p1|Gholdengo|
|poke|p1|Dragonite, F|
|poke|p1|Ting-Lu|
|poke|p2|Samurott-Hisui, M|
|poke|p2|Murkrow, M|
|poke|p2|Garchomp, M|
|poke|p2|Clodsire, F|
|poke|p2|Corviknight, M|
|poke|p2|Kingambit, M|
|teampreview
|inactive|Battle timer is ON: inactive players will automatically lose when time's up. (requested by HearthSD)
|inactive|Ceron75 also wants the timer to be on.
|
|t:|1743882865
|start
|switch|p1a: Ogerpon|Ogerpon-Wellspring, F|100/100
|switch|p2a: Samurott|Samurott-Hisui, M|100/100
|turn|1
|
|t:|1743882872
|switch|p2a: Corviknight|Corviknight, M|100/100
|-ability|p2a: Corviknight|Pressure
|move|p1a: Ogerpon|Knock Off|p2a: Corviknight
|-damage|p2a: Corviknight|79/100
|-enditem|p2a: Corviknight|Heavy-Duty Boots|[from] move: Knock Off|[of] p1a: Ogerpon
|
|upkeep
|turn|2
|
|t:|1743882878
|move|p1a: Ogerpon|U-turn|p2a: Corviknight
|-resisted|p2a: Corviknight
|-damage|p2a: Corviknight|75/100
|
|t:|1743882880
|switch|p1a: Ting-Lu|Ting-Lu|100/100|[from] U-turn
|-ability|p1a: Ting-Lu|Vessel of Ruin
|move|p2a: Corviknight|U-turn|p1a: Ting-Lu
|-supereffective|p1a: Ting-Lu
|-damage|p1a: Ting-Lu|84/100
|
|t:|1743882891
|switch|p2a: Clodsire|Clodsire, F|100/100|[from] U-turn
|
|-heal|p1a: Ting-Lu|90/100|[from] item: Leftovers
|upkeep
|turn|3
|
|t:|1743882897
|switch|p1a: Gholdengo|Gholdengo|100/100
|-item|p1a: Gholdengo|Air Balloon
|move|p2a: Clodsire|Toxic|p1a: Gholdengo
|-immune|p1a: Gholdengo|[from] ability: Good as Gold
|
|upkeep
|turn|4
|
|t:|1743882905
|switch|p2a: Corviknight|Corviknight, M|75/100
|-ability|p2a: Corviknight|Pressure
|move|p1a: Gholdengo|Nasty Plot|p1a: Gholdengo
|-boost|p1a: Gholdengo|spa|2
|
|upkeep
|turn|5
|
|t:|1743882913
|move|p1a: Gholdengo|Nasty Plot|p1a: Gholdengo
|-boost|p1a: Gholdengo|spa|2
|move|p2a: Corviknight|U-turn|p1a: Gholdengo
|-resisted|p1a: Gholdengo
|-damage|p1a: Gholdengo|98/100
|-enditem|p1a: Gholdengo|Air Balloon
|
|t:|1743882925
|switch|p2a: Clodsire|Clodsire, F|100/100|[from] U-turn
|
|upkeep
|turn|6
|
|t:|1743882938
|move|p1a: Gholdengo|Shadow Ball|p2a: Clodsire
|-damage|p2a: Clodsire|76/100
|move|p2a: Clodsire|Earthquake|p1a: Gholdengo
|-supereffective|p1a: Gholdengo
|-damage|p1a: Gholdengo|59/100
|
|-heal|p2a: Clodsire|82/100|[from] item: Leftovers
|upkeep
|turn|7
|
|t:|1743882951
|move|p1a: Gholdengo|Recover|p1a: Gholdengo
|-heal|p1a: Gholdengo|100/100
|move|p2a: Clodsire|Earthquake|p1a: Gholdengo
|-supereffective|p1a: Gholdengo
|-damage|p1a: Gholdengo|59/100
|
|-heal|p2a: Clodsire|88/100|[from] item: Leftovers
|upkeep
|turn|8
|
|t:|1743882959
|move|p1a: Gholdengo|Recover|p1a: Gholdengo
|-heal|p1a: Gholdengo|100/100
|move|p2a: Clodsire|Earthquake|p1a: Gholdengo
|-supereffective|p1a: Gholdengo
|-damage|p1a: Gholdengo|60/100
|
|-heal|p2a: Clodsire|94/100|[from] item: Leftovers
|upkeep
|turn|9
|
|t:|1743882976
|switch|p1a: Dragonite|Dragonite, F|100/100
|move|p2a: Clodsire|Earthquake|p1a: Dragonite
|-immune|p1a: Dragonite
|
|-heal|p2a: Clodsire|100/100|[from] item: Leftovers
|upkeep
|turn|10
|
|t:|1743882982
|move|p1a: Dragonite|Earthquake|p2a: Clodsire
|-supereffective|p2a: Clodsire
|-damage|p2a: Clodsire|43/100
|move|p2a: Clodsire|Toxic|p1a: Dragonite
|-status|p1a: Dragonite|tox
|
|-heal|p2a: Clodsire|49/100|[from] item: Leftovers
|-damage|p1a: Dragonite|94/100 tox|[from] psn
|upkeep
|turn|11
|
|t:|1743882994
|switch|p1a: Ting-Lu|Ting-Lu|90/100
|-ability|p1a: Ting-Lu|Vessel of Ruin
|move|p2a: Clodsire|Protect||[still]
|-fail|p2a: Clodsire
|
|-heal|p1a: Ting-Lu|97/100|[from] item: Leftovers
|-heal|p2a: Clodsire|55/100|[from] item: Leftovers
|upkeep
|turn|12
|
|t:|1743883000
|switch|p1a: Dragonite|Dragonite, F|94/100 tox
|switch|p2a: Murkrow|Murkrow, M|100/100
|
|-damage|p1a: Dragonite|88/100 tox|[from] psn
|upkeep
|turn|13
|
|t:|1743883006
|move|p2a: Murkrow|Thunder Wave|p1a: Dragonite|[miss]
|-miss|p2a: Murkrow|p1a: Dragonite
|move|p1a: Dragonite|Dragon Tail|p2a: Murkrow
|-crit|p2a: Murkrow
|-enditem|p2a: Murkrow|Focus Sash
|-damage|p2a: Murkrow|1/100
|drag|p2a: Corviknight|Corviknight, M|75/100
|-ability|p2a: Corviknight|Pressure
|
|-damage|p1a: Dragonite|76/100 tox|[from] psn
|upkeep
|turn|14
|
|t:|1743883016
|switch|p1a: Ting-Lu|Ting-Lu|97/100
|-ability|p1a: Ting-Lu|Vessel of Ruin
|move|p2a: Corviknight|U-turn|p1a: Ting-Lu
|-supereffective|p1a: Ting-Lu
|-damage|p1a: Ting-Lu|81/100
|
|t:|1743883022
|switch|p2a: Murkrow|Murkrow, M|1/100|[from] U-turn
|
|-heal|p1a: Ting-Lu|87/100|[from] item: Leftovers
|upkeep
|turn|15
|
|t:|1743883028
|switch|p1a: Gholdengo|Gholdengo|60/100
|move|p2a: Murkrow|Perish Song|p2a: Murkrow
|-immune|p1a: Gholdengo|[from] ability: Good as Gold
|-start|p2a: Murkrow|perish3|[silent]
|-fieldactivate|move: Perish Song
|
|-start|p2a: Murkrow|perish3
|upkeep
|turn|16
|
|t:|1743883035
|switch|p2a: Clodsire|Clodsire, F|55/100
|move|p1a: Gholdengo|Shadow Ball|p2a: Clodsire
|-damage|p2a: Clodsire|31/100
|
|-heal|p2a: Clodsire|37/100|[from] item: Leftovers
|upkeep
|turn|17
|
|t:|1743883043
|switch|p1a: Dragonite|Dragonite, F|76/100 tox
|move|p2a: Clodsire|Recover|p2a: Clodsire
|-heal|p2a: Clodsire|87/100
|
|-heal|p2a: Clodsire|93/100|[from] item: Leftovers
|-damage|p1a: Dragonite|69/100 tox|[from] psn
|upkeep
|turn|18
|
|t:|1743883055
|move|p2a: Clodsire|Protect|p2a: Clodsire
|-singleturn|p2a: Clodsire|Protect
|move|p1a: Dragonite|Earthquake|p2a: Clodsire
|-activate|p2a: Clodsire|move: Protect
|
|-heal|p2a: Clodsire|99/100|[from] item: Leftovers
|-damage|p1a: Dragonite|57/100 tox|[from] psn
|upkeep
|turn|19
|
|t:|1743883068
|switch|p1a: Great Tusk|Great Tusk|100/100
|move|p2a: Clodsire|Recover|p2a: Clodsire
|-heal|p2a: Clodsire|100/100
|
|upkeep
|turn|20
|
|t:|1743883074
|move|p1a: Great Tusk|Stealth Rock|p2a: Clodsire
|-sidestart|p2: Ceron75|move: Stealth Rock
|move|p2a: Clodsire|Toxic|p1a: Great Tusk
|-status|p1a: Great Tusk|tox
|
|-damage|p1a: Great Tusk|94/100 tox|[from] psn
|upkeep
|turn|21
|
|t:|1743883082
|-end|p1a: Great Tusk|Protosynthesis|[silent]
|switch|p1a: Dragonite|Dragonite, F|57/100 tox
|move|p2a: Clodsire|Protect||[still]
|-fail|p2a: Clodsire
|
|-damage|p1a: Dragonite|51/100 tox|[from] psn
|upkeep
|turn|22
|
|t:|1743883087
|move|p1a: Dragonite|Roost|p1a: Dragonite
|-heal|p1a: Dragonite|100/100 tox
|-singleturn|p1a: Dragonite|move: Roost
|move|p2a: Clodsire|Recover||[still]
|-fail|p2a: Clodsire|heal
|
|-damage|p1a: Dragonite|88/100 tox|[from] psn
|upkeep
|turn|23
|
|t:|1743883092
|switch|p2a: Corviknight|Corviknight, M|75/100
|-damage|p2a: Corviknight|63/100|[from] Stealth Rock
|-ability|p2a: Corviknight|Pressure
|move|p1a: Dragonite|Earthquake|p2a: Corviknight
|-immune|p2a: Corviknight
|
|-damage|p1a: Dragonite|69/100 tox|[from] psn
|upkeep
|turn|24
|
|t:|1743883107
|switch|p1a: Ting-Lu|Ting-Lu|87/100
|-ability|p1a: Ting-Lu|Vessel of Ruin
|move|p2a: Corviknight|Defog|p1a: Ting-Lu
|-unboost|p1a: Ting-Lu|evasion|1
|-sideend|p2: Ceron75|Stealth Rock|[from] move: Defog|[of] p2a: Corviknight
|
|-heal|p1a: Ting-Lu|93/100|[from] item: Leftovers
|upkeep
|turn|25
|
|t:|1743883120
|switch|p2a: Murkrow|Murkrow, M|1/100
|move|p1a: Ting-Lu|Spikes|p2a: Murkrow
|-sidestart|p2: Ceron75|Spikes
|
|-heal|p1a: Ting-Lu|99/100|[from] item: Leftovers
|upkeep
|turn|26
|
|t:|1743883128
|switch|p1a: Gholdengo|Gholdengo|60/100
|move|p2a: Murkrow|Perish Song|p2a: Murkrow
|-immune|p1a: Gholdengo|[from] ability: Good as Gold
|-start|p2a: Murkrow|perish3|[silent]
|-fieldactivate|move: Perish Song
|
|-start|p2a: Murkrow|perish3
|upkeep
|turn|27
|
|t:|1743883133
|switch|p2a: Corviknight|Corviknight, M|63/100
|-ability|p2a: Corviknight|Pressure
|move|p1a: Gholdengo|Recover|p1a: Gholdengo
|-heal|p1a: Gholdengo|100/100
|
|upkeep
|turn|28
|
|t:|1743883138
|move|p1a: Gholdengo|Shadow Ball|p2a: Corviknight
|-damage|p2a: Corviknight|28/100
|-unboost|p2a: Corviknight|spd|1
|move|p2a: Corviknight|U-turn|p1a: Gholdengo
|-resisted|p1a: Gholdengo
|-damage|p1a: Gholdengo|98/100
|
|t:|1743883146
|switch|p2a: Samurott|Samurott-Hisui, M|100/100|[from] U-turn
|-damage|p2a: Samurott|88/100|[from] Spikes
|
|upkeep
|turn|29
|
|t:|1743883152
|-terastallize|p1a: Gholdengo|Fairy
|move|p2a: Samurott|Ceaseless Edge|p1a: Gholdengo
|-resisted|p1a: Gholdengo
|-damage|p1a: Gholdengo|83/100
|-sidestart|p1: HearthSD|Spikes
|move|p1a: Gholdengo|Dazzling Gleam|p2a: Samurott
|-supereffective|p2a: Samurott
|-damage|p2a: Samurott|0 fnt
|faint|p2a: Samurott
|
|upkeep
|
|t:|1743883170
|switch|p2a: Garchomp|Garchomp, M|100/100
|-damage|p2a: Garchomp|88/100|[from] Spikes
|turn|30
|
|t:|1743883178
|-terastallize|p2a: Garchomp|Fairy
|move|p2a: Garchomp|Swords Dance|p2a: Garchomp
|-boost|p2a: Garchomp|atk|2
|move|p1a: Gholdengo|Dazzling Gleam|p2a: Garchomp
|-damage|p2a: Garchomp|51/100
|
|upkeep
|turn|31
|
|t:|1743883186
|move|p2a: Garchomp|Earthquake|p1a: Gholdengo
|-damage|p1a: Gholdengo|3/100
|move|p1a: Gholdengo|Dazzling Gleam|p2a: Garchomp
|-damage|p2a: Garchomp|11/100
|
|upkeep
|turn|32
|
|t:|1743883191
|switch|p1a: Dragonite|Dragonite, F|69/100 tox
|move|p2a: Garchomp|Earthquake|p1a: Dragonite
|-immune|p1a: Dragonite
|
|-damage|p1a: Dragonite|63/100 tox|[from] psn
|upkeep
|turn|33
|
|t:|1743883199
|move|p1a: Dragonite|Extreme Speed|p2a: Garchomp
|-damage|p2a: Garchomp|0 fnt
|-damage|p1a: Dragonite|51/100 tox|[from] ability: Rough Skin|[of] p2a: Garchomp
|faint|p2a: Garchomp
|
|-damage|p1a: Dragonite|38/100 tox|[from] psn
|upkeep
|
|t:|1743883206
|switch|p2a: Corviknight|Corviknight, M|28/100
|-ability|p2a: Corviknight|Pressure
|turn|34
|
|t:|1743883211
|switch|p1a: Gholdengo|Gholdengo, tera:Fairy|3/100
|-damage|p1a: Gholdengo|0 fnt|[from] Spikes
|faint|p1a: Gholdengo
|move|p2a: Corviknight|Roost|p2a: Corviknight
|-heal|p2a: Corviknight|78/100
|-singleturn|p2a: Corviknight|move: Roost
|
|upkeep
|
|t:|1743883240
|switch|p1a: Ting-Lu|Ting-Lu|99/100
|-damage|p1a: Ting-Lu|87/100|[from] Spikes
|-ability|p1a: Ting-Lu|Vessel of Ruin
|turn|35
|
|t:|1743883248
|move|p2a: Corviknight|U-turn|p1a: Ting-Lu
|-supereffective|p1a: Ting-Lu
|-damage|p1a: Ting-Lu|70/100
|
|t:|1743883252
|switch|p2a: Clodsire|Clodsire, F|100/100|[from] U-turn
|-damage|p2a: Clodsire|88/100|[from] Spikes
|move|p1a: Ting-Lu|Ruination|p2a: Clodsire
|-damage|p2a: Clodsire|44/100
|
|-heal|p1a: Ting-Lu|77/100|[from] item: Leftovers
|-heal|p2a: Clodsire|50/100|[from] item: Leftovers
|upkeep
|turn|36
|
|t:|1743883260
|move|p2a: Clodsire|Protect|p2a: Clodsire
|-singleturn|p2a: Clodsire|Protect
|move|p1a: Ting-Lu|Earthquake|p2a: Clodsire
|-activate|p2a: Clodsire|move: Protect
|
|-heal|p1a: Ting-Lu|83/100|[from] item: Leftovers
|-heal|p2a: Clodsire|56/100|[from] item: Leftovers
|upkeep
|turn|37
|
|t:|1743883269
|switch|p2a: Murkrow|Murkrow, M|1/100
|move|p1a: Ting-Lu|Earthquake|p2a: Murkrow
|-immune|p2a: Murkrow
|
|-heal|p1a: Ting-Lu|89/100|[from] item: Leftovers
|upkeep
|turn|38
|
|t:|1743883277
|move|p2a: Murkrow|Perish Song|p2a: Murkrow
|-start|p1a: Ting-Lu|perish3|[silent]
|-start|p2a: Murkrow|perish3|[silent]
|-fieldactivate|move: Perish Song
|move|p1a: Ting-Lu|Ruination|p2a: Murkrow|[miss]
|-miss|p1a: Ting-Lu|p2a: Murkrow
|
|-heal|p1a: Ting-Lu|95/100|[from] item: Leftovers
|-start|p2a: Murkrow|perish3
|-start|p1a: Ting-Lu|perish3
|upkeep
|turn|39
|
|t:|1743883284
|switch|p1a: Dragonite|Dragonite, F|38/100 tox
|move|p2a: Murkrow|Mean Look|p1a: Dragonite
|-activate|p1a: Dragonite|trapped
|
|-damage|p1a: Dragonite|32/100 tox|[from] psn
|-start|p2a: Murkrow|perish2
|upkeep
|turn|40
|
|t:|1743883294
|switch|p2a: Corviknight|Corviknight, M|78/100
|-ability|p2a: Corviknight|Pressure
|move|p1a: Dragonite|Dragon Tail|p2a: Corviknight
|-resisted|p2a: Corviknight
|-damage|p2a: Corviknight|68/100
|drag|p2a: Murkrow|Murkrow, M|1/100
|
|-damage|p1a: Dragonite|19/100 tox|[from] psn
|upkeep
|turn|41
|
|t:|1743883298
|switch|p2a: Corviknight|Corviknight, M|68/100
|-ability|p2a: Corviknight|Pressure
|move|p1a: Dragonite|Roost|p1a: Dragonite
|-heal|p1a: Dragonite|70/100 tox
|-singleturn|p1a: Dragonite|move: Roost
|
|-damage|p1a: Dragonite|51/100 tox|[from] psn
|upkeep
|turn|42
|
|t:|1743883310
|switch|p1a: Ting-Lu|Ting-Lu|95/100
|-damage|p1a: Ting-Lu|83/100|[from] Spikes
|-ability|p1a: Ting-Lu|Vessel of Ruin
|move|p2a: Corviknight|Defog|p1a: Ting-Lu
|-unboost|p1a: Ting-Lu|evasion|1
|-sideend|p1: HearthSD|Spikes|[from] move: Defog|[of] p2a: Corviknight
|-sideend|p2: Ceron75|Spikes|[from] move: Defog|[of] p2a: Corviknight
|
|-heal|p1a: Ting-Lu|89/100|[from] item: Leftovers
|upkeep
|turn|43
|
|t:|1743883329
|move|p2a: Corviknight|U-turn|p1a: Ting-Lu
|-supereffective|p1a: Ting-Lu
|-damage|p1a: Ting-Lu|74/100
|
|t:|1743883333
|switch|p2a: Murkrow|Murkrow, M|1/100|[from] U-turn
|move|p1a: Ting-Lu|Ruination|p2a: Murkrow
|-damage|p2a: Murkrow|0 fnt
|faint|p2a: Murkrow
|
|-heal|p1a: Ting-Lu|81/100|[from] item: Leftovers
|upkeep
|
|t:|1743883341
|switch|p2a: Clodsire|Clodsire, F|56/100
|turn|44
|
|t:|1743883345
|move|p2a: Clodsire|Protect|p2a: Clodsire
|-singleturn|p2a: Clodsire|Protect
|move|p1a: Ting-Lu|Earthquake|p2a: Clodsire
|-activate|p2a: Clodsire|move: Protect
|
|-heal|p1a: Ting-Lu|87/100|[from] item: Leftovers
|-heal|p2a: Clodsire|63/100|[from] item: Leftovers
|upkeep
|turn|45
|
|t:|1743883350
|move|p1a: Ting-Lu|Earthquake|p2a: Clodsire
|-supereffective|p2a: Clodsire
|-damage|p2a: Clodsire|6/100
|move|p2a: Clodsire|Recover|p2a: Clodsire
|-heal|p2a: Clodsire|56/100
|
|-heal|p1a: Ting-Lu|93/100|[from] item: Leftovers
|-heal|p2a: Clodsire|62/100|[from] item: Leftovers
|upkeep
|turn|46
|inactive|HearthSD has 120 seconds left.
|
|t:|1743883382
|switch|p1a: Great Tusk|Great Tusk|94/100 tox
|move|p2a: Clodsire|Protect||[still]
|-fail|p2a: Clodsire
|
|-heal|p2a: Clodsire|68/100|[from] item: Leftovers
|-damage|p1a: Great Tusk|88/100 tox|[from] psn
|upkeep
|turn|47
|
|t:|1743883389
|move|p1a: Great Tusk|Ice Spinner|p2a: Clodsire
|-supereffective|p2a: Clodsire
|-damage|p2a: Clodsire|22/100
|move|p2a: Clodsire|Recover|p2a: Clodsire
|-heal|p2a: Clodsire|72/100
|
|-heal|p2a: Clodsire|78/100|[from] item: Leftovers
|-damage|p1a: Great Tusk|76/100 tox|[from] psn
|upkeep
|turn|48
|
|t:|1743883393
|move|p2a: Clodsire|Protect|p2a: Clodsire
|-singleturn|p2a: Clodsire|Protect
|move|p1a: Great Tusk|Headlong Rush|p2a: Clodsire
|-activate|p2a: Clodsire|move: Protect
|
|-heal|p2a: Clodsire|84/100|[from] item: Leftovers
|-damage|p1a: Great Tusk|57/100 tox|[from] psn
|upkeep
|turn|49
|
|t:|1743883406
|-end|p1a: Great Tusk|Protosynthesis|[silent]
|switch|p1a: Dragonite|Dragonite, F|51/100 tox
|switch|p2a: Corviknight|Corviknight, M|68/100
|-ability|p2a: Corviknight|Pressure
|
|-damage|p1a: Dragonite|45/100 tox|[from] psn
|upkeep
|turn|50
|
|t:|1743883410
|move|p1a: Dragonite|Roost|p1a: Dragonite
|-heal|p1a: Dragonite|95/100 tox
|-singleturn|p1a: Dragonite|move: Roost
|move|p2a: Corviknight|Roost|p2a: Corviknight
|-heal|p2a: Corviknight|100/100
|-singleturn|p2a: Corviknight|move: Roost
|
|-damage|p1a: Dragonite|82/100 tox|[from] psn
|upkeep
|turn|51
|
|t:|1743883415
|move|p2a: Corviknight|U-turn|p1a: Dragonite
|-resisted|p1a: Dragonite
|-damage|p1a: Dragonite|76/100 tox
|
|t:|1743883419
|switch|p2a: Clodsire|Clodsire, F|84/100|[from] U-turn
|move|p1a: Dragonite|Dragon Tail|p2a: Clodsire|[miss]
|-miss|p1a: Dragonite|p2a: Clodsire
|
|-heal|p2a: Clodsire|90/100|[from] item: Leftovers
|-damage|p1a: Dragonite|57/100 tox|[from] psn
|upkeep
|turn|52
|
|t:|1743883426
|move|p2a: Clodsire|Protect|p2a: Clodsire
|-singleturn|p2a: Clodsire|Protect
|move|p1a: Dragonite|Roost|p1a: Dragonite
|-heal|p1a: Dragonite|100/100 tox
|-singleturn|p1a: Dragonite|move: Roost
|
|-heal|p2a: Clodsire|96/100|[from] item: Leftovers
|-damage|p1a: Dragonite|76/100 tox|[from] psn
|upkeep
|turn|53
|
|t:|1743883435
|switch|p1a: Great Tusk|Great Tusk|57/100 tox
|switch|p2a: Corviknight|Corviknight, M|100/100
|-ability|p2a: Corviknight|Pressure
|
|-damage|p1a: Great Tusk|51/100 tox|[from] psn
|upkeep
|turn|54
|
|t:|1743883464
|-end|p1a: Great Tusk|Protosynthesis|[silent]
|switch|p1a: Ting-Lu|Ting-Lu|93/100
|-ability|p1a: Ting-Lu|Vessel of Ruin
|move|p2a: Corviknight|Body Press|p1a: Ting-Lu
|-supereffective|p1a: Ting-Lu
|-damage|p1a: Ting-Lu|62/100
|
|-heal|p1a: Ting-Lu|68/100|[from] item: Leftovers
|upkeep
|turn|55
|
|t:|1743883471
|move|p2a: Corviknight|U-turn|p1a: Ting-Lu
|-supereffective|p1a: Ting-Lu
|-damage|p1a: Ting-Lu|52/100
|
|t:|1743883473
|switch|p2a: Clodsire|Clodsire, F|96/100|[from] U-turn
|move|p1a: Ting-Lu|Ruination|p2a: Clodsire
|-damage|p2a: Clodsire|48/100
|
|-heal|p1a: Ting-Lu|58/100|[from] item: Leftovers
|-heal|p2a: Clodsire|55/100|[from] item: Leftovers
|upkeep
|turn|56
|
|t:|1743883479
|move|p2a: Clodsire|Protect|p2a: Clodsire
|-singleturn|p2a: Clodsire|Protect
|move|p1a: Ting-Lu|Spikes|p2a: Clodsire
|-sidestart|p2: Ceron75|Spikes
|
|-heal|p1a: Ting-Lu|65/100|[from] item: Leftovers
|-heal|p2a: Clodsire|61/100|[from] item: Leftovers
|upkeep
|turn|57
|
|t:|1743883485
|switch|p1a: Great Tusk|Great Tusk|51/100 tox
|move|p2a: Clodsire|Toxic|p1a: Great Tusk
|-fail|p1a: Great Tusk|tox
|
|-heal|p2a: Clodsire|67/100|[from] item: Leftovers
|-damage|p1a: Great Tusk|45/100 tox|[from] psn
|upkeep
|turn|58
|
|t:|1743883498
|-end|p1a: Great Tusk|Protosynthesis|[silent]
|switch|p1a: Ting-Lu|Ting-Lu|65/100
|-ability|p1a: Ting-Lu|Vessel of Ruin
|move|p2a: Clodsire|Protect||[still]
|-fail|p2a: Clodsire
|
|-heal|p1a: Ting-Lu|71/100|[from] item: Leftovers
|-heal|p2a: Clodsire|73/100|[from] item: Leftovers
|upkeep
|turn|59
|
|t:|1743883502
|switch|p1a: Dragonite|Dragonite, F|76/100 tox
|move|p2a: Clodsire|Toxic|p1a: Dragonite
|-fail|p1a: Dragonite|tox
|
|-heal|p2a: Clodsire|79/100|[from] item: Leftovers
|-damage|p1a: Dragonite|69/100 tox|[from] psn
|upkeep
|turn|60
|
|t:|1743883506
|move|p1a: Dragonite|Earthquake|p2a: Clodsire
|-supereffective|p2a: Clodsire
|-damage|p2a: Clodsire|16/100
|move|p2a: Clodsire|Toxic|p1a: Dragonite
|-fail|p1a: Dragonite|tox
|
|-heal|p2a: Clodsire|22/100|[from] item: Leftovers
|-damage|p1a: Dragonite|57/100 tox|[from] psn
|upkeep
|turn|61
|
|t:|1743883510
|move|p2a: Clodsire|Protect|p2a: Clodsire
|-singleturn|p2a: Clodsire|Protect
|move|p1a: Dragonite|Dragon Tail|p2a: Clodsire
|-activate|p2a: Clodsire|move: Protect
|
|-heal|p2a: Clodsire|28/100|[from] item: Leftovers
|-damage|p1a: Dragonite|38/100 tox|[from] psn
|upkeep
|turn|62
|
|t:|1743883519
|switch|p1a: Darkrai|Darkrai|100/100
|switch|p2a: Corviknight|Corviknight, M|100/100
|-ability|p2a: Corviknight|Pressure
|
|upkeep
|turn|63
|
|t:|1743883524
|move|p1a: Darkrai|Will-O-Wisp|p2a: Corviknight
|-status|p2a: Corviknight|brn
|move|p2a: Corviknight|Body Press|p1a: Darkrai
|-supereffective|p1a: Darkrai
|-damage|p1a: Darkrai|73/100
|
|-heal|p1a: Darkrai|79/100|[from] item: Leftovers
|-damage|p2a: Corviknight|94/100 brn|[from] brn
|upkeep
|turn|64
|
|t:|1743883547
|switch|p1a: Ting-Lu|Ting-Lu|71/100
|-ability|p1a: Ting-Lu|Vessel of Ruin
|move|p2a: Corviknight|Body Press|p1a: Ting-Lu
|-supereffective|p1a: Ting-Lu
|-damage|p1a: Ting-Lu|56/100
|
|-heal|p1a: Ting-Lu|62/100|[from] item: Leftovers
|-damage|p2a: Corviknight|88/100 brn|[from] brn
|upkeep
|turn|65
|inactive|Ceron75 has 120 seconds left.
|inactive|Ceron75 has 90 seconds left.
|inactive|Ceron75 has 60 seconds left.
|inactive|Ceron75 has 30 seconds left.
|inactive|Ceron75 has 20 seconds left.
|inactive|Ceron75 has 15 seconds left.
|c|☆HearthSD|tough decision huh
|inactive|Ceron75 has 10 seconds left.
|inactive|Ceron75 has 5 seconds left.
|-message|Ceron75 lost due to inactivity.
|
|win|HearthSD
|raw|HearthSD's rating: 1352 &rarr; <strong>1368</strong><br />(+16 for winning)
|raw|Ceron75's rating: 1290 &rarr; <strong>1269</strong><br />(-21 for losing)
|c|☆HearthSD|ass
|l|☆HearthSD
|player|p1|
