|j|☆hwusgwvwi
|j|☆jeheheyehwuiwhw
|t:|1743901032
|gametype|singles
|player|p1|hwusgwvwi|265|1049
|player|p2|jeheheyehwuiwhw|266|1000
|teamsize|p1|6
|teamsize|p2|6
|gen|9
|tier|[Gen 9] OU
|rated|
|rule|HP Percentage Mod: HP is shown in percentages
|rule|Endless Battle Clause: Forcing endless battles is banned
|rule|Species Clause: Limit one of each Pokémon
|rule|OHKO Clause: OHKO moves are banned
|rule|Evasion Items Clause: Evasion items are banned
|rule|Evasion Moves Clause: Evasion moves are banned
|rule|Sleep Moves Clause: Sleep-inducing moves are banned
|clearpoke
|poke|p1|Cinderace, F|
|poke|p1|Great Tusk|
|poke|p1|Slowking-Galar, F|
|poke|p1|Corviknight, M|
|poke|p1|Raging Bolt|
|poke|p1|Meowscarada, F|
|poke|p2|Salazzle, F|
|poke|p2|Araquanid, F|
|poke|p2|Dragapult, M|
|poke|p2|Samurott-Hisui, M|
|poke|p2|Kyurem|
|poke|p2|Enamorus, F|
|teampreview
|inactive|Battle timer is ON: inactive players will automatically lose when time's up. (requested by hwusgwvwi)
|
|t:|1743901052
|start
|switch|p1a: Meowscarada|Meowscarada, F|100/100
|switch|p2a: Dragapult|Dragapult, M|100/100
|turn|1
|
|t:|1743901067
|-terastallize|p2a: Dragapult|Dragon
|move|p1a: Meowscarada|Knock Off|p2a: Dragapult
|-start|p1a: Meowscarada|typechange|Dark|[from] ability: Protean
|-damage|p2a: Dragapult|40/100
|-enditem|p2a: Dragapult|Choice Band|[from] move: Knock Off|[of] p1a: Meowscarada
|move|p2a: Dragapult|Dragon Darts|p1a: Meowscarada
|-damage|p1a: Meowscarada|51/100
|-anim|p2a: Dragapult|Dragon Darts|p1a: Meowscarada
|-damage|p1a: Meowscarada|0 fnt
|faint|p1a: Meowscarada
|
|upkeep
|
|t:|1743901078
|switch|p1a: Corviknight|Corviknight, M|100/100
|-ability|p1a: Corviknight|Pressure
|turn|2
|
|t:|1743901082
|move|p2a: Dragapult|U-turn|p1a: Corviknight
|-resisted|p1a: Corviknight
|-damage|p1a: Corviknight|97/100
|-damage|p2a: Dragapult|24/100|[from] item: Rocky Helmet|[of] p1a: Corviknight
|
|t:|1743901085
|switch|p2a: Araquanid|Araquanid, F|100/100|[from] U-turn
|move|p1a: Corviknight|U-turn|p2a: Araquanid
|-damage|p2a: Araquanid|84/100
|
|t:|1743901089
|switch|p1a: Raging Bolt|Raging Bolt|100/100|[from] U-turn
|
|upkeep
|turn|3
|
|t:|1743901102
|move|p1a: Raging Bolt|Volt Switch|p2a: Araquanid
|-supereffective|p2a: Araquanid
|-damage|p2a: Araquanid|0 fnt
|faint|p2a: Araquanid
|
|t:|1743901115
|-end|p1a: Raging Bolt|Protosynthesis|[silent]
|switch|p1a: Corviknight|Corviknight, M|97/100|[from] Volt Switch
|-ability|p1a: Corviknight|Pressure
|
|upkeep
|
|t:|1743901120
|switch|p2a: Samurott|Samurott-Hisui, M|100/100
|turn|4
|
|t:|1743901129
|move|p2a: Samurott|Ceaseless Edge|p1a: Corviknight
|-damage|p1a: Corviknight|69/100
|-damage|p2a: Samurott|84/100|[from] item: Rocky Helmet|[of] p1a: Corviknight
|-sidestart|p1: hwusgwvwi|Spikes
|move|p1a: Corviknight|Iron Defense|p1a: Corviknight
|-boost|p1a: Corviknight|def|2
|
|upkeep
|turn|5
|
|t:|1743901131
|move|p2a: Samurott|Ceaseless Edge|p1a: Corviknight
|-crit|p1a: Corviknight
|-damage|p1a: Corviknight|29/100
|-damage|p2a: Samurott|67/100|[from] item: Rocky Helmet|[of] p1a: Corviknight
|-sidestart|p1: hwusgwvwi|Spikes
|move|p1a: Corviknight|Roost|p1a: Corviknight
|-heal|p1a: Corviknight|79/100
|-singleturn|p1a: Corviknight|move: Roost
|
|upkeep
|turn|6
|
|t:|1743901134
|move|p2a: Samurott|Sacred Sword|p1a: Corviknight
|-damage|p1a: Corviknight|54/100
|-damage|p2a: Samurott|51/100|[from] item: Rocky Helmet|[of] p1a: Corviknight
|move|p1a: Corviknight|Iron Defense|p1a: Corviknight
|-boost|p1a: Corviknight|def|2
|
|upkeep
|turn|7
|
|t:|1743901140
|move|p2a: Samurott|Sacred Sword|p1a: Corviknight
|-damage|p1a: Corviknight|29/100
|-damage|p2a: Samurott|34/100|[from] item: Rocky Helmet|[of] p1a: Corviknight
|move|p1a: Corviknight|Roost|p1a: Corviknight
|-heal|p1a: Corviknight|79/100
|-singleturn|p1a: Corviknight|move: Roost
|
|upkeep
|turn|8
|
|t:|1743901145
|switch|p2a: Salazzle|Salazzle, F|100/100
|move|p1a: Corviknight|Iron Defense|p1a: Corviknight
|-boost|p1a: Corviknight|def|2
|
|upkeep
|turn|9
|
|t:|1743901155
|-terastallize|p1a: Corviknight|Ghost
|move|p2a: Salazzle|Nasty Plot|p2a: Salazzle
|-boost|p2a: Salazzle|spa|2
|move|p1a: Corviknight|Body Press|p2a: Salazzle
|-resisted|p2a: Salazzle
|-damage|p2a: Salazzle|7/100
|
|upkeep
|turn|10
|
|t:|1743901162
|move|p2a: Salazzle|Disable|p1a: Corviknight
|-start|p1a: Corviknight|Disable|Body Press
|cant|p1a: Corviknight|Disable|Body Press
|
|upkeep
|turn|11
|
|t:|1743901167
|move|p2a: Salazzle|Fire Blast|p1a: Corviknight
|-damage|p1a: Corviknight|0 fnt
|faint|p1a: Corviknight
|
|upkeep
|inactive|hwusgwvwi has 120 seconds left.
|inactive|hwusgwvwi has 90 seconds left.
|
|t:|1743901236
|switch|p1a: Slowking|Slowking-Galar, F|100/100
|-damage|p1a: Slowking|84/100|[from] Spikes
|turn|12
|inactive|hwusgwvwi has 90 seconds left.
|
|t:|1743901249
|move|p2a: Salazzle|Fire Blast|p1a: Slowking
|-damage|p1a: Slowking|28/100
|move|p1a: Slowking|Sludge Bomb|p2a: Salazzle
|-resisted|p2a: Salazzle
|-damage|p2a: Salazzle|0 fnt
|faint|p2a: Salazzle
|
|upkeep
|
|t:|1743901253
|switch|p2a: Dragapult|Dragapult, M, tera:Dragon|24/100
|turn|13
|
|t:|1743901260
|switch|p1a: Great Tusk|Great Tusk|100/100
|-damage|p1a: Great Tusk|84/100|[from] Spikes
|move|p2a: Dragapult|Dragon Darts|p1a: Great Tusk
|-damage|p1a: Great Tusk|59/100
|-anim|p2a: Dragapult|Dragon Darts|p1a: Great Tusk
|-damage|p1a: Great Tusk|33/100
|
|upkeep
|turn|14
|
|t:|1743901263
|move|p2a: Dragapult|Dragon Darts|p1a: Great Tusk
|-damage|p1a: Great Tusk|8/100
|-anim|p2a: Dragapult|Dragon Darts|p1a: Great Tusk
|-damage|p1a: Great Tusk|0 fnt
|faint|p1a: Great Tusk
|-end|p1a: Great Tusk|Protosynthesis|[silent]
|
|upkeep
|
|t:|1743901269
|switch|p1a: Cinderace|Cinderace, F|100/100
|turn|15
|
|t:|1743901275
|switch|p2a: Samurott|Samurott-Hisui, M|34/100
|move|p1a: Cinderace|Sucker Punch||[still]
|-fail|p1a: Cinderace
|
|upkeep
|turn|16
|inactive|hwusgwvwi has 120 seconds left.
|
|t:|1743901286
|move|p1a: Cinderace|Low Kick|p2a: Samurott
|-start|p1a: Cinderace|typechange|Fighting|[from] ability: Libero
|-supereffective|p2a: Samurott
|-crit|p2a: Samurott
|-damage|p2a: Samurott|0 fnt
|faint|p2a: Samurott
|
|upkeep
|
|t:|1743901289
|switch|p2a: Enamorus|Enamorus, F|100/100
|turn|17
|
|t:|1743901294
|switch|p1a: Slowking|Slowking-Galar, F|62/100
|-damage|p1a: Slowking|45/100|[from] Spikes
|move|p2a: Enamorus|Moonblast|p1a: Slowking
|-resisted|p1a: Slowking
|-damage|p1a: Slowking|28/100
|-damage|p2a: Enamorus|91/100|[from] item: Life Orb
|
|upkeep
|turn|18
|
|t:|1743901302
|move|p2a: Enamorus|Earth Power|p1a: Slowking
|-supereffective|p1a: Slowking
|-damage|p1a: Slowking|0 fnt
|faint|p1a: Slowking
|-damage|p2a: Enamorus|81/100|[from] item: Life Orb
|
|upkeep
|
|t:|1743901315
|switch|p1a: Raging Bolt|Raging Bolt|100/100
|-damage|p1a: Raging Bolt|84/100|[from] Spikes
|turn|19
|
|t:|1743901320
|move|p1a: Raging Bolt|Thunderclap|p2a: Enamorus
|-supereffective|p2a: Enamorus
|-damage|p2a: Enamorus|0 fnt
|faint|p2a: Enamorus
|
|upkeep
|
|t:|1743901323
|switch|p2a: Kyurem|Kyurem|100/100
|-ability|p2a: Kyurem|Pressure
|turn|20
|
|t:|1743901327
|-end|p1a: Raging Bolt|Protosynthesis|[silent]
|switch|p1a: Cinderace|Cinderace, F|100/100
|move|p2a: Kyurem|Earth Power|p1a: Cinderace
|-supereffective|p1a: Cinderace
|-damage|p1a: Cinderace|14/100
|
|upkeep
|turn|21
|
|t:|1743901331
|move|p1a: Cinderace|Sucker Punch|p2a: Kyurem
|-start|p1a: Cinderace|typechange|Dark|[from] ability: Libero
|-damage|p2a: Kyurem|63/100
|move|p2a: Kyurem|Earth Power|p1a: Cinderace
|-damage|p1a: Cinderace|0 fnt
|faint|p1a: Cinderace
|
|upkeep
|-message|hwusgwvwi forfeited.
|
|win|jeheheyehwuiwhw
|raw|hwusgwvwi's rating: 1049 &rarr; <strong>1029</strong><br />(-20 for losing)
|raw|jeheheyehwuiwhw's rating: 1000 &rarr; <strong>1046</strong><br />(+46 for winning)
|l|☆hwusgwvwi
|player|p1|
