|j|☆Guerrero105
|j|☆cacaculococo
|t:|1743860245
|gametype|singles
|player|p1|Guerrero105|lucas-gen4pt|1305
|player|p2|cacaculococo|elesa|1247
|teamsize|p1|6
|teamsize|p2|6
|gen|9
|tier|[Gen 9] OU
|rated|
|rule|HP Percentage Mod: HP is shown in percentages
|rule|Endless Battle Clause: Forcing endless battles is banned
|rule|Species Clause: Limit one of each Pokémon
|rule|OHKO Clause: OHKO moves are banned
|rule|Evasion Items Clause: Evasion items are banned
|rule|Evasion Moves Clause: Evasion moves are banned
|rule|Sleep Moves Clause: Sleep-inducing moves are banned
|clearpoke
|poke|p1|Garchomp, M|
|poke|p1|Corviknight, M|
|poke|p1|Clefable, F|
|poke|p1|Galvantula, M|
|poke|p1|Incineroar, M|
|poke|p1|Serperior, M|
|poke|p2|Avalugg-Hisui, M|
|poke|p2|Chansey, F|
|poke|p2|Noctowl, M|
|poke|p2|Toxapex, M|
|poke|p2|Darkrai|
|poke|p2|Blaziken, M|
|teampreview
|inactive|Battle timer is ON: inactive players will automatically lose when time's up. (requested by Guerrero105)
|
|t:|1743860252
|start
|switch|p1a: Incineroar|Incineroar, M|100/100
|switch|p2a: effrey Jepstein|Noctowl, M, shiny|100/100
|-ability|p1a: Incineroar|Intimidate|boost
|-unboost|p2a: effrey Jepstein|atk|1
|turn|1
|
|t:|1743860267
|switch|p2a: bill clinton|Toxapex, M|100/100
|move|p1a: Incineroar|Knock Off|p2a: bill clinton
|-damage|p2a: bill clinton|73/100
|-enditem|p2a: bill clinton|Leftovers|[from] move: Knock Off|[of] p1a: Incineroar
|
|upkeep
|turn|2
|
|t:|1743860295
|move|p1a: Incineroar|Will-O-Wisp|p2a: bill clinton
|-status|p2a: bill clinton|brn
|move|p2a: bill clinton|Ice Beam|p1a: Incineroar
|-resisted|p1a: Incineroar
|-crit|p1a: Incineroar
|-damage|p1a: Incineroar|93/100
|-status|p1a: Incineroar|frz
|
|-heal|p1a: Incineroar|99/100 frz|[from] item: Leftovers
|-damage|p2a: bill clinton|67/100 brn|[from] brn
|upkeep
|turn|3
|
|t:|1743860310
|switch|p2a: muhammad|Blaziken, M|100/100
|-item|p2a: muhammad|Air Balloon
|-curestatus|p1a: Incineroar|frz|[from] move: Flare Blitz
|move|p1a: Incineroar|Flare Blitz|p2a: muhammad
|-resisted|p2a: muhammad
|-damage|p2a: muhammad|63/100
|-enditem|p2a: muhammad|Air Balloon
|-damage|p1a: Incineroar|89/100|[from] Recoil
|
|-heal|p1a: Incineroar|95/100|[from] item: Leftovers
|upkeep
|turn|4
|
|t:|1743860321
|move|p2a: muhammad|Close Combat|p1a: Incineroar
|-supereffective|p1a: Incineroar
|-damage|p1a: Incineroar|0 fnt
|-unboost|p2a: muhammad|def|1
|-unboost|p2a: muhammad|spd|1
|faint|p1a: Incineroar
|
|-ability|p2a: muhammad|Speed Boost|boost
|-boost|p2a: muhammad|spe|1
|upkeep
|
|t:|1743860339
|switch|p1a: Clefable|Clefable, F|100/100
|turn|5
|
|t:|1743860347
|move|p2a: muhammad|Flare Blitz|p1a: Clefable
|-damage|p1a: Clefable|17/100
|-damage|p2a: muhammad|29/100|[from] Recoil
|move|p1a: Clefable|Stealth Rock|p2a: muhammad
|-sidestart|p2: cacaculococo|move: Stealth Rock
|
|-heal|p1a: Clefable|23/100|[from] item: Leftovers
|-ability|p2a: muhammad|Speed Boost|boost
|-boost|p2a: muhammad|spe|1
|upkeep
|turn|6
|inactive|Guerrero105 has 120 seconds left.
|
|t:|1743860381
|move|p2a: muhammad|Flare Blitz|p1a: Clefable
|-damage|p1a: Clefable|0 fnt
|faint|p1a: Clefable
|-damage|p2a: muhammad|20/100|[from] Recoil
|
|-ability|p2a: muhammad|Speed Boost|boost
|-boost|p2a: muhammad|spe|1
|upkeep
|
|t:|1743860393
|switch|p1a: Corviknight|Corviknight, M|100/100
|-ability|p1a: Corviknight|Pressure
|turn|7
|inactive|Guerrero105 has 90 seconds left.
|
|t:|1743860439
|move|p2a: muhammad|Flare Blitz|p1a: Corviknight
|-supereffective|p1a: Corviknight
|-damage|p1a: Corviknight|6/100
|-damage|p2a: muhammad|3/100|[from] item: Rocky Helmet|[of] p1a: Corviknight
|-damage|p2a: muhammad|0 fnt|[from] Recoil
|faint|p2a: muhammad
|move|p1a: Corviknight|Body Press|p2: muhammad|[notarget]
|-fail|p1a: Corviknight
|
|upkeep
|
|t:|1743860451
|switch|p2a: p diddy|Darkrai|100/100
|-damage|p2a: p diddy|88/100|[from] Stealth Rock
|turn|8
|
|t:|1743860454
|move|p2a: p diddy|Dark Pulse|p1a: Corviknight
|-damage|p1a: Corviknight|0 fnt
|faint|p1a: Corviknight
|
|upkeep
|inactive|Guerrero105 has 90 seconds left.
|c|☆cacaculococo|gg bro
|c|☆cacaculococo|well played
|
|t:|1743860466
|switch|p1a: Galvantula|Galvantula, M|100/100
|turn|9
|
|t:|1743860470
|move|p2a: p diddy|Dark Pulse|p1a: Galvantula
|-enditem|p1a: Galvantula|Focus Sash
|-damage|p1a: Galvantula|1/100
|move|p1a: Galvantula|Thunder|p2a: p diddy
|-crit|p2a: p diddy
|-damage|p2a: p diddy|0 fnt
|faint|p2a: p diddy
|
|upkeep
|
|t:|1743860480
|switch|p2a: harvey weintein|Chansey, F|100/100
|-damage|p2a: harvey weintein|88/100|[from] Stealth Rock
|turn|10
|
|t:|1743860485
|move|p1a: Galvantula|Sticky Web|p2a: harvey weintein
|-sidestart|p2: cacaculococo|move: Sticky Web
|move|p2a: harvey weintein|Seismic Toss|p1a: Galvantula
|-damage|p1a: Galvantula|0 fnt
|faint|p1a: Galvantula
|
|upkeep
|
|t:|1743860506
|switch|p1a: Serperior|Serperior, M|100/100
|turn|11
|
|t:|1743860510
|move|p1a: Serperior|Taunt|p2a: harvey weintein
|-start|p2a: harvey weintein|move: Taunt
|cant|p2a: harvey weintein|move: Taunt|Thunder Wave
|
|upkeep
|turn|12
|
|t:|1743860516
|move|p1a: Serperior|Leaf Storm|p2a: harvey weintein
|-crit|p2a: harvey weintein
|-damage|p2a: harvey weintein|69/100
|-boost|p1a: Serperior|spa|2
|move|p2a: harvey weintein|Seismic Toss|p1a: Serperior
|-damage|p1a: Serperior|66/100
|
|upkeep
|turn|13
|inactive|Guerrero105 has 90 seconds left.
|
|t:|1743860556
|move|p1a: Serperior|Leaf Storm|p2a: harvey weintein
|-damage|p2a: harvey weintein|46/100
|-boost|p1a: Serperior|spa|2
|move|p2a: harvey weintein|Seismic Toss|p1a: Serperior
|-damage|p1a: Serperior|32/100
|
|-end|p2a: harvey weintein|move: Taunt
|upkeep
|turn|14
|
|t:|1743860568
|move|p1a: Serperior|Giga Drain|p2a: harvey weintein
|-damage|p2a: harvey weintein|26/100
|-heal|p1a: Serperior|54/100|[from] drain|[of] p2a: harvey weintein
|move|p2a: harvey weintein|Seismic Toss|p1a: Serperior
|-damage|p1a: Serperior|19/100
|
|upkeep
|turn|15
|inactive|Guerrero105 has 90 seconds left.
|
|t:|1743860580
|move|p1a: Serperior|Leaf Storm|p2a: harvey weintein
|-damage|p2a: harvey weintein|0 fnt
|-boost|p1a: Serperior|spa|2
|faint|p2a: harvey weintein
|
|upkeep
|
|t:|1743860583
|switch|p2a: bill cosby|Avalugg-Hisui, M|100/100
|turn|16
|
|t:|1743860590
|move|p1a: Serperior|Giga Drain|p2a: bill cosby
|-supereffective|p2a: bill cosby
|-ability|p2a: bill cosby|Sturdy
|-damage|p2a: bill cosby|1/100
|-heal|p1a: Serperior|87/100|[from] drain|[of] p2a: bill cosby
|move|p2a: bill cosby|Body Press|p1a: Serperior
|-crit|p1a: Serperior
|-damage|p1a: Serperior|15/100
|
|upkeep
|turn|17
|-message|cacaculococo forfeited.
|
|win|Guerrero105
|raw|Guerrero105's rating: 1305 &rarr; <strong>1322</strong><br />(+17 for winning)
|raw|cacaculococo's rating: 1247 &rarr; <strong>1226</strong><br />(-21 for losing)
|l|☆cacaculococo
|player|p2|
|l|☆Guerrero105
|player|p1|
