|j|☆haruka number 1
|j|☆Ultimate Fight
|t:|1743856626
|gametype|singles
|player|p1|haruka number 1|dawn|1721
|player|p2|Ultimate Fight|102|1710
|teamsize|p1|6
|teamsize|p2|6
|gen|9
|tier|[Gen 9] OU
|rated|
|rule|HP Percentage Mod: HP is shown in percentages
|rule|Endless Battle Clause: Forcing endless battles is banned
|rule|Species Clause: Limit one of each Pokémon
|rule|OHKO Clause: OHKO moves are banned
|rule|Evasion Items Clause: Evasion items are banned
|rule|Evasion Moves Clause: Evasion moves are banned
|rule|Sleep Moves Clause: Sleep-inducing moves are banned
|clearpoke
|poke|p1|Gholdengo|
|poke|p1|Primarina, M|
|poke|p1|Cinderace, F|
|poke|p1|Raging Bolt|
|poke|p1|Landorus-Therian, M|
|poke|p1|Ogerpon-Cornerstone, F|
|poke|p2|Iron Moth|
|poke|p2|Kingambit, M|
|poke|p2|Dragonite, F|
|poke|p2|Ogerpon-Cornerstone, F|
|poke|p2|Iron Valiant|
|poke|p2|Raging Bolt|
|teampreview
|inactive|Battle timer is ON: inactive players will automatically lose when time's up. (requested by haruka number 1)
|
|t:|1743856644
|start
|switch|p1a: Cinderace|Cinderace, F|100/100
|switch|p2a: Ogerpon|Ogerpon-Cornerstone, F|100/100
|turn|1
|
|t:|1743856650
|move|p1a: Cinderace|U-turn|p2a: Ogerpon
|-start|p1a: Cinderace|typechange|Bug|[from] ability: Libero
|-supereffective|p2a: Ogerpon
|-damage|p2a: Ogerpon|12/100
|
|t:|1743856655
|switch|p1a: Landorus|Landorus-Therian, M|100/100|[from] U-turn
|-ability|p1a: Landorus|Intimidate|boost
|-unboost|p2a: Ogerpon|atk|1
|move|p2a: Ogerpon|Ivy Cudgel|p1a: Landorus|[anim] Ivy Cudgel Rock
|-crit|p1a: Landorus
|-damage|p1a: Landorus|31/100
|
|upkeep
|turn|2
|
|t:|1743856675
|move|p2a: Ogerpon|Spikes|p1a: Landorus
|-sidestart|p1: haruka number 1|Spikes
|move|p1a: Landorus|Stealth Rock|p2a: Ogerpon
|-sidestart|p2: Ultimate Fight|move: Stealth Rock
|
|upkeep
|turn|3
|
|t:|1743856681
|move|p2a: Ogerpon|Ivy Cudgel|p1a: Landorus|[anim] Ivy Cudgel Rock
|-damage|p1a: Landorus|2/100
|move|p1a: Landorus|U-turn|p2a: Ogerpon
|-supereffective|p2a: Ogerpon
|-damage|p2a: Ogerpon|0 fnt
|faint|p2a: Ogerpon
|
|t:|1743856684
|switch|p1a: Cinderace|Cinderace, F|100/100|[from] U-turn
|
|upkeep
|inactive|Ultimate Fight has 120 seconds left.
|
|t:|1743856712
|switch|p2a: Raging Bolt|Raging Bolt|100/100
|-damage|p2a: Raging Bolt|88/100|[from] Stealth Rock
|-enditem|p2a: Raging Bolt|Booster Energy
|-activate|p2a: Raging Bolt|ability: Protosynthesis|[fromitem]
|-start|p2a: Raging Bolt|protosynthesisspa
|turn|4
|
|t:|1743856733
|move|p1a: Cinderace|U-turn|p2a: Raging Bolt
|-start|p1a: Cinderace|typechange|Bug|[from] ability: Libero
|-damage|p2a: Raging Bolt|59/100
|
|t:|1743856735
|switch|p1a: Landorus|Landorus-Therian, M|2/100|[from] U-turn
|-ability|p1a: Landorus|Intimidate|boost
|-unboost|p2a: Raging Bolt|atk|1
|move|p2a: Raging Bolt|Dragon Pulse|p1a: Landorus
|-damage|p1a: Landorus|0 fnt
|faint|p1a: Landorus
|
|upkeep
|
|t:|1743856739
|switch|p1a: Ogerpon|Ogerpon-Cornerstone, F|100/100
|-damage|p1a: Ogerpon|88/100|[from] Spikes
|turn|5
|
|t:|1743856749
|move|p1a: Ogerpon|Ivy Cudgel|p2a: Raging Bolt|[anim] Ivy Cudgel Rock
|-damage|p2a: Raging Bolt|5/100
|move|p2a: Raging Bolt|Dragon Pulse|p1a: Ogerpon
|-damage|p1a: Ogerpon|9/100
|
|upkeep
|turn|6
|
|t:|1743856756
|move|p2a: Raging Bolt|Thunderclap||[still]
|-fail|p2a: Raging Bolt
|move|p1a: Ogerpon|Swords Dance|p1a: Ogerpon
|-boost|p1a: Ogerpon|atk|2
|
|upkeep
|turn|7
|
|t:|1743856762
|move|p2a: Raging Bolt|Thunderclap||[still]
|-fail|p2a: Raging Bolt
|move|p1a: Ogerpon|Swords Dance|p1a: Ogerpon
|-boost|p1a: Ogerpon|atk|2
|
|upkeep
|turn|8
|
|t:|1743856765
|move|p2a: Raging Bolt|Thunderclap||[still]
|-fail|p2a: Raging Bolt
|move|p1a: Ogerpon|Swords Dance|p1a: Ogerpon
|-boost|p1a: Ogerpon|atk|2
|
|upkeep
|turn|9
|j| AveryRadiant
|
|t:|1743856768
|move|p2a: Raging Bolt|Thunderclap||[still]
|-fail|p2a: Raging Bolt
|move|p1a: Ogerpon|Swords Dance|p1a: Ogerpon
|-boost|p1a: Ogerpon|atk|0
|
|upkeep
|turn|10
|
|t:|1743856777
|move|p2a: Raging Bolt|Thunderclap||[still]
|-fail|p2a: Raging Bolt
|move|p1a: Ogerpon|Swords Dance|p1a: Ogerpon
|-boost|p1a: Ogerpon|atk|0
|
|upkeep
|turn|11
|
|t:|1743856781
|move|p1a: Ogerpon|Horn Leech|p2a: Raging Bolt
|-resisted|p2a: Raging Bolt
|-damage|p2a: Raging Bolt|0 fnt
|-heal|p1a: Ogerpon|12/100|[from] drain|[of] p2a: Raging Bolt
|faint|p2a: Raging Bolt
|-end|p2a: Raging Bolt|Protosynthesis|[silent]
|
|upkeep
|
|t:|1743856795
|switch|p2a: Iron Moth|Iron Moth|100/100
|-damage|p2a: Iron Moth|76/100|[from] Stealth Rock
|-enditem|p2a: Iron Moth|Booster Energy
|-activate|p2a: Iron Moth|ability: Quark Drive|[fromitem]
|-start|p2a: Iron Moth|quarkdrivespe
|turn|12
|
|t:|1743856802
|move|p2a: Iron Moth|Fiery Dance|p1a: Ogerpon
|-damage|p1a: Ogerpon|0 fnt
|faint|p1a: Ogerpon
|
|upkeep
|
|t:|1743856804
|switch|p1a: Raging Bolt|Raging Bolt|100/100
|-damage|p1a: Raging Bolt|88/100|[from] Spikes
|turn|13
|
|t:|1743856810
|move|p2a: Iron Moth|Dazzling Gleam|p1a: Raging Bolt
|-supereffective|p1a: Raging Bolt
|-damage|p1a: Raging Bolt|56/100
|move|p1a: Raging Bolt|Draco Meteor|p2a: Iron Moth
|-damage|p2a: Iron Moth|0 fnt
|-unboost|p1a: Raging Bolt|spa|2
|faint|p2a: Iron Moth
|-end|p2a: Iron Moth|Quark Drive|[silent]
|
|upkeep
|
|t:|1743856830
|switch|p2a: Kingambit|Kingambit, M|100/100
|-damage|p2a: Kingambit|94/100|[from] Stealth Rock
|-activate|p2a: Kingambit|ability: Supreme Overlord
|-start|p2a: Kingambit|fallen3|[silent]
|turn|14
|
|t:|1743856852
|-end|p1a: Raging Bolt|Protosynthesis|[silent]
|switch|p1a: Cinderace|Cinderace, F|100/100
|move|p2a: Kingambit|Swords Dance|p2a: Kingambit
|-boost|p2a: Kingambit|atk|2
|
|upkeep
|turn|15
|
|t:|1743856861
|move|p2a: Kingambit|Sucker Punch||[still]
|-fail|p2a: Kingambit
|move|p1a: Cinderace|Court Change|p1a: Cinderace
|-start|p1a: Cinderace|typechange|Normal|[from] ability: Libero
|-swapsideconditions
|-activate|p1a: Cinderace|move: Court Change
|
|upkeep
|turn|16
|
|t:|1743856870
|move|p2a: Kingambit|Sucker Punch|p1a: Cinderace
|-damage|p1a: Cinderace|0 fnt
|faint|p1a: Cinderace
|
|upkeep
|l| AveryRadiant
|
|t:|1743856877
|switch|p1a: Raging Bolt|Raging Bolt|56/100
|-damage|p1a: Raging Bolt|43/100|[from] Stealth Rock
|turn|17
|
|t:|1743856884
|move|p2a: Kingambit|Sucker Punch|p1a: Raging Bolt
|-damage|p1a: Raging Bolt|0 fnt
|faint|p1a: Raging Bolt
|-end|p1a: Raging Bolt|Protosynthesis|[silent]
|
|upkeep
|
|t:|1743856888
|switch|p1a: Gholdengo|Gholdengo|100/100
|-damage|p1a: Gholdengo|94/100|[from] Stealth Rock
|turn|18
|
|t:|1743856894
|move|p1a: Gholdengo|Nasty Plot|p1a: Gholdengo
|-boost|p1a: Gholdengo|spa|2
|move|p2a: Kingambit|Kowtow Cleave|p1a: Gholdengo
|-supereffective|p1a: Gholdengo
|-damage|p1a: Gholdengo|0 fnt
|faint|p1a: Gholdengo
|
|upkeep
|-message|haruka number 1 forfeited.
|
|win|Ultimate Fight
|raw|haruka number 1's rating: 1721 &rarr; <strong>1700</strong><br />(-21 for losing)
|raw|Ultimate Fight's rating: 1710 &rarr; <strong>1731</strong><br />(+21 for winning)
|l|☆haruka number 1
|player|p1|
|l|☆Ultimate Fight
|player|p2|
