|j|☆Hardencongafas
|j|☆showbegin
|t:|1743825338
|gametype|singles
|player|p1|Hardencongafas|1|1429
|player|p2|showbegin|lucas|1596
|teamsize|p1|6
|teamsize|p2|6
|gen|9
|tier|[Gen 9] OU
|rated|
|rule|HP Percentage Mod: HP is shown in percentages
|rule|Endless Battle Clause: Forcing endless battles is banned
|rule|Species Clause: Limit one of each Pokémon
|rule|OHKO Clause: OHKO moves are banned
|rule|Evasion Items Clause: Evasion items are banned
|rule|Evasion Moves Clause: Evasion moves are banned
|rule|Sleep Moves Clause: Sleep-inducing moves are banned
|clearpoke
|poke|p1|Iron Treads|
|poke|p1|Emboar, M|
|poke|p1|Primarina, F|
|poke|p1|Corviknight, F|
|poke|p1|Landorus-Therian, M|
|poke|p1|Hydreigon, F|
|poke|p2|Garganacl, F|
|poke|p2|Raging Bolt|
|poke|p2|Slowking-Galar, F|
|poke|p2|Ogerpon-Wellspring, F|
|poke|p2|Ting-Lu|
|poke|p2|Corviknight, F|
|teampreview
|inactive|Battle timer is ON: inactive players will automatically lose when time's up. (requested by Hardencongafas)
|
|t:|1743825360
|start
|switch|p1a: Landorus|Landorus-Therian, M|100/100
|switch|p2a: Corviknight|Corviknight, F|100/100
|-ability|p1a: Landorus|Intimidate|boost
|-unboost|p2a: Corviknight|atk|1
|-ability|p2a: Corviknight|Pressure
|turn|1
|
|t:|1743825378
|switch|p1a: Primarina|Primarina, F|100/100
|move|p2a: Corviknight|U-turn|p1a: Primarina
|-resisted|p1a: Primarina
|-damage|p1a: Primarina|95/100
|
|t:|1743825382
|switch|p2a: Raging Bolt|Raging Bolt|100/100|[from] U-turn
|
|upkeep
|turn|2
|
|t:|1743825390
|move|p2a: Raging Bolt|Volt Switch|p1a: Primarina
|-supereffective|p1a: Primarina
|-damage|p1a: Primarina|45/100
|
|t:|1743825394
|-end|p2a: Raging Bolt|Protosynthesis|[silent]
|switch|p2a: Slowking|Slowking-Galar, F|100/100|[from] Volt Switch
|move|p1a: Primarina|Moonblast|p2a: Slowking
|-resisted|p2a: Slowking
|-crit|p2a: Slowking
|-damage|p2a: Slowking|78/100
|-unboost|p2a: Slowking|spa|1
|
|upkeep
|turn|3
|
|t:|1743825404
|move|p1a: Primarina|Flip Turn|p2a: Slowking
|-damage|p2a: Slowking|66/100
|
|t:|1743825408
|switch|p1a: Iron Treads|Iron Treads|100/100|[from] Flip Turn
|-prepare|p2a: Slowking|Chilly Reception|[premajor]
|move|p2a: Slowking|Chilly Reception|p2a: Slowking
|-weather|Snowscape
|
|t:|1743825435
|switch|p2a: Ogerpon|Ogerpon-Wellspring, F|100/100|[from] Chilly Reception
|
|-weather|Snowscape|[upkeep]
|upkeep
|turn|4
|
|t:|1743825441
|-end|p1a: Iron Treads|Quark Drive|[silent]
|switch|p1a: Corviknight|Corviknight, F|100/100
|-ability|p1a: Corviknight|Pressure
|move|p2a: Ogerpon|Ivy Cudgel|p1a: Corviknight|[anim] Ivy Cudgel Water
|-damage|p1a: Corviknight|64/100
|
|-weather|Snowscape|[upkeep]
|upkeep
|turn|5
|
|t:|1743825459
|switch|p2a: Corviknight|Corviknight, F|100/100
|-ability|p2a: Corviknight|Pressure
|move|p1a: Corviknight|Roost|p1a: Corviknight
|-heal|p1a: Corviknight|100/100
|-singleturn|p1a: Corviknight|move: Roost
|
|-weather|Snowscape|[upkeep]
|upkeep
|turn|6
|
|t:|1743825469
|move|p1a: Corviknight|U-turn|p2a: Corviknight
|-resisted|p2a: Corviknight
|-damage|p2a: Corviknight|98/100
|-damage|p1a: Corviknight|84/100|[from] item: Rocky Helmet|[of] p2a: Corviknight
|
|t:|1743825478
|switch|p1a: Hydreigon|Hydreigon, F|100/100|[from] U-turn
|move|p2a: Corviknight|U-turn|p1a: Hydreigon
|-supereffective|p1a: Hydreigon
|-damage|p1a: Hydreigon|67/100
|
|t:|1743825487
|switch|p2a: Slowking|Slowking-Galar, F|99/100|[from] U-turn
|
|-weather|Snowscape|[upkeep]
|upkeep
|turn|7
|
|t:|1743825490
|move|p1a: Hydreigon|Dark Pulse|p2a: Slowking
|-supereffective|p2a: Slowking
|-damage|p2a: Slowking|32/100
|move|p2a: Slowking|Thunder Wave|p1a: Hydreigon
|-status|p1a: Hydreigon|par
|
|-weather|none
|upkeep
|turn|8
|
|t:|1743825500
|switch|p2a: Corviknight|Corviknight, F|98/100
|-ability|p2a: Corviknight|Pressure
|move|p1a: Hydreigon|Dark Pulse|p2a: Corviknight
|-damage|p2a: Corviknight|37/100
|
|upkeep
|turn|9
|
|t:|1743825510
|move|p2a: Corviknight|Roost|p2a: Corviknight
|-heal|p2a: Corviknight|87/100
|-singleturn|p2a: Corviknight|move: Roost
|move|p1a: Hydreigon|Dark Pulse|p2a: Corviknight
|-crit|p2a: Corviknight
|-damage|p2a: Corviknight|2/100
|
|upkeep
|turn|10
|
|t:|1743825527
|move|p2a: Corviknight|U-turn|p1a: Hydreigon
|-supereffective|p1a: Hydreigon
|-damage|p1a: Hydreigon|34/100 par
|
|t:|1743825532
|switch|p2a: Raging Bolt|Raging Bolt|100/100|[from] U-turn
|move|p1a: Hydreigon|Dark Pulse|p2a: Raging Bolt
|-damage|p2a: Raging Bolt|67/100
|
|upkeep
|turn|11
|
|t:|1743825544
|switch|p1a: Iron Treads|Iron Treads|100/100
|move|p2a: Raging Bolt|Draco Meteor|p1a: Iron Treads
|-resisted|p1a: Iron Treads
|-damage|p1a: Iron Treads|44/100
|-unboost|p2a: Raging Bolt|spa|2
|
|-heal|p1a: Iron Treads|51/100|[from] item: Leftovers
|upkeep
|turn|12
|
|t:|1743825556
|-end|p2a: Raging Bolt|Protosynthesis|[silent]
|switch|p2a: Ting-Lu|Ting-Lu|100/100
|-ability|p2a: Ting-Lu|Vessel of Ruin
|move|p1a: Iron Treads|Earthquake|p2a: Ting-Lu
|-damage|p2a: Ting-Lu|78/100
|
|-heal|p1a: Iron Treads|57/100|[from] item: Leftovers
|-heal|p2a: Ting-Lu|85/100|[from] item: Leftovers
|upkeep
|turn|13
|
|t:|1743825563
|-end|p1a: Iron Treads|Quark Drive|[silent]
|switch|p1a: Corviknight|Corviknight, F|84/100
|-ability|p1a: Corviknight|Pressure
|move|p2a: Ting-Lu|Ruination|p1a: Corviknight
|-damage|p1a: Corviknight|42/100
|
|-heal|p2a: Ting-Lu|91/100|[from] item: Leftovers
|upkeep
|turn|14
|
|t:|1743825578
|move|p1a: Corviknight|Roost|p1a: Corviknight
|-heal|p1a: Corviknight|92/100
|-singleturn|p1a: Corviknight|move: Roost
|move|p2a: Ting-Lu|Stealth Rock|p1a: Corviknight
|-sidestart|p1: Hardencongafas|move: Stealth Rock
|
|-heal|p2a: Ting-Lu|97/100|[from] item: Leftovers
|upkeep
|turn|15
|
|t:|1743825586
|move|p1a: Corviknight|Iron Defense|p1a: Corviknight
|-boost|p1a: Corviknight|def|2
|move|p2a: Ting-Lu|Ruination|p1a: Corviknight
|-damage|p1a: Corviknight|47/100
|
|-heal|p2a: Ting-Lu|100/100|[from] item: Leftovers
|upkeep
|turn|16
|
|t:|1743825598
|move|p1a: Corviknight|Body Press|p2a: Ting-Lu
|-supereffective|p2a: Ting-Lu
|-damage|p2a: Ting-Lu|47/100
|move|p2a: Ting-Lu|Whirlwind|p1a: Corviknight
|drag|p1a: Emboar|Emboar, M, shiny|100/100
|-damage|p1a: Emboar|88/100|[from] Stealth Rock
|
|-heal|p2a: Ting-Lu|53/100|[from] item: Leftovers
|upkeep
|turn|17
|
|t:|1743825605
|switch|p2a: Corviknight|Corviknight, F|2/100
|-ability|p2a: Corviknight|Pressure
|move|p1a: Emboar|Close Combat|p2a: Corviknight
|-damage|p2a: Corviknight|0 fnt
|-unboost|p1a: Emboar|def|1
|-unboost|p1a: Emboar|spd|1
|-damage|p1a: Emboar|71/100|[from] item: Rocky Helmet|[of] p2a: Corviknight
|faint|p2a: Corviknight
|
|upkeep
|
|t:|1743825623
|switch|p2a: Ogerpon|Ogerpon-Wellspring, F|100/100
|turn|18
|
|t:|1743825634
|switch|p1a: Corviknight|Corviknight, F|47/100
|-damage|p1a: Corviknight|34/100|[from] Stealth Rock
|-ability|p1a: Corviknight|Pressure
|move|p2a: Ogerpon|Ivy Cudgel|p1a: Corviknight|[anim] Ivy Cudgel Water
|-crit|p1a: Corviknight
|-damage|p1a: Corviknight|0 fnt
|faint|p1a: Corviknight
|
|upkeep
|
|t:|1743825640
|switch|p1a: Emboar|Emboar, M, shiny|71/100
|-damage|p1a: Emboar|59/100|[from] Stealth Rock
|turn|19
|
|t:|1743825645
|move|p1a: Emboar|Flare Blitz|p2a: Ogerpon
|-damage|p2a: Ogerpon|1/100
|-status|p2a: Ogerpon|brn
|-damage|p1a: Emboar|32/100|[from] Recoil
|move|p2a: Ogerpon|Ivy Cudgel|p1a: Emboar|[anim] Ivy Cudgel Water
|-supereffective|p1a: Emboar
|-damage|p1a: Emboar|0 fnt
|faint|p1a: Emboar
|
|-damage|p2a: Ogerpon|0 fnt|[from] brn
|faint|p2a: Ogerpon
|upkeep
|
|t:|1743825658
|switch|p2a: Raging Bolt|Raging Bolt|67/100
|switch|p1a: Landorus|Landorus-Therian, M|100/100
|-damage|p1a: Landorus|88/100|[from] Stealth Rock
|-ability|p1a: Landorus|Intimidate|boost
|-unboost|p2a: Raging Bolt|atk|1
|turn|20
|
|t:|1743825664
|-end|p2a: Raging Bolt|Protosynthesis|[silent]
|switch|p2a: Ting-Lu|Ting-Lu|53/100
|-ability|p2a: Ting-Lu|Vessel of Ruin
|move|p1a: Landorus|Earthquake|p2a: Ting-Lu
|-damage|p2a: Ting-Lu|10/100
|
|-heal|p2a: Ting-Lu|16/100|[from] item: Leftovers
|upkeep
|turn|21
|
|t:|1743825671
|move|p1a: Landorus|Earthquake|p2a: Ting-Lu
|-damage|p2a: Ting-Lu|0 fnt
|faint|p2a: Ting-Lu
|
|upkeep
|
|t:|1743825696
|switch|p2a: Garganacl|Garganacl, F|100/100
|turn|22
|
|t:|1743825701
|switch|p1a: Iron Treads|Iron Treads|57/100
|-damage|p1a: Iron Treads|54/100|[from] Stealth Rock
|-terastallize|p2a: Garganacl|Water
|move|p2a: Garganacl|Iron Defense|p2a: Garganacl
|-boost|p2a: Garganacl|def|2
|
|-heal|p1a: Iron Treads|60/100|[from] item: Leftovers
|upkeep
|turn|23
|
|t:|1743825708
|move|p1a: Iron Treads|Knock Off|p2a: Garganacl
|-damage|p2a: Garganacl|92/100
|-enditem|p2a: Garganacl|Leftovers|[from] move: Knock Off|[of] p1a: Iron Treads
|move|p2a: Garganacl|Body Press|p1a: Iron Treads
|-supereffective|p1a: Iron Treads
|-damage|p1a: Iron Treads|0 fnt
|faint|p1a: Iron Treads
|-end|p1a: Iron Treads|Quark Drive|[silent]
|
|upkeep
|
|t:|1743825711
|switch|p1a: Hydreigon|Hydreigon, F|34/100 par
|-damage|p1a: Hydreigon|22/100 par|[from] Stealth Rock
|turn|24
|
|t:|1743825732
|switch|p2a: Slowking|Slowking-Galar, F|65/100
|move|p1a: Hydreigon|Dark Pulse|p2a: Slowking
|-supereffective|p2a: Slowking
|-damage|p2a: Slowking|0 fnt
|faint|p2a: Slowking
|
|upkeep
|
|t:|1743825735
|switch|p2a: Raging Bolt|Raging Bolt|67/100
|turn|25
|
|t:|1743825740
|switch|p1a: Primarina|Primarina, F|45/100
|-damage|p1a: Primarina|32/100|[from] Stealth Rock
|move|p2a: Raging Bolt|Draco Meteor|p1a: Primarina
|-immune|p1a: Primarina
|
|upkeep
|turn|26
|
|t:|1743825745
|move|p2a: Raging Bolt|Volt Switch|p1a: Primarina
|-supereffective|p1a: Primarina
|-damage|p1a: Primarina|0 fnt
|faint|p1a: Primarina
|
|t:|1743825747
|-end|p2a: Raging Bolt|Protosynthesis|[silent]
|switch|p2a: Garganacl|Garganacl, F, tera:Water|92/100|[from] Volt Switch
|
|upkeep
|
|t:|1743825749
|switch|p1a: Hydreigon|Hydreigon, F|22/100 par
|-damage|p1a: Hydreigon|9/100 par|[from] Stealth Rock
|turn|27
|
|t:|1743825752
|move|p1a: Hydreigon|Draco Meteor|p2a: Garganacl
|-damage|p2a: Garganacl|11/100
|-unboost|p1a: Hydreigon|spa|2
|move|p2a: Garganacl|Recover|p2a: Garganacl
|-heal|p2a: Garganacl|61/100
|
|upkeep
|turn|28
|
|t:|1743825756
|cant|p1a: Hydreigon|par
|move|p2a: Garganacl|Recover|p2a: Garganacl
|-heal|p2a: Garganacl|100/100
|
|upkeep
|turn|29
|
|t:|1743825760
|move|p1a: Hydreigon|Draco Meteor|p2a: Garganacl
|-damage|p2a: Garganacl|59/100
|-unboost|p1a: Hydreigon|spa|2
|move|p2a: Garganacl|Body Press|p1a: Hydreigon
|-supereffective|p1a: Hydreigon
|-damage|p1a: Hydreigon|0 fnt
|faint|p1a: Hydreigon
|
|upkeep
|
|t:|1743825763
|switch|p1a: Landorus|Landorus-Therian, M|88/100
|-damage|p1a: Landorus|76/100|[from] Stealth Rock
|-ability|p1a: Landorus|Intimidate|boost
|-unboost|p2a: Garganacl|atk|1
|turn|30
|
|t:|1743825766
|move|p1a: Landorus|Earthquake|p2a: Garganacl
|-damage|p2a: Garganacl|16/100
|move|p2a: Garganacl|Body Press|p1a: Landorus
|-resisted|p1a: Landorus
|-damage|p1a: Landorus|59/100
|
|upkeep
|turn|31
|
|t:|1743825772
|move|p1a: Landorus|Earthquake|p2a: Garganacl
|-damage|p2a: Garganacl|0 fnt
|faint|p2a: Garganacl
|
|upkeep
|
|t:|1743825774
|switch|p2a: Raging Bolt|Raging Bolt|67/100
|turn|32
|
|t:|1743825778
|move|p1a: Landorus|Earthquake|p2a: Raging Bolt
|-supereffective|p2a: Raging Bolt
|-damage|p2a: Raging Bolt|0 fnt
|faint|p2a: Raging Bolt
|-end|p2a: Raging Bolt|Protosynthesis|[silent]
|
|win|Hardencongafas
|raw|Hardencongafas's rating: 1429 &rarr; <strong>1457</strong><br />(+28 for winning)
|raw|showbegin's rating: 1572 &rarr; <strong>1544</strong><br />(-28 for losing)
|l|☆showbegin
|player|p2|
|l|☆Hardencongafas
|player|p1|
