|j|☆UltraAero
|j|☆carlthebirder
|t:|1743791487
|gametype|singles
|player|p1|UltraAero|dawn-gen4pt|1092
|player|p2|carlthebirder|swimmer-gen4dp|1087
|teamsize|p1|6
|teamsize|p2|6
|gen|9
|tier|[Gen 9] OU
|rated|
|rule|HP Percentage Mod: HP is shown in percentages
|rule|Endless Battle Clause: Forcing endless battles is banned
|rule|Species Clause: Limit one of each Pokémon
|rule|OHKO Clause: OHKO moves are banned
|rule|Evasion Items Clause: Evasion items are banned
|rule|Evasion Moves Clause: Evasion moves are banned
|rule|Sleep Moves Clause: Sleep-inducing moves are banned
|clearpoke
|poke|p1|Cinderace, M|
|poke|p1|Zapdos-Galar|
|poke|p1|Gogoat, M|
|poke|p1|Vaporeon, F|
|poke|p1|Iron Valiant|
|poke|p1|Gliscor, M|
|poke|p2|Araquanid, M|
|poke|p2|Zoroark-Hisui, F|
|poke|p2|Electivire, F|
|poke|p2|Venomoth, M|
|poke|p2|Excadrill, F|
|poke|p2|Lokix, F|
|teampreview
|
|t:|1743791494
|start
|switch|p1a: Cinderace|Cinderace, M|100/100
|switch|p2a: Araquanid|Araquanid, M|100/100
|turn|1
|
|t:|1743791498
|move|p1a: Cinderace|U-turn|p2a: Araquanid
|-start|p1a: Cinderace|typechange|Bug|[from] ability: Libero
|-crit|p2a: Araquanid
|-damage|p2a: Araquanid|45/100
|
|t:|1743791503
|switch|p1a: Zapdos|Zapdos-Galar|100/100|[from] U-turn
|move|p2a: Araquanid|Sticky Web|p1a: Zapdos
|-sidestart|p1: UltraAero|move: Sticky Web
|
|-heal|p2a: Araquanid|51/100|[from] item: Leftovers
|upkeep
|turn|2
|
|t:|1743791509
|move|p1a: Zapdos|Trailblaze|p2a: Araquanid
|-damage|p2a: Araquanid|32/100
|-boost|p1a: Zapdos|spe|1
|move|p2a: Araquanid|Liquidation|p1a: Zapdos
|-damage|p1a: Zapdos|28/100
|
|-heal|p2a: Araquanid|39/100|[from] item: Leftovers
|upkeep
|turn|3
|
|t:|1743791518
|move|p1a: Zapdos|Acrobatics|p2a: Araquanid
|-supereffective|p2a: Araquanid
|-damage|p2a: Araquanid|0 fnt
|faint|p2a: Araquanid
|
|upkeep
|
|t:|1743791525
|switch|p2a: Lokix|Lokix, F|100/100
|turn|4
|
|t:|1743791534
|move|p2a: Lokix|First Impression|p1a: Zapdos
|-resisted|p1a: Zapdos
|-damage|p1a: Zapdos|0 fnt
|faint|p1a: Zapdos
|-damage|p2a: Lokix|91/100|[from] item: Life Orb
|
|upkeep
|
|t:|1743791541
|switch|p1a: Gogoat|Gogoat, M|100/100
|turn|5
|
|t:|1743791549
|-terastallize|p1a: Gogoat|Fire
|move|p2a: Lokix|U-turn|p1a: Gogoat
|-resisted|p1a: Gogoat
|-damage|p1a: Gogoat|54/100
|-damage|p2a: Lokix|81/100|[from] item: Life Orb
|
|t:|1743791558
|switch|p2a: Electivire|Electivire, F|100/100|[from] U-turn
|move|p1a: Gogoat|Rock Slide|p2a: Electivire
|-damage|p2a: Electivire|60/100
|
|upkeep
|turn|6
|
|t:|1743791564
|move|p2a: Electivire|Supercell Slam|p1a: Gogoat
|-damage|p1a: Gogoat|0 fnt
|faint|p1a: Gogoat
|-damage|p2a: Electivire|50/100|[from] item: Life Orb
|
|upkeep
|
|t:|1743791568
|switch|p1a: Gliscor|Gliscor, M|100/100
|turn|7
|
|t:|1743791572
|-terastallize|p2a: Electivire|Flying
|move|p2a: Electivire|Ice Punch|p1a: Gliscor
|-supereffective|p1a: Gliscor
|-damage|p1a: Gliscor|14/100
|-damage|p2a: Electivire|40/100|[from] item: Life Orb
|move|p1a: Gliscor|Earthquake|p2a: Electivire
|-immune|p2a: Electivire
|
|-status|p1a: Gliscor|tox|[from] item: Toxic Orb
|upkeep
|turn|8
|
|t:|1743791585
|switch|p1a: Vaporeon|Vaporeon, F|100/100
|-activate|p1a: Vaporeon|move: Sticky Web
|-unboost|p1a: Vaporeon|spe|1
|move|p2a: Electivire|Ice Punch|p1a: Vaporeon
|-resisted|p1a: Vaporeon
|-damage|p1a: Vaporeon|81/100
|-damage|p2a: Electivire|30/100|[from] item: Life Orb
|
|-heal|p1a: Vaporeon|87/100|[from] item: Leftovers
|upkeep
|turn|9
|inactive|Battle timer is ON: inactive players will automatically lose when time's up. (requested by UltraAero)
|
|t:|1743791599
|switch|p1a: Gliscor|Gliscor, M|14/100 tox
|move|p2a: Electivire|Supercell Slam|p1a: Gliscor
|-immune|p1a: Gliscor
|-damage|p2a: Electivire|0 fnt|[from] supercellslam
|faint|p2a: Electivire
|
|-heal|p1a: Gliscor|26/100 tox|[from] ability: Poison Heal
|upkeep
|
|t:|1743791608
|switch|p2a: Venomoth|Venomoth, M|100/100
|turn|10
|
|t:|1743791613
|move|p2a: Venomoth|Bug Buzz|p1a: Gliscor
|-resisted|p1a: Gliscor
|-damage|p1a: Gliscor|0 fnt
|faint|p1a: Gliscor
|
|upkeep
|
|t:|1743791619
|switch|p1a: Cinderace|Cinderace, M|100/100
|-activate|p1a: Cinderace|move: Sticky Web
|-unboost|p1a: Cinderace|spe|1
|turn|11
|
|t:|1743791623
|move|p2a: Venomoth|Quiver Dance|p2a: Venomoth
|-boost|p2a: Venomoth|spa|1
|-boost|p2a: Venomoth|spd|1
|-boost|p2a: Venomoth|spe|1
|move|p1a: Cinderace|Pyro Ball|p2a: Venomoth
|-supereffective|p2a: Venomoth
|-damage|p2a: Venomoth|0 fnt
|faint|p2a: Venomoth
|
|upkeep
|
|t:|1743791627
|switch|p2a: Excadrill|Excadrill, F|100/100
|turn|12
|
|t:|1743791637
|switch|p1a: Vaporeon|Vaporeon, F|87/100
|-activate|p1a: Vaporeon|move: Sticky Web
|-unboost|p1a: Vaporeon|spe|1
|move|p2a: Excadrill|Bitter Malice|p1a: Vaporeon
|-damage|p1a: Vaporeon|43/100
|-unboost|p1a: Vaporeon|atk|1
|
|-heal|p1a: Vaporeon|49/100|[from] item: Leftovers
|upkeep
|turn|13
|
|t:|1743791651
|move|p2a: Excadrill|Bitter Malice|p1a: Vaporeon
|-damage|p1a: Vaporeon|2/100
|-unboost|p1a: Vaporeon|atk|1
|move|p1a: Vaporeon|Surf|p2a: Excadrill
|-damage|p2a: Excadrill|4/100
|replace|p2a: Zoroark|Zoroark-Hisui, F
|-end|p2a: Zoroark|Illusion
|
|-heal|p1a: Vaporeon|8/100|[from] item: Leftovers
|upkeep
|turn|14
|
|t:|1743791667
|move|p2a: Zoroark|Bitter Malice|p1a: Vaporeon
|-damage|p1a: Vaporeon|0 fnt
|faint|p1a: Vaporeon
|
|upkeep
|
|t:|1743791672
|switch|p1a: Cinderace|Cinderace, M|100/100
|-activate|p1a: Cinderace|move: Sticky Web
|-unboost|p1a: Cinderace|spe|1
|turn|15
|
|t:|1743791676
|move|p1a: Cinderace|Sucker Punch|p2a: Zoroark
|-start|p1a: Cinderace|typechange|Dark|[from] ability: Libero
|-supereffective|p2a: Zoroark
|-damage|p2a: Zoroark|0 fnt
|faint|p2a: Zoroark
|
|upkeep
|
|t:|1743791679
|switch|p2a: Lokix|Lokix, F|81/100
|turn|16
|
|t:|1743791684
|switch|p1a: Iron Valiant|Iron Valiant|100/100
|-activate|p1a: Iron Valiant|move: Sticky Web
|-unboost|p1a: Iron Valiant|spe|1
|-enditem|p1a: Iron Valiant|Booster Energy
|-activate|p1a: Iron Valiant|ability: Quark Drive|[fromitem]
|-start|p1a: Iron Valiant|quarkdriveatk
|move|p2a: Lokix|First Impression|p1a: Iron Valiant
|-resisted|p1a: Iron Valiant
|-damage|p1a: Iron Valiant|67/100
|-damage|p2a: Lokix|71/100|[from] item: Life Orb
|
|upkeep
|turn|17
|
|t:|1743791698
|switch|p2a: Excadrill|Excadrill, F|100/100
|-ability|p2a: Excadrill|Mold Breaker
|move|p1a: Iron Valiant|Close Combat|p2a: Excadrill
|-supereffective|p2a: Excadrill
|-damage|p2a: Excadrill|0 fnt
|-unboost|p1a: Iron Valiant|def|1
|-unboost|p1a: Iron Valiant|spd|1
|faint|p2a: Excadrill
|
|upkeep
|-message|carlthebirder forfeited.
|
|win|UltraAero
|raw|UltraAero's rating: 1092 &rarr; <strong>1118</strong><br />(+26 for winning)
|raw|carlthebirder's rating: 1087 &rarr; <strong>1064</strong><br />(-23 for losing)
|l|☆carlthebirder
|player|p2|
|l|☆UltraAero
|player|p1|
