|j|☆maractus' no1 fan
|j|☆aquy
|t:|1743801672
|gametype|singles
|player|p1|maractus' no1 fan|pokemonbreeder-gen4|1560
|player|p2|aquy|101|1621
|teamsize|p1|6
|teamsize|p2|6
|gen|9
|tier|[Gen 9] OU
|rated|
|rule|HP Percentage Mod: HP is shown in percentages
|rule|Endless Battle Clause: Forcing endless battles is banned
|rule|Species Clause: Limit one of each Pokémon
|rule|OHKO Clause: OHKO moves are banned
|rule|Evasion Items Clause: Evasion items are banned
|rule|Evasion Moves Clause: Evasion moves are banned
|rule|Sleep Moves Clause: Sleep-inducing moves are banned
|clearpoke
|poke|p1|Blastoise, M|
|poke|p1|Pelipper, M|
|poke|p1|Dragapult, F|
|poke|p1|Latias, F|
|poke|p1|Azumarill, F|
|poke|p1|Iron Treads|
|poke|p2|Zamazenta-*|
|poke|p2|Ogerpon-Wellspring, F|
|poke|p2|Slowking-Galar, F|
|poke|p2|Great Tusk|
|poke|p2|Kingambit, M|
|poke|p2|Zapdos|
|teampreview
|inactive|Battle timer is ON: inactive players will automatically lose when time's up. (requested by aquy)
|
|t:|1743801688
|start
|switch|p1a: Iron Treads|Iron Treads|100/100
|switch|p2a: Zapdos|Zapdos|100/100
|turn|1
|
|t:|1743801696
|move|p1a: Iron Treads|Stealth Rock|p2a: Zapdos
|-sidestart|p2: aquy|move: Stealth Rock
|move|p2a: Zapdos|Hurricane|p1a: Iron Treads
|-resisted|p1a: Iron Treads
|-crit|p1a: Iron Treads
|-damage|p1a: Iron Treads|56/100
|
|-heal|p1a: Iron Treads|62/100|[from] item: Leftovers
|upkeep
|turn|2
|
|t:|1743801707
|move|p1a: Iron Treads|Knock Off|p2a: Zapdos
|-crit|p2a: Zapdos
|-damage|p2a: Zapdos|70/100
|-status|p1a: Iron Treads|par|[from] ability: Static|[of] p2a: Zapdos
|-enditem|p2a: Zapdos|Heavy-Duty Boots|[from] move: Knock Off|[of] p1a: Iron Treads
|move|p2a: Zapdos|Hurricane|p1a: Iron Treads
|-resisted|p1a: Iron Treads
|-damage|p1a: Iron Treads|31/100 par
|
|-heal|p1a: Iron Treads|37/100 par|[from] item: Leftovers
|upkeep
|turn|3
|
|t:|1743801716
|move|p2a: Zapdos|Hurricane|p1a: Iron Treads
|-resisted|p1a: Iron Treads
|-damage|p1a: Iron Treads|5/100 par
|move|p1a: Iron Treads|Knock Off|p2a: Zapdos
|-damage|p2a: Zapdos|55/100
|
|-heal|p1a: Iron Treads|11/100 par|[from] item: Leftovers
|upkeep
|turn|4
|
|t:|1743801721
|move|p2a: Zapdos|Roost|p2a: Zapdos
|-heal|p2a: Zapdos|100/100
|-singleturn|p2a: Zapdos|move: Roost
|cant|p1a: Iron Treads|par
|
|-heal|p1a: Iron Treads|18/100 par|[from] item: Leftovers
|upkeep
|turn|5
|
|t:|1743801726
|move|p2a: Zapdos|Hurricane|p1a: Iron Treads|[miss]
|-miss|p2a: Zapdos|p1a: Iron Treads
|move|p1a: Iron Treads|Knock Off|p2a: Zapdos
|-damage|p2a: Zapdos|85/100
|
|-heal|p1a: Iron Treads|24/100 par|[from] item: Leftovers
|upkeep
|turn|6
|
|t:|1743801728
|move|p2a: Zapdos|Hurricane|p1a: Iron Treads
|-resisted|p1a: Iron Treads
|-damage|p1a: Iron Treads|0 fnt
|faint|p1a: Iron Treads
|-end|p1a: Iron Treads|Quark Drive|[silent]
|
|upkeep
|
|t:|1743801740
|switch|p1a: Latias|Latias, F|100/100
|turn|7
|
|t:|1743801743
|move|p1a: Latias|Agility|p1a: Latias
|-boost|p1a: Latias|spe|2
|move|p2a: Zapdos|Thunder Wave|p1a: Latias
|-status|p1a: Latias|par
|
|upkeep
|turn|8
|
|t:|1743801749
|cant|p1a: Latias|par
|move|p2a: Zapdos|Volt Switch|p1a: Latias
|-resisted|p1a: Latias
|-damage|p1a: Latias|89/100 par
|
|t:|1743801755
|switch|p2a: Kingambit|Kingambit, M|100/100|[from] Volt Switch
|-damage|p2a: Kingambit|94/100|[from] Stealth Rock
|
|-heal|p2a: Kingambit|100/100|[from] item: Leftovers
|upkeep
|turn|9
|
|t:|1743801760
|cant|p1a: Latias|par
|move|p2a: Kingambit|Kowtow Cleave|p1a: Latias
|-supereffective|p1a: Latias
|-damage|p1a: Latias|15/100 par
|
|upkeep
|turn|10
|
|t:|1743801766
|move|p2a: Kingambit|Sucker Punch|p1a: Latias
|-supereffective|p1a: Latias
|-damage|p1a: Latias|0 fnt
|faint|p1a: Latias
|
|upkeep
|
|t:|1743801770
|switch|p1a: Pelipper|Pelipper, M|100/100
|-weather|RainDance|[from] ability: Drizzle|[of] p1a: Pelipper
|turn|11
|
|t:|1743801775
|-end|p2a: Kingambit|fallenundefined|[silent]
|switch|p2a: Slowking|Slowking-Galar, F|100/100
|-damage|p2a: Slowking|88/100|[from] Stealth Rock
|move|p1a: Pelipper|U-turn|p2a: Slowking
|-damage|p2a: Slowking|78/100
|
|t:|1743801793
|switch|p1a: Blastoise|Blastoise, M|100/100|[from] U-turn
|
|-weather|RainDance|[upkeep]
|upkeep
|turn|12
|
|t:|1743801800
|move|p1a: Blastoise|Shell Smash|p1a: Blastoise
|-unboost|p1a: Blastoise|def|1
|-unboost|p1a: Blastoise|spd|1
|-boost|p1a: Blastoise|atk|2
|-boost|p1a: Blastoise|spa|2
|-boost|p1a: Blastoise|spe|2
|move|p2a: Slowking|Sludge Bomb|p1a: Blastoise
|-damage|p1a: Blastoise|37/100
|
|-weather|RainDance|[upkeep]
|-heal|p1a: Blastoise|43/100|[from] ability: Rain Dish
|-heal|p1a: Blastoise|49/100|[from] item: Leftovers
|upkeep
|turn|13
|
|t:|1743801809
|move|p1a: Blastoise|Wave Crash|p2a: Slowking
|-damage|p2a: Slowking|0 fnt
|faint|p2a: Slowking
|-damage|p1a: Blastoise|17/100|[from] Recoil
|
|-weather|RainDance|[upkeep]
|-heal|p1a: Blastoise|23/100|[from] ability: Rain Dish
|-heal|p1a: Blastoise|29/100|[from] item: Leftovers
|upkeep
|
|t:|1743801819
|switch|p2a: Ogerpon|Ogerpon-Wellspring, F|100/100
|-damage|p2a: Ogerpon|88/100|[from] Stealth Rock
|turn|14
|
|t:|1743801843
|-terastallize|p1a: Blastoise|Ice
|move|p1a: Blastoise|Ice Spinner|p2a: Ogerpon
|-damage|p2a: Ogerpon|8/100
|move|p2a: Ogerpon|Knock Off|p1a: Blastoise
|-damage|p1a: Blastoise|0 fnt
|-enditem|p1a: Blastoise|Leftovers|[from] move: Knock Off|[of] p2a: Ogerpon
|faint|p1a: Blastoise
|
|-weather|RainDance|[upkeep]
|upkeep
|
|t:|1743801852
|switch|p1a: Dragapult|Dragapult, F|100/100
|turn|15
|
|t:|1743801856
|switch|p2a: Kingambit|Kingambit, M|100/100
|-damage|p2a: Kingambit|94/100|[from] Stealth Rock
|-activate|p2a: Kingambit|ability: Supreme Overlord
|-start|p2a: Kingambit|fallen1|[silent]
|move|p1a: Dragapult|U-turn|p2a: Kingambit
|-damage|p2a: Kingambit|81/100
|
|t:|1743801860
|switch|p1a: Pelipper|Pelipper, M|100/100|[from] U-turn
|
|-weather|RainDance|[upkeep]
|-heal|p2a: Kingambit|87/100|[from] item: Leftovers
|upkeep
|turn|16
|
|t:|1743801863
|move|p2a: Kingambit|Swords Dance|p2a: Kingambit
|-boost|p2a: Kingambit|atk|2
|move|p1a: Pelipper|Weather Ball|p2a: Kingambit
|-damage|p2a: Kingambit|36/100
|
|-weather|RainDance|[upkeep]
|-heal|p2a: Kingambit|42/100|[from] item: Leftovers
|upkeep
|turn|17
|
|t:|1743801867
|move|p2a: Kingambit|Kowtow Cleave|p1a: Pelipper
|-damage|p1a: Pelipper|14/100
|move|p1a: Pelipper|Weather Ball|p2a: Kingambit
|-damage|p2a: Kingambit|0 fnt
|faint|p2a: Kingambit
|-end|p2a: Kingambit|fallen1|[silent]
|
|-weather|RainDance|[upkeep]
|upkeep
|
|t:|1743801876
|switch|p2a: Great Tusk|Great Tusk, shiny|100/100
|turn|18
|
|t:|1743801884
|switch|p1a: Dragapult|Dragapult, F|100/100
|move|p2a: Great Tusk|Rapid Spin|p1a: Dragapult
|-immune|p1a: Dragapult
|
|-weather|none
|upkeep
|turn|19
|l|☆maractus' no1 fan
|inactive|maractus' no1 fan disconnected and has a minute to reconnect!
|player|p1|
|j|☆maractus' no1 fan
|inactive|maractus' no1 fan reconnected and has 115 seconds left.
|player|p1|maractus' no1 fan|pokemonbreeder-gen4|
|
|t:|1743801926
|move|p1a: Dragapult|Draco Meteor|p2a: Great Tusk
|-damage|p2a: Great Tusk|0 fnt
|-unboost|p1a: Dragapult|spa|2
|faint|p2a: Great Tusk
|-end|p2a: Great Tusk|Protosynthesis|[silent]
|
|upkeep
|
|t:|1743801930
|switch|p2a: Zamazenta|Zamazenta|100/100
|-damage|p2a: Zamazenta|94/100|[from] Stealth Rock
|-ability|p2a: Zamazenta|Dauntless Shield|boost
|-boost|p2a: Zamazenta|def|1
|turn|20
|
|t:|1743801935
|switch|p1a: Pelipper|Pelipper, M|14/100
|-weather|RainDance|[from] ability: Drizzle|[of] p1a: Pelipper
|move|p2a: Zamazenta|Stone Edge|p1a: Pelipper
|-supereffective|p1a: Pelipper
|-damage|p1a: Pelipper|0 fnt
|faint|p1a: Pelipper
|
|-weather|RainDance|[upkeep]
|upkeep
|
|t:|1743801941
|switch|p1a: Azumarill|Azumarill, F|100/100
|turn|21
|j| ASilentKingambitX
|
|t:|1743801945
|switch|p2a: Ogerpon|Ogerpon-Wellspring, F|8/100
|-damage|p2a: Ogerpon|0 fnt|[from] Stealth Rock
|faint|p2a: Ogerpon
|move|p1a: Azumarill|Belly Drum|p1a: Azumarill
|-damage|p1a: Azumarill|50/100
|-setboost|p1a: Azumarill|atk|6|[from] move: Belly Drum
|-enditem|p1a: Azumarill|Sitrus Berry|[eat]
|-heal|p1a: Azumarill|75/100|[from] item: Sitrus Berry
|
|-weather|RainDance|[upkeep]
|upkeep
|
|t:|1743801948
|switch|p2a: Zapdos|Zapdos|85/100
|-damage|p2a: Zapdos|60/100|[from] Stealth Rock
|turn|22
|l| ASilentKingambitX
|
|t:|1743801957
|-terastallize|p2a: Zapdos|Grass
|move|p1a: Azumarill|Aqua Jet|p2a: Zapdos
|-resisted|p2a: Zapdos
|-crit|p2a: Zapdos
|-damage|p2a: Zapdos|0 fnt
|faint|p2a: Zapdos
|
|-weather|RainDance|[upkeep]
|upkeep
|-message|aquy forfeited.
|
|win|maractus' no1 fan
|raw|maractus&apos; no1 fan's rating: 1560 &rarr; <strong>1583</strong><br />(+23 for winning)
|raw|aquy's rating: 1621 &rarr; <strong>1598</strong><br />(-23 for losing)
|l|☆aquy
|player|p2|
|l|☆maractus' no1 fan
|player|p1|
|j|☆aquy
|player|p2|aquy|101|
|l|☆aquy
|player|p2|
