|j|☆tap water gang
|j|☆aex27
|t:|1743897266
|gametype|singles
|player|p1|tap water gang|sage-gen2jp|1405
|player|p2|aex27|cynthia-gen4|1468
|teamsize|p1|6
|teamsize|p2|6
|gen|9
|tier|[Gen 9] OU
|rated|
|rule|HP Percentage Mod: HP is shown in percentages
|rule|Endless Battle Clause: Forcing endless battles is banned
|rule|Species Clause: Limit one of each Pokémon
|rule|OHKO Clause: OHKO moves are banned
|rule|Evasion Items Clause: Evasion items are banned
|rule|Evasion Moves Clause: Evasion moves are banned
|rule|Sleep Moves Clause: Sleep-inducing moves are banned
|clearpoke
|poke|p1|Gholdengo|
|poke|p1|Ogerpon-Wellspring, F|
|poke|p1|Zapdos|
|poke|p1|Kyurem|
|poke|p1|Pecharunt|
|poke|p1|Clefable, M|
|poke|p2|Enamorus, F|
|poke|p2|Ribombee, F|
|poke|p2|Gholdengo|
|poke|p2|Landorus-Therian, M|
|poke|p2|Serperior, M|
|poke|p2|Dragapult, M|
|teampreview
|
|t:|1743897281
|start
|switch|p1a: Gholdengo|Gholdengo|100/100
|switch|p2a: Ribombee|Ribombee, F|100/100
|turn|1
|
|t:|1743897283
|move|p2a: Ribombee|Sticky Web|p1a: Gholdengo
|-sidestart|p1: tap water gang|move: Sticky Web
|move|p1a: Gholdengo|Shadow Ball|p2a: Ribombee
|-enditem|p2a: Ribombee|Focus Sash
|-damage|p2a: Ribombee|1/100
|
|upkeep
|turn|2
|
|t:|1743897286
|move|p2a: Ribombee|Moonblast|p1a: Gholdengo
|-resisted|p1a: Gholdengo
|-damage|p1a: Gholdengo|77/100
|-unboost|p1a: Gholdengo|spa|1
|move|p1a: Gholdengo|Shadow Ball|p2a: Ribombee
|-damage|p2a: Ribombee|0 fnt
|faint|p2a: Ribombee
|
|upkeep
|
|t:|1743897296
|switch|p2a: Landorus|Landorus-Therian, M|100/100
|-ability|p2a: Landorus|Intimidate|boost
|-unboost|p1a: Gholdengo|atk|1
|turn|3
|
|t:|1743897299
|switch|p1a: Zapdos|Zapdos|100/100
|move|p2a: Landorus|Stealth Rock|p1a: Zapdos
|-sidestart|p1: tap water gang|move: Stealth Rock
|
|upkeep
|turn|4
|
|t:|1743897313
|switch|p2a: Gholdengo|Gholdengo|100/100
|-item|p2a: Gholdengo|Air Balloon
|move|p1a: Zapdos|Hurricane|p2a: Gholdengo|[miss]
|-miss|p1a: Zapdos|p2a: Gholdengo
|
|upkeep
|turn|5
|
|t:|1743897320
|move|p1a: Zapdos|Heat Wave|p2a: Gholdengo
|-supereffective|p2a: Gholdengo
|-damage|p2a: Gholdengo|0 fnt
|-enditem|p2a: Gholdengo|Air Balloon
|faint|p2a: Gholdengo
|-damage|p1a: Zapdos|91/100|[from] item: Life Orb
|
|upkeep
|
|t:|1743897336
|switch|p2a: Dragapult|Dragapult, M|100/100
|turn|6
|
|t:|1743897339
|move|p2a: Dragapult|Dragon Darts|p1a: Zapdos
|-damage|p1a: Zapdos|58/100
|-anim|p2a: Dragapult|Dragon Darts|p1a: Zapdos
|-damage|p1a: Zapdos|27/100
|move|p1a: Zapdos|Hurricane|p2a: Dragapult
|-damage|p2a: Dragapult|0 fnt
|faint|p2a: Dragapult
|-damage|p1a: Zapdos|17/100|[from] item: Life Orb
|
|upkeep
|
|t:|1743897350
|switch|p2a: Enamorus|Enamorus, F|100/100
|turn|7
|inactive|Battle timer is ON: inactive players will automatically lose when time's up. (requested by aex27)
|
|t:|1743897356
|-terastallize|p2a: Enamorus|Stellar
|move|p2a: Enamorus|Tera Blast|p1a: Zapdos|[anim] Tera Blast Stellar
|-damage|p1a: Zapdos|0 fnt
|-boost|p2a: Enamorus|atk|1
|-boost|p2a: Enamorus|spa|1
|faint|p1a: Zapdos
|
|upkeep
|
|t:|1743897363
|switch|p1a: Ogerpon|Ogerpon-Wellspring, F|100/100
|-activate|p1a: Ogerpon|move: Sticky Web
|-unboost|p1a: Ogerpon|spe|1
|-damage|p1a: Ogerpon|88/100|[from] Stealth Rock
|turn|8
|
|t:|1743897366
|-terastallize|p1a: Ogerpon|Water
|detailschange|p1a: Ogerpon|Ogerpon-Wellspring-Tera, F, tera:Water
|-ability|p1a: Ogerpon|Embody Aspect (Wellspring)|boost
|-boost|p1a: Ogerpon|spd|1
|move|p2a: Enamorus|Tera Blast|p1a: Ogerpon|[anim] Tera Blast Stellar
|-supereffective|p1a: Ogerpon
|-damage|p1a: Ogerpon|0 fnt
|-boost|p2a: Enamorus|atk|1
|-boost|p2a: Enamorus|spa|1
|faint|p1a: Ogerpon
|
|upkeep
|
|t:|1743897369
|switch|p1a: Pecharunt|Pecharunt|100/100
|turn|9
|
|t:|1743897376
|move|p2a: Enamorus|Tera Blast|p1a: Pecharunt|[anim] Tera Blast Stellar
|-damage|p1a: Pecharunt|0 fnt
|-boost|p2a: Enamorus|atk|1
|-boost|p2a: Enamorus|spa|1
|faint|p1a: Pecharunt
|
|upkeep
|
|t:|1743897379
|switch|p1a: Clefable|Clefable, M|100/100
|-activate|p1a: Clefable|move: Sticky Web
|-unboost|p1a: Clefable|spe|1
|turn|10
|
|t:|1743897381
|move|p2a: Enamorus|Tera Blast|p1a: Clefable|[anim] Tera Blast Stellar
|-damage|p1a: Clefable|0 fnt
|-boost|p2a: Enamorus|atk|1
|-boost|p2a: Enamorus|spa|1
|faint|p1a: Clefable
|
|upkeep
|
|t:|1743897383
|switch|p1a: Gholdengo|Gholdengo|77/100
|-activate|p1a: Gholdengo|move: Sticky Web
|-unboost|p1a: Gholdengo|spe|1
|-damage|p1a: Gholdengo|71/100|[from] Stealth Rock
|turn|11
|
|t:|1743897384
|move|p2a: Enamorus|Tera Blast|p1a: Gholdengo|[anim] Tera Blast Stellar
|-damage|p1a: Gholdengo|0 fnt
|-boost|p2a: Enamorus|atk|1
|-boost|p2a: Enamorus|spa|1
|faint|p1a: Gholdengo
|
|upkeep
|
|t:|1743897386
|switch|p1a: Kyurem|Kyurem|100/100
|-ability|p1a: Kyurem|Pressure
|turn|12
|
|t:|1743897388
|move|p2a: Enamorus|Tera Blast|p1a: Kyurem|[anim] Tera Blast Stellar
|-damage|p1a: Kyurem|0 fnt
|-boost|p2a: Enamorus|atk|1
|-boost|p2a: Enamorus|spa|1
|faint|p1a: Kyurem
|
|win|aex27
|raw|tap water gang's rating: 1405 &rarr; <strong>1389</strong><br />(-16 for losing)
|raw|aex27's rating: 1468 &rarr; <strong>1484</strong><br />(+16 for winning)
|l|☆tap water gang
|player|p1|
|c|☆aex27|Gg
