|j|☆MY爱莉希雅SAMA
|j|☆O FBI
|t:|1743862999
|gametype|singles
|player|p1|MY爱莉希雅SAMA|lacey|1576
|player|p2|O FBI|harlequin|1605
|teamsize|p1|6
|teamsize|p2|6
|gen|9
|tier|[Gen 9] OU
|rated|
|rule|HP Percentage Mod: HP is shown in percentages
|rule|Endless Battle Clause: Forcing endless battles is banned
|rule|Species Clause: Limit one of each Pokémon
|rule|OHKO Clause: OHKO moves are banned
|rule|Evasion Items Clause: Evasion items are banned
|rule|Evasion Moves Clause: Evasion moves are banned
|rule|Sleep Moves Clause: Sleep-inducing moves are banned
|clearpoke
|poke|p1|Glimmora, M|
|poke|p1|Zamazenta-*|
|poke|p1|Latias, F|
|poke|p1|Gholdengo|
|poke|p1|Dragonite, F|
|poke|p1|Weavile, F|
|poke|p2|Deoxys-Speed|
|poke|p2|Kyurem|
|poke|p2|Dragonite, M|
|poke|p2|Kingambit, F|
|poke|p2|Iron Valiant|
|poke|p2|Raging Bolt|
|teampreview
|inactive|Battle timer is ON: inactive players will automatically lose when time's up. (requested by O FBI)
|
|t:|1743863006
|start
|switch|p1a: Weavile|Weavile, F|100/100
|switch|p2a: Deoxys|Deoxys-Speed|100/100
|-ability|p2a: Deoxys|Pressure
|turn|1
|
|t:|1743863022
|switch|p1a: Glimmora|Glimmora, M|100/100
|move|p2a: Deoxys|Superpower|p1a: Glimmora
|-damage|p1a: Glimmora|74/100
|-unboost|p2a: Deoxys|atk|1
|-unboost|p2a: Deoxys|def|1
|-activate|p1a: Glimmora|ability: Toxic Debris
|-sidestart|p2: O FBI|move: Toxic Spikes
|-enditem|p1a: Glimmora|Red Card|[of] p2a: Deoxys
|drag|p2a: Kyurem|Kyurem|100/100
|-status|p2a: Kyurem|psn
|-ability|p2a: Kyurem|Pressure
|
|-damage|p2a: Kyurem|88/100 psn|[from] psn
|upkeep
|turn|2
|
|t:|1743863036
|move|p2a: Kyurem|Scale Shot|p1a: Glimmora
|-damage|p1a: Glimmora|62/100
|-activate|p1a: Glimmora|ability: Toxic Debris
|-sidestart|p2: O FBI|move: Toxic Spikes
|-damage|p1a: Glimmora|49/100
|-damage|p1a: Glimmora|36/100
|-damage|p1a: Glimmora|23/100
|-damage|p1a: Glimmora|10/100
|-hitcount|p1a: Glimmora|5
|-unboost|p2a: Kyurem|def|1
|-boost|p2a: Kyurem|spe|1
|move|p1a: Glimmora|Power Gem|p2a: Kyurem
|-supereffective|p2a: Kyurem
|-damage|p2a: Kyurem|21/100 psn
|
|-damage|p2a: Kyurem|8/100 psn|[from] psn
|upkeep
|turn|3
|
|t:|1743863046
|switch|p1a: Gholdengo|Gholdengo|100/100
|move|p2a: Kyurem|Icicle Spear|p1a: Gholdengo
|-resisted|p1a: Gholdengo
|-crit|p1a: Gholdengo
|-damage|p1a: Gholdengo|91/100
|-resisted|p1a: Gholdengo
|-damage|p1a: Gholdengo|85/100
|-resisted|p1a: Gholdengo
|-damage|p1a: Gholdengo|78/100
|-resisted|p1a: Gholdengo
|-damage|p1a: Gholdengo|72/100
|-hitcount|p1a: Gholdengo|4
|
|-damage|p2a: Kyurem|0 fnt|[from] psn
|faint|p2a: Kyurem
|upkeep
|
|t:|1743863049
|switch|p2a: Deoxys|Deoxys-Speed|100/100
|-status|p2a: Deoxys|tox
|-ability|p2a: Deoxys|Pressure
|turn|4
|
|t:|1743863055
|switch|p1a: Glimmora|Glimmora, M|10/100
|move|p2a: Deoxys|Stealth Rock|p1a: Glimmora
|-sidestart|p1: MY爱莉希雅SAMA|move: Stealth Rock
|
|-damage|p2a: Deoxys|95/100 tox|[from] psn
|upkeep
|turn|5
|
|t:|1743863058
|move|p2a: Deoxys|Psychic Noise|p1a: Glimmora
|-supereffective|p1a: Glimmora
|-damage|p1a: Glimmora|0 fnt
|faint|p1a: Glimmora
|
|-damage|p2a: Deoxys|83/100 tox|[from] psn
|upkeep
|
|t:|1743863062
|switch|p1a: Gholdengo|Gholdengo|72/100
|-damage|p1a: Gholdengo|66/100|[from] Stealth Rock
|turn|6
|
|t:|1743863064
|move|p2a: Deoxys|Knock Off|p1a: Gholdengo
|-supereffective|p1a: Gholdengo
|-damage|p1a: Gholdengo|27/100
|-enditem|p1a: Gholdengo|Custap Berry|[from] move: Knock Off|[of] p2a: Deoxys
|move|p1a: Gholdengo|Dazzling Gleam|p2a: Deoxys
|-damage|p2a: Deoxys|45/100 tox
|
|-damage|p2a: Deoxys|28/100 tox|[from] psn
|upkeep
|turn|7
|
|t:|1743863068
|move|p2a: Deoxys|Knock Off|p1a: Gholdengo
|-supereffective|p1a: Gholdengo
|-damage|p1a: Gholdengo|0 fnt
|faint|p1a: Gholdengo
|
|-damage|p2a: Deoxys|4/100 tox|[from] psn
|upkeep
|
|t:|1743863072
|switch|p1a: Dragonite|Dragonite, F|100/100
|turn|8
|
|t:|1743863081
|move|p2a: Deoxys|Psychic Noise|p1a: Dragonite
|-damage|p1a: Dragonite|87/100
|-start|p1a: Dragonite|move: Heal Block
|move|p1a: Dragonite|Dragon Dance|p1a: Dragonite
|-boost|p1a: Dragonite|atk|1
|-boost|p1a: Dragonite|spe|1
|
|-damage|p2a: Deoxys|0 fnt|[from] psn
|faint|p2a: Deoxys
|upkeep
|
|t:|1743863086
|switch|p2a: Dragonite|Dragonite, M|100/100
|turn|9
|
|t:|1743863092
|-terastallize|p1a: Dragonite|Normal
|move|p1a: Dragonite|Ice Spinner|p2a: Dragonite
|-supereffective|p2a: Dragonite
|-damage|p2a: Dragonite|0 fnt
|faint|p2a: Dragonite
|
|-end|p1a: Dragonite|move: Heal Block
|upkeep
|
|t:|1743863100
|switch|p2a: Kingambit|Kingambit, F|100/100
|-activate|p2a: Kingambit|ability: Supreme Overlord
|-start|p2a: Kingambit|fallen3|[silent]
|turn|10
|
|t:|1743863104
|move|p2a: Kingambit|Sucker Punch|p1a: Dragonite
|-damage|p1a: Dragonite|11/100
|move|p1a: Dragonite|Earthquake|p2a: Kingambit
|-supereffective|p2a: Kingambit
|-damage|p2a: Kingambit|0 fnt
|faint|p2a: Kingambit
|-end|p2a: Kingambit|fallen3|[silent]
|
|upkeep
|
|t:|1743863111
|switch|p2a: Iron Valiant|Iron Valiant|100/100
|-status|p2a: Iron Valiant|tox
|-enditem|p2a: Iron Valiant|Booster Energy
|-activate|p2a: Iron Valiant|ability: Quark Drive|[fromitem]
|-start|p2a: Iron Valiant|quarkdrivespa
|turn|11
|
|t:|1743863115
|-terastallize|p2a: Iron Valiant|Ghost
|move|p1a: Dragonite|Extreme Speed|p2a: Iron Valiant
|-immune|p2a: Iron Valiant
|move|p2a: Iron Valiant|Vacuum Wave|p1a: Dragonite
|-supereffective|p1a: Dragonite
|-damage|p1a: Dragonite|0 fnt
|faint|p1a: Dragonite
|
|-damage|p2a: Iron Valiant|94/100 tox|[from] psn
|upkeep
|
|t:|1743863122
|switch|p1a: Weavile|Weavile, F|100/100
|-damage|p1a: Weavile|76/100|[from] Stealth Rock
|turn|12
|
|t:|1743863124
|move|p2a: Iron Valiant|Vacuum Wave|p1a: Weavile
|-supereffective|p1a: Weavile
|-damage|p1a: Weavile|0 fnt
|faint|p1a: Weavile
|
|-damage|p2a: Iron Valiant|82/100 tox|[from] psn
|upkeep
|
|t:|1743863132
|switch|p1a: Latias|Latias, F|100/100
|-damage|p1a: Latias|88/100|[from] Stealth Rock
|turn|13
|
|t:|1743863137
|move|p2a: Iron Valiant|Moonblast|p1a: Latias
|-supereffective|p1a: Latias
|-damage|p1a: Latias|0 fnt
|faint|p1a: Latias
|
|-damage|p2a: Iron Valiant|63/100 tox|[from] psn
|upkeep
|
|t:|1743863140
|switch|p1a: Zamazenta|Zamazenta|100/100
|-damage|p1a: Zamazenta|94/100|[from] Stealth Rock
|-ability|p1a: Zamazenta|Dauntless Shield|boost
|-boost|p1a: Zamazenta|def|1
|turn|14
|
|t:|1743863143
|move|p1a: Zamazenta|Crunch|p2a: Iron Valiant
|-supereffective|p2a: Iron Valiant
|-damage|p2a: Iron Valiant|2/100 tox
|move|p2a: Iron Valiant|Moonblast|p1a: Zamazenta
|-supereffective|p1a: Zamazenta
|-damage|p1a: Zamazenta|0 fnt
|faint|p1a: Zamazenta
|
|win|O FBI
|raw|MY爱莉希雅SAMA's rating: 1576 &rarr; <strong>1558</strong><br />(-18 for losing)
|raw|O FBI's rating: 1605 &rarr; <strong>1623</strong><br />(+18 for winning)
|c|☆O FBI|GG
|l|☆MY爱莉希雅SAMA
|player|p1|
|l|☆O FBI
|player|p2|
