|j|☆me ded 4
|j|☆ianfer_15
|t:|1743887512
|gametype|singles
|player|p1|me ded 4|unknown|1137
|player|p2|ianfer_15|psychic|1172
|teamsize|p1|6
|teamsize|p2|6
|gen|9
|tier|[Gen 9] OU
|rated|
|rule|HP Percentage Mod: HP is shown in percentages
|rule|Endless Battle Clause: Forcing endless battles is banned
|rule|Species Clause: Limit one of each Pokémon
|rule|OHKO Clause: OHKO moves are banned
|rule|Evasion Items Clause: Evasion items are banned
|rule|Evasion Moves Clause: Evasion moves are banned
|rule|Sleep Moves Clause: Sleep-inducing moves are banned
|clearpoke
|poke|p1|Garganacl, F|
|poke|p1|Ogerpon-Wellspring, F|
|poke|p1|Gengar, F|
|poke|p1|Samurott-Hisui, M|
|poke|p1|Ditto|
|poke|p1|Landorus-Therian, M|
|poke|p2|Meowscarada, M|
|poke|p2|Pawmot, M|
|poke|p2|Tinkaton, F|
|poke|p2|Tauros-Paldea-Aqua, M|
|poke|p2|Maushold-Four|
|poke|p2|Armarouge, M|
|teampreview
|inactive|Battle timer is ON: inactive players will automatically lose when time's up. (requested by ianfer_15)
|inactive|me ded 4 also wants the timer to be on.
|
|t:|1743887536
|start
|switch|p1a: Tony|Landorus-Therian, M|100/100
|switch|p2a: Joker|Meowscarada, M|100/100
|-ability|p1a: Tony|Intimidate|boost
|-unboost|p2a: Joker|atk|1
|turn|1
|
|t:|1743887551
|switch|p1a: Wall Salt|Garganacl, F|100/100
|move|p2a: Joker|Triple Axel|p1a: Wall Salt
|-start|p2a: Joker|typechange|Ice|[from] ability: Protean
|-damage|p1a: Wall Salt|96/100
|-crit|p1a: Wall Salt
|-damage|p1a: Wall Salt|76/100
|-damage|p1a: Wall Salt|62/100
|-hitcount|p1a: Wall Salt|3
|
|upkeep
|turn|2
|
|t:|1743887557
|switch|p2a: Asterius|Tauros-Paldea-Aqua, M|100/100
|-ability|p2a: Asterius|Intimidate|boost
|-unboost|p1a: Wall Salt|atk|1
|move|p1a: Wall Salt|Stealth Rock|p2a: Asterius
|-sidestart|p2: ianfer_15|move: Stealth Rock
|
|upkeep
|turn|3
|
|t:|1743887570
|switch|p1a: Squishy|Ditto, shiny|100/100
|-transform|p1a: Squishy|p2a: Asterius|[from] ability: Imposter
|-ability|p1a: Squishy|Intimidate|boost
|-unboost|p2a: Asterius|atk|1
|move|p2a: Asterius|Raging Bull|p1a: Squishy
|-resisted|p1a: Squishy
|-damage|p1a: Squishy|84/100
|-enditem|p1a: Squishy|Red Card|[of] p2a: Asterius
|drag|p2a: Armarouge|Armarouge, M|100/100
|-damage|p2a: Armarouge|76/100|[from] Stealth Rock
|
|upkeep
|turn|4
|
|t:|1743887586
|switch|p2a: Asterius|Tauros-Paldea-Aqua, M|100/100
|-damage|p2a: Asterius|94/100|[from] Stealth Rock
|-ability|p2a: Asterius|Intimidate|boost
|-unboost|p1a: Squishy|atk|1
|move|p1a: Squishy|Stone Edge|p2a: Asterius
|-resisted|p2a: Asterius
|-damage|p2a: Asterius|83/100
|
|upkeep
|turn|5
|
|t:|1743887597
|move|p2a: Asterius|Raging Bull|p1a: Squishy
|-resisted|p1a: Squishy
|-damage|p1a: Squishy|61/100
|move|p1a: Squishy|Close Combat|p2a: Asterius
|-damage|p2a: Asterius|37/100
|-unboost|p1a: Squishy|def|1
|-unboost|p1a: Squishy|spd|1
|
|upkeep
|turn|6
|
|t:|1743887603
|move|p2a: Asterius|Close Combat|p1a: Squishy
|-damage|p1a: Squishy|0 fnt
|-unboost|p2a: Asterius|def|1
|-unboost|p2a: Asterius|spd|1
|faint|p1a: Squishy
|
|upkeep
|
|t:|1743887608
|switch|p1a: Spook|Gengar, F|100/100
|turn|7
|
|t:|1743887613
|move|p2a: Asterius|Aqua Jet|p1a: Spook
|-damage|p1a: Spook|63/100
|move|p1a: Spook|Trick|p2a: Asterius
|-activate|p1a: Spook|move: Trick|[of] p2a: Asterius
|-item|p2a: Asterius|Choice Specs|[from] move: Trick
|-item|p1a: Spook|Assault Vest|[from] move: Trick
|
|upkeep
|turn|8
|
|t:|1743887620
|move|p2a: Asterius|Aqua Jet|p1a: Spook
|-damage|p1a: Spook|29/100
|move|p1a: Spook|Thunderbolt|p2a: Asterius
|-supereffective|p2a: Asterius
|-damage|p2a: Asterius|0 fnt
|faint|p2a: Asterius
|
|upkeep
|
|t:|1743887632
|switch|p2a: Joker|Meowscarada, M|100/100
|-damage|p2a: Joker|88/100|[from] Stealth Rock
|turn|9
|
|t:|1743887641
|switch|p1a: Tony|Landorus-Therian, M|100/100
|-ability|p1a: Tony|Intimidate|boost
|-unboost|p2a: Joker|atk|1
|move|p2a: Joker|Knock Off|p1a: Tony
|-start|p2a: Joker|typechange|Dark|[from] ability: Protean
|-damage|p1a: Tony|53/100
|-damage|p2a: Joker|72/100|[from] item: Rocky Helmet|[of] p1a: Tony
|-enditem|p1a: Tony|Rocky Helmet|[from] move: Knock Off|[of] p2a: Joker
|
|upkeep
|turn|10
|
|t:|1743887652
|switch|p2a: Jaq & Gus|Maushold-Four|100/100
|-damage|p2a: Jaq & Gus|88/100|[from] Stealth Rock
|move|p1a: Tony|U-turn|p2a: Jaq & Gus
|-damage|p2a: Jaq & Gus|53/100
|
|t:|1743887655
|switch|p1a: Shin|Samurott-Hisui, M, shiny|100/100|[from] U-turn
|
|upkeep
|turn|11
|
|t:|1743887660
|move|p2a: Jaq & Gus|Low Kick|p1a: Shin
|-supereffective|p1a: Shin
|-damage|p1a: Shin|55/100
|move|p1a: Shin|Ceaseless Edge|p2a: Jaq & Gus
|-damage|p2a: Jaq & Gus|0 fnt
|-sidestart|p2: ianfer_15|Spikes
|faint|p2a: Jaq & Gus
|
|upkeep
|
|t:|1743887664
|switch|p2a: Pawmot|Pawmot, M|100/100
|-damage|p2a: Pawmot|94/100|[from] Stealth Rock
|-damage|p2a: Pawmot|82/100|[from] Spikes
|turn|12
|
|t:|1743887670
|switch|p1a: Tony|Landorus-Therian, M|53/100
|-ability|p1a: Tony|Intimidate|boost
|-unboost|p2a: Pawmot|atk|1
|move|p2a: Pawmot|Revival Blessing|p2a: Pawmot
|-enditem|p2a: Pawmot|Leppa Berry|[eat]
|-activate|p2a: Pawmot|item: Leppa Berry|Revival Blessing|[consumed]
|
|t:|1743887673
|-heal|p2: Jaq & Gus|50/100|[from] move: Revival Blessing
|
|upkeep
|turn|13
|
|t:|1743887677
|-terastallize|p2a: Pawmot|Grass
|move|p2a: Pawmot|Revival Blessing|p2a: Pawmot
|
|t:|1743887680
|-heal|p2: Asterius|50/100|[from] move: Revival Blessing
|move|p1a: Tony|Sandsear Storm|p2a: Pawmot|[miss]
|-miss|p1a: Tony|p2a: Pawmot
|
|upkeep
|turn|14
|
|t:|1743887690
|switch|p2a: Joker|Meowscarada, M|72/100
|-damage|p2a: Joker|60/100|[from] Stealth Rock
|-damage|p2a: Joker|47/100|[from] Spikes
|move|p1a: Tony|U-turn|p2a: Joker
|-supereffective|p2a: Joker
|-damage|p2a: Joker|0 fnt
|faint|p2a: Joker
|
|t:|1743887708
|switch|p1a: Shin|Samurott-Hisui, M, shiny|55/100|[from] U-turn
|
|upkeep
|
|t:|1743887720
|switch|p2a: Asterius|Tauros-Paldea-Aqua, M|50/100
|-damage|p2a: Asterius|44/100|[from] Stealth Rock
|-damage|p2a: Asterius|32/100|[from] Spikes
|-ability|p2a: Asterius|Intimidate|boost
|-unboost|p1a: Shin|atk|1
|turn|15
|
|t:|1743887729
|switch|p1a: Tony|Landorus-Therian, M|53/100
|-ability|p1a: Tony|Intimidate|boost
|-unboost|p2a: Asterius|atk|1
|move|p2a: Asterius|Close Combat|p1a: Tony
|-resisted|p1a: Tony
|-damage|p1a: Tony|32/100
|-unboost|p2a: Asterius|def|1
|-unboost|p2a: Asterius|spd|1
|
|upkeep
|turn|16
|
|t:|1743887733
|switch|p1a: Well Off-Spring|Ogerpon-Wellspring, F|100/100
|move|p2a: Asterius|Close Combat|p1a: Well Off-Spring
|-damage|p1a: Well Off-Spring|51/100
|-unboost|p2a: Asterius|def|1
|-unboost|p2a: Asterius|spd|1
|
|upkeep
|turn|17
|
|t:|1743887737
|move|p1a: Well Off-Spring|Trailblaze|p2a: Asterius
|-supereffective|p2a: Asterius
|-damage|p2a: Asterius|0 fnt
|-boost|p1a: Well Off-Spring|spe|1
|faint|p2a: Asterius
|
|upkeep
|
|t:|1743887740
|switch|p2a: Miss Trunchbull|Tinkaton, F|100/100
|-damage|p2a: Miss Trunchbull|94/100|[from] Stealth Rock
|-damage|p2a: Miss Trunchbull|82/100|[from] Spikes
|-ability|p2a: Miss Trunchbull|Mold Breaker
|turn|18
|
|t:|1743887746
|move|p1a: Well Off-Spring|Ivy Cudgel|p2a: Miss Trunchbull|[anim] Ivy Cudgel Water
|-damage|p2a: Miss Trunchbull|9/100
|move|p2a: Miss Trunchbull|Thunder Wave|p1a: Well Off-Spring
|-status|p1a: Well Off-Spring|par
|
|upkeep
|turn|19
|
|t:|1743887753
|move|p2a: Miss Trunchbull|Play Rough|p1a: Well Off-Spring
|-damage|p1a: Well Off-Spring|6/100 par
|cant|p1a: Well Off-Spring|par
|
|upkeep
|turn|20
|
|t:|1743887757
|move|p2a: Miss Trunchbull|Play Rough|p1a: Well Off-Spring
|-damage|p1a: Well Off-Spring|0 fnt
|faint|p1a: Well Off-Spring
|
|upkeep
|
|t:|1743887761
|switch|p1a: Spook|Gengar, F|29/100
|turn|21
|
|t:|1743887764
|move|p1a: Spook|Shadow Ball|p2a: Miss Trunchbull
|-damage|p2a: Miss Trunchbull|0 fnt
|faint|p2a: Miss Trunchbull
|
|upkeep
|
|t:|1743887772
|switch|p2a: Jaq & Gus|Maushold-Four|50/100
|-damage|p2a: Jaq & Gus|38/100|[from] Stealth Rock
|-damage|p2a: Jaq & Gus|25/100|[from] Spikes
|turn|22
|
|t:|1743887775
|switch|p1a: Tony|Landorus-Therian, M|32/100
|-ability|p1a: Tony|Intimidate|boost
|-unboost|p2a: Jaq & Gus|atk|1
|move|p2a: Jaq & Gus|Tidy Up|p2a: Jaq & Gus
|-sideend|p2: ianfer_15|Spikes
|-sideend|p2: ianfer_15|Stealth Rock
|-activate|p2a: Jaq & Gus|move: Tidy Up
|-boost|p2a: Jaq & Gus|atk|1
|-boost|p2a: Jaq & Gus|spe|1
|
|upkeep
|turn|23
|
|t:|1743887779
|move|p2a: Jaq & Gus|Population Bomb|p1a: Tony
|-damage|p1a: Tony|21/100
|-damage|p1a: Tony|9/100
|-damage|p1a: Tony|0 fnt
|faint|p1a: Tony
|-hitcount|p1: Tony|3
|
|upkeep
|
|t:|1743887783
|switch|p1a: Wall Salt|Garganacl, F|62/100
|turn|24
|
|t:|1743887786
|-terastallize|p1a: Wall Salt|Water
|move|p2a: Jaq & Gus|Low Kick|p1a: Wall Salt
|-damage|p1a: Wall Salt|48/100
|move|p1a: Wall Salt|Recover|p1a: Wall Salt
|-heal|p1a: Wall Salt|98/100
|
|upkeep
|turn|25
|
|t:|1743887790
|move|p2a: Jaq & Gus|Population Bomb|p1a: Wall Salt
|-damage|p1a: Wall Salt|92/100
|-damage|p1a: Wall Salt|87/100
|-crit|p1a: Wall Salt
|-damage|p1a: Wall Salt|79/100
|-damage|p1a: Wall Salt|74/100
|-damage|p1a: Wall Salt|68/100
|-damage|p1a: Wall Salt|62/100
|-damage|p1a: Wall Salt|57/100
|-damage|p1a: Wall Salt|52/100
|-damage|p1a: Wall Salt|46/100
|-damage|p1a: Wall Salt|40/100
|-hitcount|p1a: Wall Salt|10
|move|p1a: Wall Salt|Salt Cure|p2a: Jaq & Gus
|-damage|p2a: Jaq & Gus|4/100
|-start|p2a: Jaq & Gus|Salt Cure
|
|-damage|p2a: Jaq & Gus|0 fnt|[from] Salt Cure
|faint|p2a: Jaq & Gus
|upkeep
|
|t:|1743887798
|switch|p2a: Pawmot|Pawmot, M, tera:Grass|82/100
|turn|26
|
|t:|1743887801
|move|p2a: Pawmot|Thunder Punch|p1a: Wall Salt
|-supereffective|p1a: Wall Salt
|-damage|p1a: Wall Salt|1/100
|move|p1a: Wall Salt|Recover|p1a: Wall Salt
|-heal|p1a: Wall Salt|51/100
|
|upkeep
|turn|27
|
|t:|1743887808
|move|p2a: Pawmot|Nuzzle|p1a: Wall Salt
|-supereffective|p1a: Wall Salt
|-damage|p1a: Wall Salt|42/100
|move|p1a: Wall Salt|Recover|p1a: Wall Salt
|-heal|p1a: Wall Salt|92/100
|
|upkeep
|turn|28
|
|t:|1743887811
|move|p2a: Pawmot|Thunder Punch|p1a: Wall Salt
|-supereffective|p1a: Wall Salt
|-damage|p1a: Wall Salt|53/100
|move|p1a: Wall Salt|Salt Cure|p2a: Pawmot
|-damage|p2a: Pawmot|61/100
|-start|p2a: Pawmot|Salt Cure
|
|-damage|p2a: Pawmot|49/100|[from] Salt Cure
|upkeep
|turn|29
|
|t:|1743887815
|move|p2a: Pawmot|Thunder Punch|p1a: Wall Salt
|-supereffective|p1a: Wall Salt
|-damage|p1a: Wall Salt|18/100
|move|p1a: Wall Salt|Recover|p1a: Wall Salt
|-heal|p1a: Wall Salt|68/100
|
|-damage|p2a: Pawmot|37/100|[from] Salt Cure
|upkeep
|turn|30
|
|t:|1743887819
|move|p2a: Pawmot|Thunder Punch|p1a: Wall Salt
|-supereffective|p1a: Wall Salt
|-damage|p1a: Wall Salt|33/100
|move|p1a: Wall Salt|Heavy Slam|p2a: Pawmot
|-damage|p2a: Pawmot|0 fnt
|faint|p2a: Pawmot
|
|upkeep
|
|t:|1743887822
|switch|p2a: Armarouge|Armarouge, M|76/100
|turn|31
|
|t:|1743887824
|move|p2a: Armarouge|Energy Ball|p1a: Wall Salt
|-supereffective|p1a: Wall Salt
|-damage|p1a: Wall Salt|0 fnt
|faint|p1a: Wall Salt
|
|upkeep
|
|t:|1743887826
|switch|p1a: Spook|Gengar, F|29/100
|turn|32
|
|t:|1743887829
|move|p1a: Spook|Shadow Ball|p2a: Armarouge
|-supereffective|p2a: Armarouge
|-damage|p2a: Armarouge|0 fnt
|faint|p2a: Armarouge
|
|win|me ded 4
|raw|me ded 4's rating: 1137 &rarr; <strong>1165</strong><br />(+28 for winning)
|raw|ianfer_15's rating: 1172 &rarr; <strong>1144</strong><br />(-28 for losing)
