|j|☆R. Caroline
|j|☆metakill4r
|t:|1743886011
|gametype|singles
|player|p1|R. Caroline|cyclistf-gen4|1572
|player|p2|metakill4r|boarder|1538
|teamsize|p1|6
|teamsize|p2|6
|gen|9
|tier|[Gen 9] OU
|rated|
|rule|HP Percentage Mod: HP is shown in percentages
|rule|Endless Battle Clause: Forcing endless battles is banned
|rule|Species Clause: Limit one of each Pokémon
|rule|OHKO Clause: OHKO moves are banned
|rule|Evasion Items Clause: Evasion items are banned
|rule|Evasion Moves Clause: Evasion moves are banned
|rule|Sleep Moves Clause: Sleep-inducing moves are banned
|clearpoke
|poke|p1|Latias, F|
|poke|p1|Chansey, F|
|poke|p1|Ursaluna, M|
|poke|p1|Scizor, M|
|poke|p1|Umbreon, F|
|poke|p1|Mew|
|poke|p2|Ninetales-Alola, M|
|poke|p2|Great Tusk|
|poke|p2|Slowking-Galar, F|
|poke|p2|Ogerpon-Wellspring, F|
|poke|p2|Gholdengo|
|poke|p2|Kyurem|
|teampreview
|
|t:|1743886040
|start
|switch|p1a: Garf|Scizor, M, shiny|100/100
|switch|p2a: Kyurem|Kyurem|100/100
|-ability|p2a: Kyurem|Pressure
|turn|1
|inactive|Battle timer is ON: inactive players will automatically lose when time's up. (requested by metakill4r)
|
|t:|1743886048
|-terastallize|p2a: Kyurem|Fire
|move|p2a: Kyurem|Tera Blast|p1a: Garf|[anim] Tera Blast Fire
|-supereffective|p1a: Garf
|-damage|p1a: Garf|0 fnt
|faint|p1a: Garf
|
|upkeep
|
|t:|1743886053
|switch|p1a: Etrig|Ursaluna, M, shiny|100/100
|turn|2
|
|t:|1743886058
|move|p2a: Kyurem|Icicle Spear|p1a: Etrig
|-supereffective|p1a: Etrig
|-damage|p1a: Etrig|83/100
|-supereffective|p1a: Etrig
|-damage|p1a: Etrig|66/100
|-supereffective|p1a: Etrig
|-damage|p1a: Etrig|48/100
|-supereffective|p1a: Etrig
|-damage|p1a: Etrig|31/100
|-supereffective|p1a: Etrig
|-damage|p1a: Etrig|14/100
|-hitcount|p1a: Etrig|5
|move|p1a: Etrig|Earthquake|p2a: Kyurem
|-supereffective|p2a: Kyurem
|-damage|p2a: Kyurem|0 fnt
|faint|p2a: Kyurem
|
|upkeep
|
|t:|1743886071
|switch|p2a: Ninetales|Ninetales-Alola, M|100/100
|-weather|Snowscape|[from] ability: Snow Warning|[of] p2a: Ninetales
|turn|3
|
|t:|1743886075
|move|p2a: Ninetales|Aurora Veil|p2a: Ninetales
|-sidestart|p2: metakill4r|move: Aurora Veil
|move|p1a: Etrig|Gunk Shot|p2a: Ninetales|[miss]
|-miss|p1a: Etrig|p2a: Ninetales
|
|-weather|Snowscape|[upkeep]
|upkeep
|turn|4
|
|t:|1743886082
|switch|p1a: Shay|Chansey, F, shiny|100/100
|move|p2a: Ninetales|Freeze-Dry|p1a: Shay
|-damage|p1a: Shay|96/100
|
|-weather|Snowscape|[upkeep]
|upkeep
|turn|5
|
|t:|1743886093
|switch|p2a: Slowking|Slowking-Galar, F|100/100
|move|p1a: Shay|Stealth Rock|p2a: Slowking
|-sidestart|p2: metakill4r|move: Stealth Rock
|
|-weather|Snowscape|[upkeep]
|upkeep
|turn|6
|
|t:|1743886099
|switch|p1a: Dinah|Umbreon, F|100/100
|switch|p2a: Temu Mamo|Great Tusk|100/100
|-damage|p2a: Temu Mamo|98/100|[from] Stealth Rock
|-enditem|p2a: Temu Mamo|Booster Energy
|-activate|p2a: Temu Mamo|ability: Protosynthesis|[fromitem]
|-start|p2a: Temu Mamo|protosynthesisatk
|
|-weather|Snowscape|[upkeep]
|upkeep
|turn|7
|
|t:|1743886108
|move|p2a: Temu Mamo|Rapid Spin|p1a: Dinah
|-damage|p1a: Dinah|88/100
|-boost|p2a: Temu Mamo|spe|1
|-damage|p2a: Temu Mamo|81/100|[from] item: Rocky Helmet|[of] p1a: Dinah
|-sideend|p2: metakill4r|Stealth Rock|[from] move: Rapid Spin|[of] p2a: Temu Mamo
|move|p1a: Dinah|Taunt|p2a: Temu Mamo
|-start|p2a: Temu Mamo|move: Taunt
|
|-weather|none
|upkeep
|turn|8
|
|t:|1743886117
|-terastallize|p1a: Dinah|Bug
|move|p2a: Temu Mamo|Headlong Rush|p1a: Dinah
|-resisted|p1a: Dinah
|-damage|p1a: Dinah|63/100
|-unboost|p2a: Temu Mamo|def|1
|-unboost|p2a: Temu Mamo|spd|1
|-damage|p2a: Temu Mamo|65/100|[from] item: Rocky Helmet|[of] p1a: Dinah
|move|p1a: Dinah|Foul Play|p2a: Temu Mamo
|-resisted|p2a: Temu Mamo
|-damage|p2a: Temu Mamo|51/100
|
|upkeep
|turn|9
|
|t:|1743886127
|-end|p2a: Temu Mamo|Protosynthesis|[silent]
|switch|p2a: Slowking|Slowking-Galar, F|100/100
|move|p1a: Dinah|Foul Play|p2a: Slowking
|-supereffective|p2a: Slowking
|-damage|p2a: Slowking|81/100
|
|upkeep
|turn|10
|
|t:|1743886133
|switch|p1a: Etrig|Ursaluna, M, shiny|14/100
|move|p2a: Slowking|Flamethrower|p1a: Etrig
|-damage|p1a: Etrig|0 fnt
|faint|p1a: Etrig
|
|-sideend|p2: metakill4r|move: Aurora Veil
|upkeep
|
|t:|1743886139
|switch|p1a: Kori|Latias, F, shiny|100/100
|turn|11
|
|t:|1743886142
|switch|p2a: Gholdengo|Gholdengo|100/100
|move|p1a: Kori|Psyshock|p2a: Gholdengo
|-resisted|p2a: Gholdengo
|-damage|p2a: Gholdengo|70/100
|
|upkeep
|turn|12
|
|t:|1743886148
|switch|p1a: Boston|Mew, shiny|100/100
|move|p2a: Gholdengo|Trick|p1a: Boston
|-activate|p2a: Gholdengo|move: Trick|[of] p1a: Boston
|-item|p1a: Boston|Choice Scarf|[from] move: Trick
|-item|p2a: Gholdengo|Choice Scarf|[from] move: Trick
|
|upkeep
|turn|13
|c|☆metakill4r|you've played these games before
|
|t:|1743886172
|switch|p2a: Slowking|Slowking-Galar, F|100/100
|move|p1a: Boston|Volt Switch|p2a: Slowking
|-damage|p2a: Slowking|90/100
|
|t:|1743886178
|switch|p1a: Kori|Latias, F, shiny|100/100|[from] Volt Switch
|
|upkeep
|turn|14
|
|t:|1743886183
|move|p1a: Kori|Psyshock|p2a: Slowking
|-damage|p2a: Slowking|33/100
|move|p2a: Slowking|Ice Beam|p1a: Kori
|-supereffective|p1a: Kori
|-damage|p1a: Kori|53/100
|
|upkeep
|turn|15
|
|t:|1743886189
|switch|p2a: Ninetales|Ninetales-Alola, M|100/100
|-weather|Snowscape|[from] ability: Snow Warning|[of] p2a: Ninetales
|move|p1a: Kori|Psyshock|p2a: Ninetales
|-damage|p2a: Ninetales|57/100
|
|-weather|Snowscape|[upkeep]
|upkeep
|turn|16
|
|t:|1743886196
|switch|p1a: Shay|Chansey, F, shiny|96/100
|move|p2a: Ninetales|Aurora Veil|p2a: Ninetales
|-sidestart|p2: metakill4r|move: Aurora Veil
|
|-weather|Snowscape|[upkeep]
|upkeep
|turn|17
|
|t:|1743886201
|switch|p2a: Temu Mamo|Great Tusk|51/100
|move|p1a: Shay|Stealth Rock|p2a: Temu Mamo
|-sidestart|p2: metakill4r|move: Stealth Rock
|
|-weather|Snowscape|[upkeep]
|upkeep
|turn|18
|
|t:|1743886206
|move|p2a: Temu Mamo|Stealth Rock|p1a: Shay
|-sidestart|p1: R. Caroline|move: Stealth Rock
|move|p1a: Shay|Seismic Toss|p2a: Temu Mamo
|-damage|p2a: Temu Mamo|24/100
|
|-weather|Snowscape|[upkeep]
|upkeep
|turn|19
|
|t:|1743886211
|move|p2a: Temu Mamo|Rapid Spin|p1a: Shay
|-crit|p1a: Shay
|-damage|p1a: Shay|66/100
|-boost|p2a: Temu Mamo|spe|1
|-sideend|p2: metakill4r|Stealth Rock|[from] move: Rapid Spin|[of] p2a: Temu Mamo
|move|p1a: Shay|Seismic Toss|p2a: Temu Mamo
|-damage|p2a: Temu Mamo|0 fnt
|faint|p2a: Temu Mamo
|-end|p2a: Temu Mamo|Protosynthesis|[silent]
|
|-weather|none
|upkeep
|
|t:|1743886215
|switch|p2a: Ogerpon|Ogerpon-Wellspring, F|100/100
|turn|20
|
|t:|1743886223
|move|p2a: Ogerpon|Knock Off|p1a: Shay
|-damage|p1a: Shay|23/100
|-enditem|p1a: Shay|Eviolite|[from] move: Knock Off|[of] p2a: Ogerpon
|move|p1a: Shay|Healing Wish|p1a: Shay
|faint|p1a: Shay
|
|upkeep
|
|t:|1743886229
|switch|p1a: Dinah|Umbreon, F, tera:Bug|63/100
|-heal|p1a: Dinah|100/100|[from] move: Healing Wish
|-damage|p1a: Dinah|76/100|[from] Stealth Rock
|turn|21
|
|t:|1743886241
|switch|p2a: Slowking|Slowking-Galar, F|67/100
|move|p1a: Dinah|Foul Play|p2a: Slowking
|-supereffective|p2a: Slowking
|-damage|p2a: Slowking|47/100
|
|upkeep
|turn|22
|
|t:|1743886254
|switch|p2a: Gholdengo|Gholdengo|70/100
|move|p1a: Dinah|Foul Play|p2a: Gholdengo
|-supereffective|p2a: Gholdengo
|-damage|p2a: Gholdengo|53/100
|
|upkeep
|turn|23
|
|t:|1743886268
|move|p2a: Gholdengo|Trick|p1a: Dinah
|-activate|p2a: Gholdengo|move: Trick|[of] p1a: Dinah
|-item|p1a: Dinah|Choice Scarf|[from] move: Trick
|-item|p2a: Gholdengo|Rocky Helmet|[from] move: Trick
|move|p1a: Dinah|Foul Play|p2a: Gholdengo
|-supereffective|p2a: Gholdengo
|-crit|p2a: Gholdengo
|-damage|p2a: Gholdengo|1/100
|-damage|p1a: Dinah|59/100|[from] item: Rocky Helmet|[of] p2a: Gholdengo
|
|-sideend|p2: metakill4r|move: Aurora Veil
|upkeep
|turn|24
|
|t:|1743886276
|move|p2a: Gholdengo|Make It Rain|p1a: Dinah
|-damage|p1a: Dinah|12/100
|-unboost|p2a: Gholdengo|spa|1
|move|p1a: Dinah|Foul Play|p2a: Gholdengo
|-supereffective|p2a: Gholdengo
|-damage|p2a: Gholdengo|0 fnt
|-damage|p1a: Dinah|0 fnt|[from] item: Rocky Helmet|[of] p2a: Gholdengo
|faint|p2a: Gholdengo
|faint|p1a: Dinah
|
|upkeep
|
|t:|1743886287
|switch|p2a: Ninetales|Ninetales-Alola, M|57/100
|switch|p1a: Boston|Mew, shiny|100/100
|-damage|p1a: Boston|88/100|[from] Stealth Rock
|-weather|Snowscape|[from] ability: Snow Warning|[of] p2a: Ninetales
|turn|25
|-message|R. Caroline forfeited.
|
|win|metakill4r
|raw|R. Caroline's rating: 1572 &rarr; <strong>1550</strong><br />(-22 for losing)
|raw|metakill4r's rating: 1538 &rarr; <strong>1560</strong><br />(+22 for winning)
|l|☆R. Caroline
|player|p1|
|l|☆metakill4r
|player|p2|
