|j|☆godsboyop
|j|☆srinandhakishore06
|t:|1743931006
|gametype|singles
|player|p1|godsboyop|hilda|1178
|player|p2|srinandhakishore06|265|1181
|teamsize|p1|6
|teamsize|p2|6
|gen|9
|tier|[Gen 9] OU
|rated|
|rule|HP Percentage Mod: HP is shown in percentages
|rule|Endless Battle Clause: Forcing endless battles is banned
|rule|Species Clause: Limit one of each Pokémon
|rule|OHKO Clause: OHKO moves are banned
|rule|Evasion Items Clause: Evasion items are banned
|rule|Evasion Moves Clause: Evasion moves are banned
|rule|Sleep Moves Clause: Sleep-inducing moves are banned
|clearpoke
|poke|p1|Gholdengo|
|poke|p1|Dragonite, F|
|poke|p1|Ting-Lu|
|poke|p1|Slowking-Galar, M|
|poke|p1|Zamazenta-*|
|poke|p1|Zapdos|
|poke|p2|Glimmora, F|
|poke|p2|Hatterene, F|
|poke|p2|Honchkrow, F|
|poke|p2|Alomomola, F|
|poke|p2|Salazzle, F|
|poke|p2|Metagross|
|teampreview
|inactive|Battle timer is ON: inactive players will automatically lose when time's up. (requested by srinandhakishore06)
|
|t:|1743931032
|start
|switch|p1a: Gholdengo|Gholdengo|100/100
|switch|p2a: Glimmora|Glimmora, F|100/100
|turn|1
|
|t:|1743931040
|move|p1a: Gholdengo|Make It Rain|p2a: Glimmora
|-supereffective|p2a: Glimmora
|-enditem|p2a: Glimmora|Focus Sash
|-damage|p2a: Glimmora|1/100
|-unboost|p1a: Gholdengo|spa|1
|move|p2a: Glimmora|Stealth Rock|p1a: Gholdengo
|-sidestart|p1: godsboyop|move: Stealth Rock
|
|upkeep
|turn|2
|
|t:|1743931050
|move|p1a: Gholdengo|Make It Rain|p2a: Glimmora
|-supereffective|p2a: Glimmora
|-damage|p2a: Glimmora|0 fnt
|-unboost|p1a: Gholdengo|spa|1
|faint|p2a: Glimmora
|
|upkeep
|
|t:|1743931059
|switch|p2a: Iron spider|Metagross|100/100
|turn|3
|
|t:|1743931066
|switch|p1a: Ting-Lu|Ting-Lu|100/100
|-damage|p1a: Ting-Lu|94/100|[from] Stealth Rock
|-ability|p1a: Ting-Lu|Vessel of Ruin
|move|p2a: Iron spider|Earthquake|p1a: Ting-Lu
|-damage|p1a: Ting-Lu|72/100
|
|upkeep
|turn|4
|
|t:|1743931076
|switch|p2a: Lady Lizard|Salazzle, F|100/100
|-item|p2a: Lady Lizard|Air Balloon
|move|p1a: Ting-Lu|Spikes|p2a: Lady Lizard
|-sidestart|p2: srinandhakishore06|Spikes
|
|upkeep
|turn|5
|
|t:|1743931083
|move|p2a: Lady Lizard|Toxic|p1a: Ting-Lu
|-status|p1a: Ting-Lu|tox
|move|p1a: Ting-Lu|Ruination|p2a: Lady Lizard|[miss]
|-miss|p1a: Ting-Lu|p2a: Lady Lizard
|
|-damage|p1a: Ting-Lu|66/100 tox|[from] psn
|upkeep
|turn|6
|
|t:|1743931100
|move|p2a: Lady Lizard|Flamethrower|p1a: Ting-Lu
|-damage|p1a: Ting-Lu|47/100 tox
|move|p1a: Ting-Lu|Ruination|p2a: Lady Lizard
|-damage|p2a: Lady Lizard|50/100
|-enditem|p2a: Lady Lizard|Air Balloon
|
|-damage|p1a: Ting-Lu|35/100 tox|[from] psn
|upkeep
|turn|7
|
|t:|1743931110
|switch|p1a: Zapdos|Zapdos|100/100
|move|p2a: Lady Lizard|Flamethrower|p1a: Zapdos
|-damage|p1a: Zapdos|59/100
|
|upkeep
|turn|8
|
|t:|1743931121
|move|p2a: Lady Lizard|Flamethrower|p1a: Zapdos
|-damage|p1a: Zapdos|11/100
|move|p1a: Zapdos|Roost|p1a: Zapdos
|-heal|p1a: Zapdos|61/100
|-singleturn|p1a: Zapdos|move: Roost
|
|upkeep
|turn|9
|
|t:|1743931134
|move|p2a: Lady Lizard|Flamethrower|p1a: Zapdos
|-damage|p1a: Zapdos|14/100
|move|p1a: Zapdos|Roost|p1a: Zapdos
|-heal|p1a: Zapdos|64/100
|-singleturn|p1a: Zapdos|move: Roost
|
|upkeep
|turn|10
|
|t:|1743931145
|switch|p1a: Slowking|Slowking-Galar, M|100/100
|move|p2a: Lady Lizard|Toxic|p1a: Slowking
|-status|p1a: Slowking|tox
|
|-damage|p1a: Slowking|94/100 tox|[from] psn
|upkeep
|turn|11
|
|t:|1743931160
|move|p2a: Lady Lizard|Flamethrower|p1a: Slowking
|-crit|p1a: Slowking
|-damage|p1a: Slowking|52/100 tox
|move|p1a: Slowking|Future Sight|p2a: Lady Lizard
|-start|p1a: Slowking|move: Future Sight
|
|-damage|p1a: Slowking|40/100 tox|[from] psn
|upkeep
|turn|12
|
|t:|1743931168
|switch|p1a: Ting-Lu|Ting-Lu|35/100 tox
|-damage|p1a: Ting-Lu|29/100 tox|[from] Stealth Rock
|-ability|p1a: Ting-Lu|Vessel of Ruin
|move|p2a: Lady Lizard|Flamethrower|p1a: Ting-Lu
|-damage|p1a: Ting-Lu|11/100 tox
|
|-damage|p1a: Ting-Lu|5/100 tox|[from] psn
|upkeep
|turn|13
|
|t:|1743931179
|move|p2a: Lady Lizard|Flamethrower|p1a: Ting-Lu
|-damage|p1a: Ting-Lu|0 fnt
|faint|p1a: Ting-Lu
|
|-end|p2a: Lady Lizard|move: Future Sight
|-supereffective|p2a: Lady Lizard
|-damage|p2a: Lady Lizard|0 fnt
|faint|p2a: Lady Lizard
|upkeep
|
|t:|1743931189
|switch|p2a: Iron spider|Metagross|100/100
|switch|p1a: Dragonite|Dragonite, F|100/100
|-damage|p2a: Iron spider|88/100|[from] Spikes
|turn|14
|
|t:|1743931197
|move|p1a: Dragonite|Earthquake|p2a: Iron spider
|-supereffective|p2a: Iron spider
|-damage|p2a: Iron spider|28/100
|move|p2a: Iron spider|Meteor Mash|p1a: Dragonite
|-damage|p1a: Dragonite|69/100
|
|upkeep
|turn|15
|
|t:|1743931204
|move|p2a: Iron spider|Bullet Punch|p1a: Dragonite
|-damage|p1a: Dragonite|43/100
|move|p1a: Dragonite|Dragon Dance|p1a: Dragonite
|-boost|p1a: Dragonite|atk|1
|-boost|p1a: Dragonite|spe|1
|
|upkeep
|turn|16
|
|t:|1743931212
|move|p1a: Dragonite|Earthquake|p2a: Iron spider
|-supereffective|p2a: Iron spider
|-damage|p2a: Iron spider|0 fnt
|faint|p2a: Iron spider
|
|upkeep
|
|t:|1743931218
|switch|p2a: Alomomola|Alomomola, F|100/100
|-damage|p2a: Alomomola|88/100|[from] Spikes
|turn|17
|
|t:|1743931224
|-terastallize|p1a: Dragonite|Normal
|move|p1a: Dragonite|Extreme Speed|p2a: Alomomola
|-damage|p2a: Alomomola|43/100
|-damage|p1a: Dragonite|27/100|[from] item: Rocky Helmet|[of] p2a: Alomomola
|move|p2a: Alomomola|Ice Beam|p1a: Dragonite
|-damage|p1a: Dragonite|17/100
|-status|p1a: Dragonite|frz
|
|upkeep
|turn|18
|
|t:|1743931235
|cant|p1a: Dragonite|frz
|move|p2a: Alomomola|Wish|p2a: Alomomola
|
|upkeep
|turn|19
|
|t:|1743931240
|cant|p1a: Dragonite|frz
|move|p2a: Alomomola|Scald|p1a: Dragonite
|-damage|p1a: Dragonite|1/100 frz
|-curestatus|p1a: Dragonite|frz|[msg]
|
|-heal|p2a: Alomomola|93/100|[from] move: Wish|[wisher] Alomomola
|upkeep
|turn|20
|
|t:|1743931250
|move|p1a: Dragonite|Extreme Speed|p2a: Alomomola
|-damage|p2a: Alomomola|50/100
|-damage|p1a: Dragonite|0 fnt|[from] item: Rocky Helmet|[of] p2a: Alomomola
|faint|p1a: Dragonite
|move|p2a: Alomomola|Wish|p2a: Alomomola
|
|upkeep
|
|t:|1743931259
|switch|p1a: Zapdos|Zapdos|64/100
|turn|21
|
|t:|1743931267
|switch|p2a: Bride|Hatterene, F|100/100
|-damage|p2a: Bride|88/100|[from] Spikes
|move|p1a: Zapdos|Thunder Wave|p2a: Bride
|move|p2a: Bride|Thunder Wave|p1a: Zapdos|[from] ability: Magic Bounce
|-immune|p1a: Zapdos
|
|-heal|p2a: Bride|100/100|[from] move: Wish|[wisher] Alomomola
|upkeep
|turn|22
|
|t:|1743931282
|move|p1a: Zapdos|Roost|p1a: Zapdos
|-heal|p1a: Zapdos|100/100
|-singleturn|p1a: Zapdos|move: Roost
|move|p2a: Bride|Trick Room|p2a: Bride
|-fieldstart|move: Trick Room|[of] p2a: Bride
|
|upkeep
|turn|23
|
|t:|1743931289
|move|p2a: Bride|Misty Explosion|p1a: Zapdos
|-damage|p1a: Zapdos|44/100
|faint|p2a: Bride
|move|p1a: Zapdos|Hurricane|p2: Bride|[notarget]
|-fail|p1a: Zapdos
|
|upkeep
|
|t:|1743931295
|switch|p2a: Omnivoracious|Honchkrow, F|100/100
|-enditem|p2a: Omnivoracious|Room Service
|-unboost|p2a: Omnivoracious|spe|1|[from] item: Room Service
|turn|24
|
|t:|1743931308
|switch|p1a: Slowking|Slowking-Galar, M|73/100 tox
|move|p2a: Omnivoracious|Night Slash|p1a: Slowking
|-supereffective|p1a: Slowking
|-damage|p1a: Slowking|0 fnt
|faint|p1a: Slowking
|-ability|p2a: Omnivoracious|Moxie|boost
|-boost|p2a: Omnivoracious|atk|1
|
|upkeep
|
|t:|1743931313
|switch|p1a: Gholdengo|Gholdengo|100/100
|-damage|p1a: Gholdengo|94/100|[from] Stealth Rock
|turn|25
|
|t:|1743931321
|switch|p1a: Zamazenta|Zamazenta|100/100
|-ability|p1a: Zamazenta|Dauntless Shield|boost
|-boost|p1a: Zamazenta|def|1
|move|p2a: Omnivoracious|Night Slash|p1a: Zamazenta
|-resisted|p1a: Zamazenta
|-damage|p1a: Zamazenta|81/100
|
|upkeep
|turn|26
|
|t:|1743931330
|move|p2a: Omnivoracious|Acrobatics|p1a: Zamazenta
|-supereffective|p1a: Zamazenta
|-damage|p1a: Zamazenta|0 fnt
|faint|p1a: Zamazenta
|-ability|p2a: Omnivoracious|Moxie|boost
|-boost|p2a: Omnivoracious|atk|1
|
|-fieldend|move: Trick Room
|upkeep
|
|t:|1743931335
|switch|p1a: Gholdengo|Gholdengo|94/100
|-damage|p1a: Gholdengo|88/100|[from] Stealth Rock
|turn|27
|
|t:|1743931342
|move|p2a: Omnivoracious|Sucker Punch|p1a: Gholdengo
|-supereffective|p1a: Gholdengo
|-damage|p1a: Gholdengo|0 fnt
|faint|p1a: Gholdengo
|-ability|p2a: Omnivoracious|Moxie|boost
|-boost|p2a: Omnivoracious|atk|1
|
|upkeep
|
|t:|1743931344
|switch|p1a: Zapdos|Zapdos|44/100
|turn|28
|
|t:|1743931358
|-terastallize|p2a: Omnivoracious|Ground
|move|p2a: Omnivoracious|Sucker Punch||[still]
|-fail|p2a: Omnivoracious
|move|p1a: Zapdos|Thunder Wave|p2a: Omnivoracious
|-immune|p2a: Omnivoracious
|
|upkeep
|turn|29
|-message|godsboyop forfeited.
|
|win|srinandhakishore06
|raw|godsboyop's rating: 1178 &rarr; <strong>1153</strong><br />(-25 for losing)
|raw|srinandhakishore06's rating: 1181 &rarr; <strong>1206</strong><br />(+25 for winning)
|l|☆godsboyop
|player|p1|
|l|☆srinandhakishore06
|player|p2|
