|j|☆R0B0 R3X
|j|☆Thelastdudemanpp
|t:|1743784475
|gametype|singles
|player|p1|R0B0 R3X|170|1329
|player|p2|Thelastdudemanpp|wattson|1282
|teamsize|p1|6
|teamsize|p2|6
|gen|9
|tier|[Gen 9] OU
|rated|
|rule|HP Percentage Mod: HP is shown in percentages
|rule|Endless Battle Clause: Forcing endless battles is banned
|rule|Species Clause: Limit one of each Pokémon
|rule|OHKO Clause: OHKO moves are banned
|rule|Evasion Items Clause: Evasion items are banned
|rule|Evasion Moves Clause: Evasion moves are banned
|rule|Sleep Moves Clause: Sleep-inducing moves are banned
|clearpoke
|poke|p1|Pelipper, M|
|poke|p1|Great Tusk|
|poke|p1|Clodsire, M|
|poke|p1|Overqwil, F|
|poke|p1|Tornadus-Therian, M|
|poke|p1|Greninja-*, M|
|poke|p2|Komala, F|
|poke|p2|Great Tusk|
|poke|p2|Scizor, M|
|poke|p2|Comfey, M|
|poke|p2|Salazzle, F|
|poke|p2|Mew|
|teampreview
|inactive|Battle timer is ON: inactive players will automatically lose when time's up. (requested by Thelastdudemanpp)
|inactive|R0B0 R3X also wants the timer to be on.
|inactive|Thelastdudemanpp has 120 seconds left.
|
|t:|1743784510
|start
|switch|p1a: Pelipper|Pelipper, M|100/100
|switch|p2a: Cat man|Mew|100/100
|-weather|RainDance|[from] ability: Drizzle|[of] p1a: Pelipper
|turn|1
|
|t:|1743784518
|move|p2a: Cat man|Supercell Slam|p1a: Pelipper
|-supereffective|p1a: Pelipper
|-damage|p1a: Pelipper|0 fnt
|faint|p1a: Pelipper
|
|-weather|RainDance|[upkeep]
|upkeep
|
|t:|1743784526
|switch|p1a: Overqwil|Overqwil, F|100/100
|turn|2
|inactive|Thelastdudemanpp has 120 seconds left.
|
|t:|1743784579
|switch|p2a: Iron Scissors|Scizor, M|100/100
|move|p1a: Overqwil|Crunch|p2a: Iron Scissors
|-damage|p2a: Iron Scissors|49/100
|-damage|p1a: Overqwil|91/100|[from] item: Life Orb
|
|-weather|RainDance|[upkeep]
|upkeep
|turn|3
|
|t:|1743784589
|move|p2a: Iron Scissors|Bullet Punch|p1a: Overqwil
|-damage|p1a: Overqwil|56/100
|move|p1a: Overqwil|Crunch|p2a: Iron Scissors
|-damage|p2a: Iron Scissors|0 fnt
|faint|p2a: Iron Scissors
|-damage|p1a: Overqwil|46/100|[from] item: Life Orb
|
|-weather|RainDance|[upkeep]
|upkeep
|inactive|Thelastdudemanpp has 90 seconds left.
|
|t:|1743784624
|switch|p2a: Rogan|Great Tusk|100/100
|-enditem|p2a: Rogan|Booster Energy
|-activate|p2a: Rogan|ability: Protosynthesis|[fromitem]
|-start|p2a: Rogan|protosynthesisspe
|turn|4
|
|t:|1743784633
|move|p2a: Rogan|Bulk Up|p2a: Rogan
|-boost|p2a: Rogan|atk|1
|-boost|p2a: Rogan|def|1
|move|p1a: Overqwil|Liquidation|p2a: Rogan
|-supereffective|p2a: Rogan
|-crit|p2a: Rogan
|-damage|p2a: Rogan|0 fnt
|faint|p2a: Rogan
|-end|p2a: Rogan|Protosynthesis|[silent]
|-damage|p1a: Overqwil|36/100|[from] item: Life Orb
|
|-weather|RainDance|[upkeep]
|upkeep
|c|☆Thelastdudemanpp|gg
|
|t:|1743784649
|switch|p2a: Dave|Komala, F|100/100
|-ability|p2a: Dave|Comatose
|turn|5
|
|t:|1743784657
|-terastallize|p2a: Dave|Dark
|move|p2a: Dave|Sucker Punch|p1a: Overqwil
|-resisted|p1a: Overqwil
|-damage|p1a: Overqwil|19/100
|move|p1a: Overqwil|Crunch|p2a: Dave
|-resisted|p2a: Dave
|-damage|p2a: Dave|58/100
|-unboost|p2a: Dave|def|1
|-damage|p1a: Overqwil|9/100|[from] item: Life Orb
|
|-weather|RainDance|[upkeep]
|upkeep
|turn|6
|-message|Thelastdudemanpp forfeited.
|
|win|R0B0 R3X
|raw|R0B0 R3X's rating: 1309 &rarr; <strong>1327</strong><br />(+18 for winning)
|raw|Thelastdudemanpp's rating: 1282 &rarr; <strong>1259</strong><br />(-23 for losing)
|l|☆R0B0 R3X
|player|p1|
|l|☆Thelastdudemanpp
|player|p2|
