|j|☆MrSuperstarrr
|j|☆sdgdshgfkgk
|t:|1743822398
|gametype|singles
|player|p1|MrSuperstarrr|266|1244
|player|p2|sdgdshgfkgk|1|1283
|teamsize|p1|6
|teamsize|p2|6
|gen|9
|tier|[Gen 9] OU
|rated|
|rule|HP Percentage Mod: HP is shown in percentages
|rule|Endless Battle Clause: Forcing endless battles is banned
|rule|Species Clause: Limit one of each Pokémon
|rule|OHKO Clause: OHKO moves are banned
|rule|Evasion Items Clause: Evasion items are banned
|rule|Evasion Moves Clause: Evasion moves are banned
|rule|Sleep Moves Clause: Sleep-inducing moves are banned
|clearpoke
|poke|p1|Samurott-Hisui, M|
|poke|p1|Heatran, M|
|poke|p1|Zapdos|
|poke|p1|Landorus-Therian, M|
|poke|p1|Iron Valiant|
|poke|p1|Dragonite, F|
|poke|p2|Ursaluna, M|
|poke|p2|Gliscor, M|
|poke|p2|Corviknight, M|
|poke|p2|Volcanion|
|poke|p2|Slither Wing|
|poke|p2|Meowscarada, F|
|teampreview
|inactive|Battle timer is ON: inactive players will automatically lose when time's up. (requested by MrSuperstarrr)
|
|t:|1743822408
|start
|switch|p1a: Samurott|Samurott-Hisui, M|100/100
|switch|p2a: Meowscarada|Meowscarada, F|100/100
|turn|1
|
|t:|1743822414
|move|p2a: Meowscarada|U-turn|p1a: Samurott
|-start|p2a: Meowscarada|typechange|Bug|[from] ability: Protean
|-supereffective|p1a: Samurott
|-enditem|p1a: Samurott|Focus Sash
|-damage|p1a: Samurott|1/100
|
|t:|1743822424
|switch|p2a: Corviknight|Corviknight, M|100/100|[from] U-turn
|-ability|p2a: Corviknight|Pressure
|move|p1a: Samurott|Knock Off|p2a: Corviknight
|-damage|p2a: Corviknight|73/100
|-damage|p1a: Samurott|0 fnt|[from] item: Rocky Helmet|[of] p2a: Corviknight
|faint|p1a: Samurott
|
|upkeep
|
|t:|1743822449
|switch|p1a: Heatran|Heatran, M|100/100
|turn|2
|
|t:|1743822457
|switch|p2a: Volcanion|Volcanion|100/100
|move|p1a: Heatran|Earth Power|p2a: Volcanion
|-supereffective|p2a: Volcanion
|-damage|p2a: Volcanion|70/100
|
|upkeep
|turn|3
|
|t:|1743822470
|-terastallize|p1a: Heatran|Grass
|move|p1a: Heatran|Earth Power|p2a: Volcanion
|-supereffective|p2a: Volcanion
|-damage|p2a: Volcanion|42/100
|move|p2a: Volcanion|Steam Eruption|p1a: Heatran
|-resisted|p1a: Heatran
|-damage|p1a: Heatran|85/100
|
|-heal|p1a: Heatran|91/100|[from] item: Leftovers
|upkeep
|turn|4
|inactive|MrSuperstarrr has 120 seconds left.
|
|t:|1743822513
|-terastallize|p2a: Volcanion|Ground
|move|p1a: Heatran|Magma Storm|p2a: Volcanion
|-damage|p2a: Volcanion|18/100
|-activate|p2a: Volcanion|move: Magma Storm|[of] p1a: Heatran
|move|p2a: Volcanion|Sludge Bomb|p1a: Heatran
|-supereffective|p1a: Heatran
|-damage|p1a: Heatran|58/100
|
|-heal|p1a: Heatran|64/100|[from] item: Leftovers
|-damage|p2a: Volcanion|6/100|[from] move: Magma Storm|[partiallytrapped]
|upkeep
|turn|5
|
|t:|1743822539
|switch|p1a: Landorus|Landorus-Therian, M|100/100
|-ability|p1a: Landorus|Intimidate|boost
|-unboost|p2a: Volcanion|atk|1
|move|p2a: Volcanion|Sludge Bomb|p1a: Landorus
|-resisted|p1a: Landorus
|-damage|p1a: Landorus|84/100
|-status|p1a: Landorus|psn
|
|-damage|p1a: Landorus|72/100 psn|[from] psn
|-end|p2a: Volcanion|Magma Storm|[partiallytrapped]|[silent]
|upkeep
|turn|6
|
|t:|1743822551
|switch|p2a: Gliscor|Gliscor, M|100/100
|move|p1a: Landorus|U-turn|p2a: Gliscor
|-resisted|p2a: Gliscor
|-damage|p2a: Gliscor|93/100
|inactive|MrSuperstarrr has 90 seconds left.
|
|t:|1743822564
|switch|p1a: Heatran|Heatran, M, tera:Grass|64/100|[from] U-turn
|
|-heal|p1a: Heatran|70/100|[from] item: Leftovers
|-status|p2a: Gliscor|tox|[from] item: Toxic Orb
|upkeep
|turn|7
|inactive|MrSuperstarrr has 90 seconds left.
|
|t:|1743822575
|move|p2a: Gliscor|Fling|p1a: Heatran
|-damage|p1a: Heatran|62/100
|-status|p1a: Heatran|tox
|-enditem|p2a: Gliscor|Toxic Orb|[from] move: Fling
|move|p1a: Heatran|Taunt|p2a: Gliscor
|-start|p2a: Gliscor|move: Taunt
|
|-heal|p1a: Heatran|69/100 tox|[from] item: Leftovers
|-heal|p2a: Gliscor|100/100 tox|[from] ability: Poison Heal
|-damage|p1a: Heatran|62/100 tox|[from] psn
|upkeep
|turn|8
|
|t:|1743822581
|move|p2a: Gliscor|Acrobatics|p1a: Heatran
|-supereffective|p1a: Heatran
|-crit|p1a: Heatran
|-damage|p1a: Heatran|0 fnt
|faint|p1a: Heatran
|
|upkeep
|inactive|MrSuperstarrr has 90 seconds left.
|
|t:|1743822616
|switch|p1a: Iron Valiant|Iron Valiant|100/100
|-enditem|p1a: Iron Valiant|Booster Energy
|-activate|p1a: Iron Valiant|ability: Quark Drive|[fromitem]
|-start|p1a: Iron Valiant|quarkdrivespe
|turn|9
|
|t:|1743822621
|move|p1a: Iron Valiant|Calm Mind|p1a: Iron Valiant
|-boost|p1a: Iron Valiant|spa|1
|-boost|p1a: Iron Valiant|spd|1
|move|p2a: Gliscor|Acrobatics|p1a: Iron Valiant
|-supereffective|p1a: Iron Valiant
|-damage|p1a: Iron Valiant|0 fnt
|faint|p1a: Iron Valiant
|-end|p1a: Iron Valiant|Quark Drive|[silent]
|
|upkeep
|-message|MrSuperstarrr forfeited.
|
|win|sdgdshgfkgk
|raw|MrSuperstarrr's rating: 1244 &rarr; <strong>1222</strong><br />(-22 for losing)
|raw|sdgdshgfkgk's rating: 1283 &rarr; <strong>1305</strong><br />(+22 for winning)
|l|☆MrSuperstarrr
|player|p1|
