|j|☆dan melon
|j|☆hugobui0105
|t:|1743825591
|gametype|singles
|player|p1|dan melon|colress|1417
|player|p2|hugobui0105|scientist-gen4dp|1402
|teamsize|p1|6
|teamsize|p2|6
|gen|9
|tier|[Gen 9] OU
|rated|
|rule|HP Percentage Mod: HP is shown in percentages
|rule|Endless Battle Clause: Forcing endless battles is banned
|rule|Species Clause: Limit one of each Pokémon
|rule|OHKO Clause: OHKO moves are banned
|rule|Evasion Items Clause: Evasion items are banned
|rule|Evasion Moves Clause: Evasion moves are banned
|rule|Sleep Moves Clause: Sleep-inducing moves are banned
|clearpoke
|poke|p1|Pelipper, M|
|poke|p1|Barraskewda, M|
|poke|p1|Indeedee, M|
|poke|p1|Iron Treads|
|poke|p1|Golduck, M|
|poke|p1|Kingdra, F|
|poke|p2|Ursaluna, F|
|poke|p2|Alomomola, M|
|poke|p2|Scizor, F|
|poke|p2|Sinistcha|
|poke|p2|Iron Treads|
|poke|p2|Iron Valiant|
|teampreview
|inactive|Battle timer is ON: inactive players will automatically lose when time's up. (requested by dan melon)
|
|t:|1743825615
|start
|switch|p1a: Pelipper|Pelipper, M|100/100
|switch|p2a: Silicon Valley|Iron Valiant|100/100
|-weather|RainDance|[from] ability: Drizzle|[of] p1a: Pelipper
|turn|1
|
|t:|1743825631
|switch|p1a: Iron Treads|Iron Treads|100/100
|-enditem|p1a: Iron Treads|Booster Energy
|-activate|p1a: Iron Treads|ability: Quark Drive|[fromitem]
|-start|p1a: Iron Treads|quarkdrivespe
|move|p2a: Silicon Valley|Thunderbolt|p1a: Iron Treads
|-immune|p1a: Iron Treads
|
|-weather|RainDance|[upkeep]
|upkeep
|turn|2
|
|t:|1743825642
|-end|p2a: Silicon Valley|Quark Drive|[silent]
|switch|p2a: Monterey|Alomomola, M|100/100
|move|p1a: Iron Treads|Earthquake|p2a: Monterey
|-damage|p2a: Monterey|70/100
|
|-weather|RainDance|[upkeep]
|upkeep
|turn|3
|
|t:|1743825651
|move|p1a: Iron Treads|Stealth Rock|p2a: Monterey
|-sidestart|p2: hugobui0105|move: Stealth Rock
|move|p2a: Monterey|Scald|p1a: Iron Treads
|-supereffective|p1a: Iron Treads
|-damage|p1a: Iron Treads|36/100
|
|-weather|RainDance|[upkeep]
|upkeep
|turn|4
|
|t:|1743825664
|-end|p1a: Iron Treads|Quark Drive|[silent]
|switch|p1a: Golduck|Golduck, M|100/100
|move|p2a: Monterey|Flip Turn|p1a: Golduck
|-resisted|p1a: Golduck
|-damage|p1a: Golduck|85/100
|inactive|hugobui0105 has 120 seconds left.
|
|t:|1743825722
|switch|p2a: Japantown|Sinistcha|100/100|[from] Flip Turn
|
|-weather|RainDance|[upkeep]
|upkeep
|turn|5
|
|t:|1743825748
|switch|p1a: Pelipper|Pelipper, M|100/100
|move|p2a: Japantown|Matcha Gotcha|p1a: Pelipper
|-damage|p1a: Pelipper|57/100
|
|-weather|RainDance|[upkeep]
|upkeep
|turn|6
|
|t:|1743825755
|switch|p2a: Monterey|Alomomola, M|100/100
|-damage|p2a: Monterey|88/100|[from] Stealth Rock
|move|p1a: Pelipper|Hurricane|p2a: Monterey
|-damage|p2a: Monterey|55/100
|
|-weather|RainDance|[upkeep]
|upkeep
|turn|7
|
|t:|1743825763
|move|p1a: Pelipper|U-turn|p2a: Monterey
|-damage|p2a: Monterey|49/100
|-damage|p1a: Pelipper|40/100|[from] item: Rocky Helmet|[of] p2a: Monterey
|
|t:|1743825768
|switch|p1a: Kingdra|Kingdra, F|100/100|[from] U-turn
|move|p2a: Monterey|Flip Turn|p1a: Kingdra
|-resisted|p1a: Kingdra
|-damage|p1a: Kingdra|93/100
|inactive|hugobui0105 has 120 seconds left.
|inactive|hugobui0105 has 90 seconds left.
|
|t:|1743825817
|switch|p2a: Japantown|Sinistcha|100/100|[from] Flip Turn
|
|-weather|RainDance|[upkeep]
|upkeep
|turn|8
|
|t:|1743825834
|switch|p2a: Scizor|Scizor, F|100/100
|-damage|p2a: Scizor|88/100|[from] Stealth Rock
|move|p1a: Kingdra|Hurricane|p2a: Scizor
|-damage|p2a: Scizor|38/100
|-start|p2a: Scizor|confusion
|-damage|p1a: Kingdra|83/100|[from] item: Life Orb
|
|-weather|none
|upkeep
|turn|9
|
|t:|1743825848
|switch|p2a: Monterey|Alomomola, M|82/100
|-damage|p2a: Monterey|70/100|[from] Stealth Rock
|move|p1a: Kingdra|Flip Turn|p2a: Monterey
|-resisted|p2a: Monterey
|-damage|p2a: Monterey|61/100
|-damage|p1a: Kingdra|66/100|[from] item: Rocky Helmet|[of] p2a: Monterey
|-damage|p1a: Kingdra|57/100|[from] item: Life Orb
|
|t:|1743825867
|switch|p1a: Pelipper|Pelipper, M|40/100|[from] Flip Turn
|-weather|RainDance|[from] ability: Drizzle|[of] p1a: Pelipper
|
|-weather|RainDance|[upkeep]
|upkeep
|turn|10
|
|t:|1743825874
|switch|p1a: Kingdra|Kingdra, F|57/100
|move|p2a: Monterey|Wish|p2a: Monterey
|
|-weather|RainDance|[upkeep]
|upkeep
|turn|11
|inactive|hugobui0105 has 90 seconds left.
|
|t:|1743825894
|-terastallize|p2a: Monterey|Fairy
|move|p1a: Kingdra|Hurricane|p2a: Monterey
|-damage|p2a: Monterey|28/100
|-damage|p1a: Kingdra|47/100|[from] item: Life Orb
|move|p2a: Monterey|Flip Turn|p1a: Kingdra
|-resisted|p1a: Kingdra
|-damage|p1a: Kingdra|39/100
|inactive|hugobui0105 has 90 seconds left.
|
|t:|1743825899
|switch|p2a: Scizor|Scizor, F|38/100|[from] Flip Turn
|-damage|p2a: Scizor|26/100|[from] Stealth Rock
|
|-weather|RainDance|[upkeep]
|-heal|p2a: Scizor|100/100|[from] move: Wish|[wisher] Monterey
|upkeep
|turn|12
|inactive|hugobui0105 has 90 seconds left.
|
|t:|1743825913
|move|p2a: Scizor|Bullet Punch|p1a: Kingdra
|-resisted|p1a: Kingdra
|-damage|p1a: Kingdra|6/100
|move|p1a: Kingdra|Flip Turn|p2a: Scizor
|-damage|p2a: Scizor|59/100
|-damage|p1a: Kingdra|0 fnt|[from] item: Life Orb
|faint|p1a: Kingdra
|
|-weather|RainDance|[upkeep]
|upkeep
|
|t:|1743825922
|switch|p1a: Indeedee|Indeedee, M|100/100
|-fieldstart|move: Psychic Terrain|[from] ability: Psychic Surge|[of] p1a: Indeedee
|turn|13
|
|t:|1743825935
|switch|p1a: Iron Treads|Iron Treads|36/100
|switch|p2a: Mojave|Iron Treads|100/100
|-damage|p2a: Mojave|98/100|[from] Stealth Rock
|
|-weather|RainDance|[upkeep]
|-heal|p2a: Mojave|100/100|[from] item: Leftovers
|upkeep
|turn|14
|
|t:|1743825946
|move|p1a: Iron Treads|Earthquake|p2a: Mojave
|-supereffective|p2a: Mojave
|-damage|p2a: Mojave|31/100
|move|p2a: Mojave|Earthquake|p1a: Iron Treads
|-supereffective|p1a: Iron Treads
|-damage|p1a: Iron Treads|0 fnt
|faint|p1a: Iron Treads
|-end|p1a: Iron Treads|Quark Drive|[silent]
|
|-weather|RainDance|[upkeep]
|-heal|p2a: Mojave|37/100|[from] item: Leftovers
|upkeep
|
|t:|1743825957
|switch|p1a: Barraskewda|Barraskewda, M|100/100
|turn|15
|
|t:|1743825963
|-terastallize|p1a: Barraskewda|Water
|move|p1a: Barraskewda|Waterfall|p2a: Mojave
|-supereffective|p2a: Mojave
|-damage|p2a: Mojave|0 fnt
|faint|p2a: Mojave
|-end|p2a: Mojave|Quark Drive|[silent]
|-damage|p1a: Barraskewda|91/100|[from] item: Life Orb
|
|-weather|RainDance|[upkeep]
|upkeep
|
|t:|1743825970
|switch|p2a: Japantown|Sinistcha|100/100
|turn|16
|
|t:|1743825979
|move|p1a: Barraskewda|Flip Turn|p2a: Japantown
|-resisted|p2a: Japantown
|-damage|p2a: Japantown|68/100
|-damage|p1a: Barraskewda|81/100|[from] item: Life Orb
|
|t:|1743825983
|switch|p1a: Indeedee|Indeedee, M|100/100|[from] Flip Turn
|move|p2a: Japantown|Matcha Gotcha|p1a: Indeedee
|-damage|p1a: Indeedee|56/100
|-heal|p2a: Japantown|85/100|[from] drain|[of] p1a: Indeedee
|
|-weather|none
|upkeep
|turn|17
|
|t:|1743826000
|switch|p2a: Monterey|Alomomola, M, tera:Fairy|61/100
|-damage|p2a: Monterey|49/100|[from] Stealth Rock
|move|p1a: Indeedee|Expanding Force|p2a: Monterey
|-damage|p2a: Monterey|0 fnt
|faint|p2a: Monterey
|
|upkeep
|inactive|hugobui0105 has 120 seconds left.
|c|☆dan melon|posion jab does how much to this sini??
|c|☆dan melon|bruh
|
|t:|1743826021
|switch|p2a: Scizor|Scizor, F|59/100
|-damage|p2a: Scizor|47/100|[from] Stealth Rock
|turn|18
|
|t:|1743826031
|move|p1a: Indeedee|Expanding Force|p2a: Scizor
|-resisted|p2a: Scizor
|-damage|p2a: Scizor|3/100
|move|p2a: Scizor|U-turn|p1a: Indeedee
|-supereffective|p1a: Indeedee
|-damage|p1a: Indeedee|0 fnt
|faint|p1a: Indeedee
|
|t:|1743826045
|switch|p2a: Silicon Valley|Iron Valiant|100/100|[from] U-turn
|-damage|p2a: Silicon Valley|95/100|[from] Stealth Rock
|
|upkeep
|
|t:|1743826051
|switch|p1a: Pelipper|Pelipper, M|40/100
|-weather|RainDance|[from] ability: Drizzle|[of] p1a: Pelipper
|turn|19
|
|t:|1743826056
|move|p2a: Silicon Valley|Thunderbolt|p1a: Pelipper
|-supereffective|p1a: Pelipper
|-damage|p1a: Pelipper|0 fnt
|faint|p1a: Pelipper
|
|-weather|RainDance|[upkeep]
|upkeep
|
|t:|1743826061
|switch|p1a: Barraskewda|Barraskewda, M, tera:Water|81/100
|turn|20
|
|t:|1743826066
|-end|p2a: Silicon Valley|Quark Drive|[silent]
|switch|p2a: Scizor|Scizor, F|3/100
|-damage|p2a: Scizor|0 fnt|[from] Stealth Rock
|faint|p2a: Scizor
|move|p1a: Barraskewda|Waterfall|p2: Scizor|[notarget]
|-fail|p1a: Barraskewda
|
|-weather|RainDance|[upkeep]
|-fieldend|move: Psychic Terrain
|upkeep
|
|t:|1743826078
|switch|p2a: Japantown|Sinistcha|85/100
|turn|21
|
|t:|1743826086
|move|p1a: Barraskewda|Poison Jab|p2a: Japantown
|-damage|p2a: Japantown|58/100
|-damage|p1a: Barraskewda|71/100|[from] item: Life Orb
|move|p2a: Japantown|Matcha Gotcha|p1a: Barraskewda
|-supereffective|p1a: Barraskewda
|-damage|p1a: Barraskewda|0 fnt
|-heal|p2a: Japantown|85/100|[from] drain|[of] p1a: Barraskewda
|faint|p1a: Barraskewda
|
|-weather|RainDance|[upkeep]
|upkeep
|
|t:|1743826092
|switch|p1a: Golduck|Golduck, M|85/100
|turn|22
|
|t:|1743826111
|switch|p2a: Silicon Valley|Iron Valiant|95/100
|-damage|p2a: Silicon Valley|89/100|[from] Stealth Rock
|move|p1a: Golduck|Ice Beam|p2a: Silicon Valley
|-damage|p2a: Silicon Valley|31/100
|-damage|p1a: Golduck|76/100|[from] item: Life Orb
|
|-weather|RainDance|[upkeep]
|upkeep
|turn|23
|
|t:|1743826121
|move|p2a: Silicon Valley|Vacuum Wave|p1a: Golduck
|-damage|p1a: Golduck|35/100
|move|p1a: Golduck|Ice Beam|p2a: Silicon Valley
|-damage|p2a: Silicon Valley|0 fnt
|faint|p2a: Silicon Valley
|-end|p2a: Silicon Valley|Quark Drive|[silent]
|-damage|p1a: Golduck|26/100|[from] item: Life Orb
|
|-weather|RainDance|[upkeep]
|upkeep
|
|t:|1743826144
|switch|p2a: Big Bear|Ursaluna, F|100/100
|-damage|p2a: Big Bear|94/100|[from] Stealth Rock
|turn|24
|
|t:|1743826148
|move|p1a: Golduck|Hydro Pump|p2a: Big Bear
|-supereffective|p2a: Big Bear
|-damage|p2a: Big Bear|0 fnt
|faint|p2a: Big Bear
|-damage|p1a: Golduck|16/100|[from] item: Life Orb
|
|-weather|RainDance|[upkeep]
|upkeep
|
|t:|1743826153
|switch|p2a: Japantown|Sinistcha|85/100
|turn|25
|
|t:|1743826157
|move|p1a: Golduck|Ice Beam|p2a: Japantown
|-supereffective|p2a: Japantown
|-damage|p2a: Japantown|9/100
|-damage|p1a: Golduck|6/100|[from] item: Life Orb
|move|p2a: Japantown|Shadow Ball|p1a: Golduck
|-damage|p1a: Golduck|0 fnt
|faint|p1a: Golduck
|
|win|hugobui0105
|raw|dan melon's rating: 1417 &rarr; <strong>1396</strong><br />(-21 for losing)
|raw|hugobui0105's rating: 1402 &rarr; <strong>1423</strong><br />(+21 for winning)
|c|☆hugobui0105|gg
|l|☆dan melon
|player|p1|
