|j|☆cookie12328
|j|☆TromboneVGC
|t:|1743877970
|gametype|singles
|player|p1|cookie12328|266|1454
|player|p2|TromboneVGC|workerice|1480
|teamsize|p1|6
|teamsize|p2|6
|gen|9
|tier|[Gen 9] OU
|rated|
|rule|HP Percentage Mod: HP is shown in percentages
|rule|Endless Battle Clause: Forcing endless battles is banned
|rule|Species Clause: Limit one of each Pokémon
|rule|OHKO Clause: OHKO moves are banned
|rule|Evasion Items Clause: Evasion items are banned
|rule|Evasion Moves Clause: Evasion moves are banned
|rule|Sleep Moves Clause: Sleep-inducing moves are banned
|clearpoke
|poke|p1|Kyurem|
|poke|p1|Slowking-Galar, M|
|poke|p1|Moltres|
|poke|p1|Porygon-Z|
|poke|p1|Araquanid, M|
|poke|p1|Iron Treads|
|poke|p2|Greninja-*, M|
|poke|p2|Great Tusk|
|poke|p2|Moltres|
|poke|p2|Raging Bolt|
|poke|p2|Glimmora, M|
|poke|p2|Iron Valiant|
|teampreview
|inactive|Battle timer is ON: inactive players will automatically lose when time's up. (requested by TromboneVGC)
|
|t:|1743877999
|start
|switch|p1a: -> sticky web <-|Araquanid, M|100/100
|switch|p2a: Glimmora|Glimmora, M|100/100
|turn|1
|
|t:|1743878005
|move|p2a: Glimmora|Stealth Rock|p1a: -> sticky web <-
|-sidestart|p1: cookie12328|move: Stealth Rock
|move|p1a: -> sticky web <-|Liquidation|p2a: Glimmora
|-supereffective|p2a: Glimmora
|-enditem|p2a: Glimmora|Focus Sash
|-damage|p2a: Glimmora|1/100
|-unboost|p2a: Glimmora|def|1
|-activate|p2a: Glimmora|ability: Toxic Debris
|-sidestart|p1: cookie12328|move: Toxic Spikes
|
|upkeep
|turn|2
|
|t:|1743878010
|move|p2a: Glimmora|Sludge Wave|p1a: -> sticky web <-
|-damage|p1a: -> sticky web <-|65/100
|move|p1a: -> sticky web <-|Sticky Web|p2a: Glimmora
|-sidestart|p2: TromboneVGC|move: Sticky Web
|
|upkeep
|turn|3
|
|t:|1743878018
|move|p2a: Glimmora|Earth Power|p1a: -> sticky web <-
|-resisted|p1a: -> sticky web <-
|-damage|p1a: -> sticky web <-|54/100
|move|p1a: -> sticky web <-|Liquidation|p2a: Glimmora
|-supereffective|p2a: Glimmora
|-damage|p2a: Glimmora|0 fnt
|-activate|p2a: Glimmora|ability: Toxic Debris
|-sidestart|p1: cookie12328|move: Toxic Spikes
|faint|p2a: Glimmora
|
|upkeep
|
|t:|1743878021
|switch|p2a: Raging Bolt|Raging Bolt|100/100
|-activate|p2a: Raging Bolt|move: Sticky Web
|-unboost|p2a: Raging Bolt|spe|1
|turn|4
|
|t:|1743878028
|move|p2a: Raging Bolt|Draco Meteor|p1a: -> sticky web <-
|-damage|p1a: -> sticky web <-|0 fnt
|-unboost|p2a: Raging Bolt|spa|2
|faint|p1a: -> sticky web <-
|
|upkeep
|
|t:|1743878037
|switch|p1a: zoomer|Iron Treads|100/100
|-damage|p1a: zoomer|97/100|[from] Stealth Rock
|turn|5
|
|t:|1743878042
|-end|p2a: Raging Bolt|Protosynthesis|[silent]
|switch|p2a: Great Tusk|Great Tusk|100/100
|move|p1a: zoomer|Rapid Spin|p2a: Great Tusk
|-damage|p2a: Great Tusk|89/100
|-boost|p1a: zoomer|spe|1
|-sideend|p1: cookie12328|Toxic Spikes|[from] move: Rapid Spin|[of] p1a: zoomer
|-sideend|p1: cookie12328|Stealth Rock|[from] move: Rapid Spin|[of] p1a: zoomer
|
|-heal|p1a: zoomer|100/100|[from] item: Leftovers
|upkeep
|turn|6
|
|t:|1743878060
|-end|p1a: zoomer|Quark Drive|[silent]
|switch|p1a: gambling denier|Moltres|100/100
|move|p2a: Great Tusk|Rapid Spin|p1a: gambling denier
|-damage|p1a: gambling denier|88/100
|-boost|p2a: Great Tusk|spe|1
|-sideend|p2: TromboneVGC|Sticky Web|[from] move: Rapid Spin|[of] p2a: Great Tusk
|
|upkeep
|turn|7
|
|t:|1743878067
|-end|p2a: Great Tusk|Protosynthesis|[silent]
|switch|p2a: Moltres|Moltres|100/100
|move|p1a: gambling denier|Will-O-Wisp|p2a: Moltres
|-immune|p2a: Moltres
|
|upkeep
|turn|8
|
|t:|1743878073
|move|p1a: gambling denier|Roost|p1a: gambling denier
|-heal|p1a: gambling denier|100/100
|-singleturn|p1a: gambling denier|move: Roost
|move|p2a: Moltres|U-turn|p1a: gambling denier
|-resisted|p1a: gambling denier
|-damage|p1a: gambling denier|95/100
|
|t:|1743878075
|switch|p2a: Greninja|Greninja, M|100/100|[from] U-turn
|
|upkeep
|turn|9
|
|t:|1743878086
|switch|p2a: Raging Bolt|Raging Bolt|100/100
|switch|p1a: zoop|Slowking-Galar, M|100/100
|
|upkeep
|turn|10
|
|t:|1743878094
|move|p2a: Raging Bolt|Draco Meteor|p1a: zoop
|-damage|p1a: zoop|52/100
|-unboost|p2a: Raging Bolt|spa|2
|move|p1a: zoop|Sludge Bomb|p2a: Raging Bolt
|-damage|p2a: Raging Bolt|80/100
|-status|p2a: Raging Bolt|psn
|
|-heal|p1a: zoop|58/100|[from] item: Black Sludge
|-damage|p2a: Raging Bolt|67/100 psn|[from] psn
|upkeep
|turn|11
|
|t:|1743878101
|-end|p2a: Raging Bolt|Protosynthesis|[silent]
|switch|p2a: Greninja|Greninja, M|100/100
|move|p1a: zoop|Thunder Wave|p2a: Greninja|[miss]
|-miss|p1a: zoop|p2a: Greninja
|
|-heal|p1a: zoop|64/100|[from] item: Black Sludge
|upkeep
|turn|12
|inactive|TromboneVGC has 120 seconds left.
|
|t:|1743878153
|switch|p2a: Raging Bolt|Raging Bolt|67/100 psn
|switch|p1a: guess my set|Kyurem|100/100
|-ability|p1a: guess my set|Pressure
|
|-damage|p2a: Raging Bolt|55/100 psn|[from] psn
|upkeep
|turn|13
|
|t:|1743878169
|-terastallize|p2a: Raging Bolt|Fairy
|move|p1a: guess my set|Freeze-Dry|p2a: Raging Bolt
|-damage|p2a: Raging Bolt|33/100 psn
|move|p2a: Raging Bolt|Draco Meteor|p1a: guess my set
|-supereffective|p1a: guess my set
|-damage|p1a: guess my set|0 fnt
|-unboost|p2a: Raging Bolt|spa|2
|faint|p1a: guess my set
|
|-damage|p2a: Raging Bolt|21/100 psn|[from] psn
|upkeep
|
|t:|1743878185
|switch|p1a: steel chair|Porygon-Z|100/100
|-ability|p1a: steel chair|Download|boost
|-boost|p1a: steel chair|spa|1
|turn|14
|inactive|TromboneVGC has 120 seconds left.
|
|t:|1743878194
|move|p2a: Raging Bolt|Thunderclap||[still]
|-fail|p2a: Raging Bolt
|move|p1a: steel chair|Nasty Plot|p1a: steel chair
|-boost|p1a: steel chair|spa|2
|
|-damage|p2a: Raging Bolt|8/100 psn|[from] psn
|upkeep
|turn|15
|
|t:|1743878205
|move|p2a: Raging Bolt|Thunderclap||[still]
|-fail|p2a: Raging Bolt
|move|p1a: steel chair|Nasty Plot|p1a: steel chair
|-boost|p1a: steel chair|spa|2
|
|-damage|p2a: Raging Bolt|0 fnt|[from] psn
|faint|p2a: Raging Bolt
|-end|p2a: Raging Bolt|Protosynthesis|[silent]
|upkeep
|
|t:|1743878208
|switch|p2a: Iron Valiant|Iron Valiant|100/100
|-enditem|p2a: Iron Valiant|Booster Energy
|-activate|p2a: Iron Valiant|ability: Quark Drive|[fromitem]
|-start|p2a: Iron Valiant|quarkdrivespe
|turn|16
|
|t:|1743878225
|-terastallize|p1a: steel chair|Ground
|move|p2a: Iron Valiant|Knock Off|p1a: steel chair
|-damage|p1a: steel chair|48/100
|-enditem|p1a: steel chair|Expert Belt|[from] move: Knock Off|[of] p2a: Iron Valiant
|move|p1a: steel chair|Tera Blast|p2a: Iron Valiant|[anim] Tera Blast Ground
|-damage|p2a: Iron Valiant|0 fnt
|faint|p2a: Iron Valiant
|-end|p2a: Iron Valiant|Quark Drive|[silent]
|
|upkeep
|
|t:|1743878228
|switch|p2a: Greninja|Greninja, M|100/100
|turn|17
|
|t:|1743878236
|switch|p1a: zoop|Slowking-Galar, M|98/100
|move|p2a: Greninja|Hydro Pump|p1a: zoop
|-damage|p1a: zoop|68/100
|
|-heal|p1a: zoop|74/100|[from] item: Black Sludge
|upkeep
|turn|18
|
|t:|1743878242
|move|p2a: Greninja|Dark Pulse|p1a: zoop
|-supereffective|p1a: zoop
|-damage|p1a: zoop|30/100
|move|p1a: zoop|Thunder Wave|p2a: Greninja
|-status|p2a: Greninja|par
|
|-heal|p1a: zoop|36/100|[from] item: Black Sludge
|upkeep
|turn|19
|
|t:|1743878270
|switch|p1a: zoomer|Iron Treads|100/100
|move|p2a: Greninja|Dark Pulse|p1a: zoomer
|-damage|p1a: zoomer|48/100
|
|-heal|p1a: zoomer|54/100|[from] item: Leftovers
|upkeep
|turn|20
|
|t:|1743878277
|move|p2a: Greninja|Water Shuriken|p1a: zoomer
|-supereffective|p1a: zoomer
|-damage|p1a: zoomer|36/100
|-supereffective|p1a: zoomer
|-damage|p1a: zoomer|17/100
|-supereffective|p1a: zoomer
|-damage|p1a: zoomer|0 fnt
|faint|p1a: zoomer
|-end|p1a: zoomer|Quark Drive|[silent]
|-ability|p2a: Greninja|Battle Bond|boost
|-boost|p2a: Greninja|atk|1
|-boost|p2a: Greninja|spa|1
|-boost|p2a: Greninja|spe|1
|-activate|p2a: Greninja|ability: Battle Bond
|-hitcount|p1: zoomer|3
|
|upkeep
|
|t:|1743878281
|switch|p1a: steel chair|Porygon-Z, tera:Ground|48/100
|-ability|p1a: steel chair|Download|boost
|-boost|p1a: steel chair|atk|1
|turn|21
|
|t:|1743878285
|move|p2a: Greninja|Water Shuriken|p1a: steel chair
|-supereffective|p1a: steel chair
|-damage|p1a: steel chair|21/100
|-supereffective|p1a: steel chair
|-damage|p1a: steel chair|0 fnt
|faint|p1a: steel chair
|-hitcount|p1: steel chair|2
|
|upkeep
|
|t:|1743878301
|switch|p1a: gambling denier|Moltres|95/100
|turn|22
|
|t:|1743878309
|cant|p2a: Greninja|par
|move|p1a: gambling denier|U-turn|p2a: Greninja
|-supereffective|p2a: Greninja
|-damage|p2a: Greninja|52/100 par
|
|t:|1743878313
|switch|p1a: zoop|Slowking-Galar, M|69/100|[from] U-turn
|
|-heal|p1a: zoop|75/100|[from] item: Black Sludge
|upkeep
|turn|23
|
|t:|1743878319
|move|p2a: Greninja|Dark Pulse|p1a: zoop
|-supereffective|p1a: zoop
|-damage|p1a: zoop|11/100
|move|p1a: zoop|Sludge Bomb|p2a: Greninja
|-damage|p2a: Greninja|0 fnt
|faint|p2a: Greninja
|
|-heal|p1a: zoop|17/100|[from] item: Black Sludge
|upkeep
|
|t:|1743878324
|switch|p2a: Moltres|Moltres|100/100
|turn|24
|
|t:|1743878328
|switch|p1a: gambling denier|Moltres|95/100
|move|p2a: Moltres|Flamethrower|p1a: gambling denier
|-resisted|p1a: gambling denier
|-damage|p1a: gambling denier|78/100
|
|upkeep
|turn|25
|
|t:|1743878337
|switch|p1a: zoop|Slowking-Galar, M|50/100
|move|p2a: Moltres|Flamethrower|p1a: zoop
|-damage|p1a: zoop|24/100
|
|-heal|p1a: zoop|30/100|[from] item: Black Sludge
|upkeep
|turn|26
|
|t:|1743878342
|switch|p1a: gambling denier|Moltres|78/100
|move|p2a: Moltres|U-turn|p1a: gambling denier
|-resisted|p1a: gambling denier
|-damage|p1a: gambling denier|75/100
|
|t:|1743878343
|switch|p2a: Great Tusk|Great Tusk|89/100|[from] U-turn
|
|upkeep
|turn|27
|
|t:|1743878352
|-end|p2a: Great Tusk|Protosynthesis|[silent]
|switch|p2a: Moltres|Moltres|100/100
|move|p1a: gambling denier|Will-O-Wisp|p2a: Moltres
|-immune|p2a: Moltres
|
|upkeep
|turn|28
|
|t:|1743878356
|switch|p1a: zoop|Slowking-Galar, M|63/100
|move|p2a: Moltres|U-turn|p1a: zoop
|-damage|p1a: zoop|50/100
|
|t:|1743878358
|switch|p2a: Great Tusk|Great Tusk|89/100|[from] U-turn
|
|-heal|p1a: zoop|57/100|[from] item: Black Sludge
|upkeep
|turn|29
|
|t:|1743878362
|switch|p1a: gambling denier|Moltres|75/100
|move|p2a: Great Tusk|Ice Spinner|p1a: gambling denier
|-damage|p1a: gambling denier|54/100
|
|upkeep
|turn|30
|
|t:|1743878371
|-end|p2a: Great Tusk|Protosynthesis|[silent]
|switch|p2a: Moltres|Moltres|100/100
|move|p1a: gambling denier|Roost|p1a: gambling denier
|-heal|p1a: gambling denier|100/100
|-singleturn|p1a: gambling denier|move: Roost
|
|upkeep
|turn|31
|
|t:|1743878377
|move|p1a: gambling denier|Flamethrower|p2a: Moltres
|-resisted|p2a: Moltres
|-crit|p2a: Moltres
|-damage|p2a: Moltres|79/100
|move|p2a: Moltres|Flamethrower|p1a: gambling denier
|-resisted|p1a: gambling denier
|-damage|p1a: gambling denier|82/100
|
|upkeep
|turn|32
|
|t:|1743878382
|move|p2a: Moltres|Flamethrower|p1a: gambling denier
|-resisted|p1a: gambling denier
|-damage|p1a: gambling denier|62/100
|move|p1a: gambling denier|Flamethrower|p2a: Moltres
|-resisted|p2a: Moltres
|-damage|p2a: Moltres|65/100
|
|upkeep
|turn|33
|
|t:|1743878389
|move|p2a: Moltres|Flamethrower|p1a: gambling denier
|-resisted|p1a: gambling denier
|-damage|p1a: gambling denier|43/100
|move|p1a: gambling denier|Flamethrower|p2a: Moltres
|-resisted|p2a: Moltres
|-damage|p2a: Moltres|51/100
|
|upkeep
|turn|34
|
|t:|1743878396
|move|p2a: Moltres|Roost|p2a: Moltres
|-heal|p2a: Moltres|100/100
|-singleturn|p2a: Moltres|move: Roost
|move|p1a: gambling denier|Roost|p1a: gambling denier
|-heal|p1a: gambling denier|93/100
|-singleturn|p1a: gambling denier|move: Roost
|
|upkeep
|turn|35
|
|t:|1743878402
|switch|p1a: zoop|Slowking-Galar, M|90/100
|move|p2a: Moltres|Flamethrower|p1a: zoop
|-damage|p1a: zoop|67/100
|
|-heal|p1a: zoop|73/100|[from] item: Black Sludge
|upkeep
|turn|36
|
|t:|1743878405
|move|p2a: Moltres|U-turn|p1a: zoop
|-damage|p1a: zoop|60/100
|
|t:|1743878407
|switch|p2a: Great Tusk|Great Tusk|89/100|[from] U-turn
|move|p1a: zoop|Thunder Wave|p2a: Great Tusk
|-immune|p2a: Great Tusk
|
|-heal|p1a: zoop|66/100|[from] item: Black Sludge
|upkeep
|turn|37
|
|t:|1743878414
|switch|p1a: gambling denier|Moltres|93/100
|move|p2a: Great Tusk|Rapid Spin|p1a: gambling denier
|-damage|p1a: gambling denier|80/100
|-boost|p2a: Great Tusk|spe|1
|-status|p2a: Great Tusk|brn|[from] ability: Flame Body|[of] p1a: gambling denier
|
|-damage|p2a: Great Tusk|83/100 brn|[from] brn
|upkeep
|turn|38
|-message|TromboneVGC forfeited.
|
|win|cookie12328
|raw|cookie12328's rating: 1454 &rarr; <strong>1475</strong><br />(+21 for winning)
|raw|TromboneVGC's rating: 1480 &rarr; <strong>1459</strong><br />(-21 for losing)
|l|☆TromboneVGC
|player|p2|
|l|☆cookie12328
|player|p1|
