|j|☆Johnb777$$$
|j|☆noahthebadplayer
|t:|1743812176
|gametype|singles
|player|p1|Johnb777$$$|170|1153
|player|p2|noahthebadplayer|1|1206
|teamsize|p1|6
|teamsize|p2|6
|gen|9
|tier|[Gen 9] OU
|rated|
|rule|HP Percentage Mod: HP is shown in percentages
|rule|Endless Battle Clause: Forcing endless battles is banned
|rule|Species Clause: Limit one of each Pokémon
|rule|OHKO Clause: OHKO moves are banned
|rule|Evasion Items Clause: Evasion items are banned
|rule|Evasion Moves Clause: Evasion moves are banned
|rule|Sleep Moves Clause: Sleep-inducing moves are banned
|clearpoke
|poke|p1|Noivern, M|
|poke|p1|Toxapex, F|
|poke|p1|Excadrill, M|
|poke|p1|Hippowdon, F|
|poke|p1|Keldeo-Resolute|
|poke|p1|Greninja-*, M|
|poke|p2|Gholdengo|
|poke|p2|Enamorus, F|
|poke|p2|Uxie|
|poke|p2|Swampert, F|
|poke|p2|Wartortle, M|
|poke|p2|Ursaluna, F|
|teampreview
|c|☆noahthebadplayer|Glhf
|c|☆Johnb777$$$|u too
|
|t:|1743812188
|start
|switch|p1a: Toxapex|Toxapex, F|100/100
|switch|p2a: Uxie|Uxie|100/100
|turn|1
|inactive|Battle timer is ON: inactive players will automatically lose when time's up. (requested by noahthebadplayer)
|
|t:|1743812194
|move|p2a: Uxie|Mystical Power|p1a: Toxapex
|-supereffective|p1a: Toxapex
|-damage|p1a: Toxapex|41/100
|-boost|p2a: Uxie|spa|1
|move|p1a: Toxapex|Toxic Spikes|p2a: Uxie
|-sidestart|p2: noahthebadplayer|move: Toxic Spikes
|
|-heal|p1a: Toxapex|47/100|[from] item: Black Sludge
|upkeep
|turn|2
|
|t:|1743812204
|switch|p1a: Greninja|Greninja, M|100/100
|move|p2a: Uxie|Mystical Power|p1a: Greninja
|-immune|p1a: Greninja
|
|upkeep
|turn|3
|
|t:|1743812211
|switch|p2a: Enamorus|Enamorus, F|100/100
|move|p1a: Greninja|Dark Pulse|p2a: Enamorus
|-resisted|p2a: Enamorus
|-damage|p2a: Enamorus|66/100
|-damage|p1a: Greninja|91/100|[from] item: Life Orb
|
|upkeep
|turn|4
|
|t:|1743812219
|move|p1a: Greninja|Ice Beam|p2a: Enamorus
|-supereffective|p2a: Enamorus
|-damage|p2a: Enamorus|0 fnt
|faint|p2a: Enamorus
|-ability|p1a: Greninja|Battle Bond|boost
|-boost|p1a: Greninja|atk|1
|-boost|p1a: Greninja|spa|1
|-boost|p1a: Greninja|spe|1
|-activate|p1a: Greninja|ability: Battle Bond
|-damage|p1a: Greninja|81/100|[from] item: Life Orb
|
|upkeep
|
|t:|1743812222
|switch|p2a: Wartortle|Wartortle, M, shiny|100/100
|-status|p2a: Wartortle|psn
|turn|5
|c|☆Johnb777$$$|wartortle?
|
|t:|1743812239
|-terastallize|p2a: Wartortle|Poison
|move|p1a: Greninja|Dark Pulse|p2a: Wartortle
|-damage|p2a: Wartortle|40/100 psn
|-damage|p1a: Greninja|71/100|[from] item: Life Orb
|move|p2a: Wartortle|Rapid Spin|p1a: Greninja
|-damage|p1a: Greninja|59/100
|-boost|p2a: Wartortle|spe|1
|-sideend|p2: noahthebadplayer|Toxic Spikes|[from] move: Rapid Spin|[of] p2a: Wartortle
|
|-damage|p2a: Wartortle|28/100 psn|[from] psn
|upkeep
|turn|6
|
|t:|1743812251
|switch|p2a: Ursaluna|Ursaluna, F|100/100
|move|p1a: Greninja|Water Shuriken|p2a: Ursaluna
|-supereffective|p2a: Ursaluna
|-damage|p2a: Ursaluna|79/100
|-supereffective|p2a: Ursaluna
|-damage|p2a: Ursaluna|54/100
|-supereffective|p2a: Ursaluna
|-damage|p2a: Ursaluna|29/100
|-hitcount|p2a: Ursaluna|3
|-damage|p1a: Greninja|49/100|[from] item: Life Orb
|
|-status|p2a: Ursaluna|brn|[from] item: Flame Orb
|upkeep
|turn|7
|
|t:|1743812264
|move|p1a: Greninja|Surf|p2a: Ursaluna
|-supereffective|p2a: Ursaluna
|-damage|p2a: Ursaluna|0 fnt
|faint|p2a: Ursaluna
|-damage|p1a: Greninja|39/100|[from] item: Life Orb
|
|upkeep
|
|t:|1743812270
|switch|p2a: Swampert|Swampert, F|100/100
|turn|8
|
|t:|1743812277
|move|p1a: Greninja|Surf|p2a: Swampert
|-damage|p2a: Swampert|33/100
|-damage|p1a: Greninja|29/100|[from] item: Life Orb
|move|p2a: Swampert|Earthquake|p1a: Greninja
|-damage|p1a: Greninja|0 fnt
|faint|p1a: Greninja
|
|-heal|p2a: Swampert|39/100|[from] item: Leftovers
|upkeep
|
|t:|1743812286
|switch|p1a: Noivern|Noivern, M, shiny|100/100
|turn|9
|
|t:|1743812291
|move|p1a: Noivern|Boomburst|p2a: Swampert
|-damage|p2a: Swampert|0 fnt
|faint|p2a: Swampert
|
|upkeep
|
|t:|1743812296
|switch|p2a: Uxie|Uxie|100/100
|turn|10
|
|t:|1743812303
|-terastallize|p1a: Noivern|Normal
|move|p1a: Noivern|Boomburst|p2a: Uxie
|-damage|p2a: Uxie|20/100
|move|p2a: Uxie|Dazzling Gleam|p1a: Noivern
|-damage|p1a: Noivern|60/100
|
|upkeep
|turn|11
|
|t:|1743812310
|move|p1a: Noivern|Boomburst|p2a: Uxie
|-damage|p2a: Uxie|0 fnt
|faint|p2a: Uxie
|
|upkeep
|
|t:|1743812312
|switch|p2a: Gholdengo|Gholdengo|100/100
|turn|12
|
|t:|1743812316
|switch|p1a: Hippowdon|Hippowdon, F|100/100
|-weather|Sandstorm|[from] ability: Sand Stream|[of] p1a: Hippowdon
|move|p2a: Gholdengo|Nasty Plot|p2a: Gholdengo
|-boost|p2a: Gholdengo|spa|2
|
|-weather|Sandstorm|[upkeep]
|upkeep
|turn|13
|
|t:|1743812330
|move|p2a: Gholdengo|Make It Rain|p1a: Hippowdon
|-damage|p1a: Hippowdon|0 fnt
|-unboost|p2a: Gholdengo|spa|1
|faint|p1a: Hippowdon
|-damage|p2a: Gholdengo|91/100|[from] item: Life Orb
|
|-weather|Sandstorm|[upkeep]
|upkeep
|
|t:|1743812341
|switch|p1a: Excadrill|Excadrill, M|100/100
|turn|14
|
|t:|1743812347
|move|p1a: Excadrill|Earthquake|p2a: Gholdengo
|-supereffective|p2a: Gholdengo
|-damage|p2a: Gholdengo|0 fnt
|faint|p2a: Gholdengo
|
|-weather|Sandstorm|[upkeep]
|upkeep
|
|t:|1743812354
|switch|p2a: Wartortle|Wartortle, M, shiny, tera:Poison|28/100 psn
|turn|15
|
|t:|1743812357
|move|p1a: Excadrill|Earthquake|p2a: Wartortle
|-supereffective|p2a: Wartortle
|-damage|p2a: Wartortle|0 fnt
|faint|p2a: Wartortle
|
|win|Johnb777$$$
|raw|Johnb777$$$'s rating: 1153 &rarr; <strong>1182</strong><br />(+29 for winning)
|raw|noahthebadplayer's rating: 1206 &rarr; <strong>1177</strong><br />(-29 for losing)
|c|☆Johnb777$$$|gg
|l|☆Johnb777$$$
|player|p1|
|c|☆noahthebadplayer|Gg
|l|☆noahthebadplayer
|player|p2|
