|j|‽itsumade mars
|j|☆junyuu7
|t:|1743892470
|gametype|singles
|player|p1|itsumade mars|drayden|1346
|player|p2|junyuu7|n|1356
|teamsize|p1|6
|teamsize|p2|6
|gen|9
|tier|[Gen 9] OU
|rated|
|rule|HP Percentage Mod: HP is shown in percentages
|rule|Endless Battle Clause: Forcing endless battles is banned
|rule|Species Clause: Limit one of each Pokémon
|rule|OHKO Clause: OHKO moves are banned
|rule|Evasion Items Clause: Evasion items are banned
|rule|Evasion Moves Clause: Evasion moves are banned
|rule|Sleep Moves Clause: Sleep-inducing moves are banned
|clearpoke
|poke|p1|Slowking-Galar, M|
|poke|p1|Skeledirge, M|
|poke|p1|Froslass, F|
|poke|p1|Araquanid, M|
|poke|p1|Landorus-Therian, M|
|poke|p1|Great Tusk|
|poke|p2|Mimikyu, M|
|poke|p2|Hatterene, F|
|poke|p2|Iron Valiant|
|poke|p2|Kingambit, M|
|poke|p2|Goodra-Hisui, F|
|poke|p2|Dragonite, F|
|teampreview
|inactive|Battle timer is ON: inactive players will automatically lose when time's up. (requested by itsumade mars)
|
|t:|1743892485
|start
|switch|p1a: Araquanid|Araquanid, M|100/100
|switch|p2a: Hatterene|Hatterene, F|100/100
|turn|1
|
|t:|1743892495
|move|p1a: Araquanid|Liquidation|p2a: Hatterene
|-damage|p2a: Hatterene|39/100
|move|p2a: Hatterene|Trick Room|p2a: Hatterene
|-fieldstart|move: Trick Room|[of] p2a: Hatterene
|
|-heal|p2a: Hatterene|45/100|[from] item: Leftovers
|upkeep
|turn|2
|
|t:|1743892510
|move|p2a: Hatterene|Calm Mind|p2a: Hatterene
|-boost|p2a: Hatterene|spa|1
|-boost|p2a: Hatterene|spd|1
|move|p1a: Araquanid|Reflect|p1a: Araquanid
|-sidestart|p1: itsumade mars|Reflect
|
|-heal|p2a: Hatterene|51/100|[from] item: Leftovers
|upkeep
|turn|3
|
|t:|1743892520
|move|p2a: Hatterene|Draining Kiss|p1a: Araquanid
|-damage|p1a: Araquanid|56/100
|-heal|p2a: Hatterene|80/100|[from] drain|[of] p1a: Araquanid
|move|p1a: Araquanid|Liquidation|p2a: Hatterene
|-damage|p2a: Hatterene|18/100
|
|-heal|p2a: Hatterene|24/100|[from] item: Leftovers
|upkeep
|turn|4
|
|t:|1743892543
|switch|p1a: Slowking|Slowking-Galar, M|100/100
|move|p2a: Hatterene|Draining Kiss|p1a: Slowking
|-resisted|p1a: Slowking
|-damage|p1a: Slowking|82/100
|-heal|p2a: Hatterene|39/100|[from] drain|[of] p1a: Slowking
|
|-heal|p2a: Hatterene|45/100|[from] item: Leftovers
|upkeep
|turn|5
|
|t:|1743892554
|-terastallize|p2a: Hatterene|Steel
|move|p2a: Hatterene|Psychic Noise|p1a: Slowking
|-damage|p1a: Slowking|29/100
|-start|p1a: Slowking|move: Heal Block
|-prepare|p1a: Slowking|Chilly Reception|[premajor]
|move|p1a: Slowking|Chilly Reception|p1a: Slowking
|-weather|Snowscape
|
|t:|1743892565
|switch|p1a: Skeledirge|Skeledirge, M|100/100|[from] Chilly Reception
|
|-weather|Snowscape|[upkeep]
|-heal|p2a: Hatterene|51/100|[from] item: Leftovers
|-fieldend|move: Trick Room
|upkeep
|turn|6
|
|t:|1743892578
|move|p1a: Skeledirge|Torch Song|p2a: Hatterene
|-supereffective|p2a: Hatterene
|-damage|p2a: Hatterene|0 fnt
|-boost|p1a: Skeledirge|spa|1
|faint|p2a: Hatterene
|
|-weather|Snowscape|[upkeep]
|-sideend|p1: itsumade mars|Reflect
|upkeep
|
|t:|1743892591
|switch|p2a: Goodra|Goodra-Hisui, F|100/100
|turn|7
|
|t:|1743892612
|move|p1a: Skeledirge|Torch Song|p2a: Goodra
|-damage|p2a: Goodra|80/100
|-boost|p1a: Skeledirge|spa|1
|move|p2a: Goodra|Hydro Pump|p1a: Skeledirge
|-supereffective|p1a: Skeledirge
|-damage|p1a: Skeledirge|33/100
|
|-weather|Snowscape|[upkeep]
|upkeep
|turn|8
|
|t:|1743892626
|move|p1a: Skeledirge|Slack Off|p1a: Skeledirge
|-heal|p1a: Skeledirge|84/100
|move|p2a: Goodra|Hydro Pump|p1a: Skeledirge
|-supereffective|p1a: Skeledirge
|-damage|p1a: Skeledirge|25/100
|
|-weather|Snowscape|[upkeep]
|upkeep
|turn|9
|
|t:|1743892635
|move|p1a: Skeledirge|Slack Off|p1a: Skeledirge
|-heal|p1a: Skeledirge|75/100
|move|p2a: Goodra|Hydro Pump|p1a: Skeledirge
|-supereffective|p1a: Skeledirge
|-damage|p1a: Skeledirge|11/100
|
|-weather|Snowscape|[upkeep]
|upkeep
|turn|10
|
|t:|1743892643
|switch|p1a: Araquanid|Araquanid, M|56/100
|move|p2a: Goodra|Hydro Pump|p1a: Araquanid
|-resisted|p1a: Araquanid
|-damage|p1a: Araquanid|38/100
|
|-weather|Snowscape|[upkeep]
|upkeep
|turn|11
|
|t:|1743892658
|move|p2a: Goodra|Flash Cannon|p1a: Araquanid
|-resisted|p1a: Araquanid
|-damage|p1a: Araquanid|21/100
|move|p1a: Araquanid|Sticky Web|p2a: Goodra
|-sidestart|p2: junyuu7|move: Sticky Web
|
|-weather|Snowscape|[upkeep]
|upkeep
|turn|12
|
|t:|1743892669
|switch|p1a: Slowking|Slowking-Galar, M|62/100
|move|p2a: Goodra|Flash Cannon|p1a: Slowking
|-damage|p1a: Slowking|31/100
|
|-weather|none
|upkeep
|turn|13
|
|t:|1743892678
|switch|p1a: Skeledirge|Skeledirge, M|11/100
|move|p2a: Goodra|Flash Cannon|p1a: Skeledirge
|-resisted|p1a: Skeledirge
|-damage|p1a: Skeledirge|0 fnt
|faint|p1a: Skeledirge
|
|upkeep
|
|t:|1743892688
|switch|p1a: Slowking|Slowking-Galar, M|64/100
|turn|14
|
|t:|1743892691
|move|p2a: Goodra|Flash Cannon|p1a: Slowking
|-crit|p1a: Slowking
|-damage|p1a: Slowking|15/100
|-prepare|p1a: Slowking|Chilly Reception|[premajor]
|move|p1a: Slowking|Chilly Reception|p1a: Slowking
|-weather|Snowscape
|inactive|itsumade mars has 120 seconds left.
|
|t:|1743892736
|switch|p1a: Great Tusk|Great Tusk|100/100|[from] Chilly Reception
|
|-weather|Snowscape|[upkeep]
|upkeep
|turn|15
|
|t:|1743892743
|-end|p1a: Great Tusk|Protosynthesis|[silent]
|switch|p1a: Araquanid|Araquanid, M|21/100
|move|p2a: Goodra|Hydro Pump|p1a: Araquanid|[miss]
|-miss|p2a: Goodra|p1a: Araquanid
|
|-weather|Snowscape|[upkeep]
|upkeep
|turn|16
|inactive|itsumade mars has 120 seconds left.
|-enditem|p1a: Araquanid|Custap Berry|[eat]
|-activate|p1a: Araquanid|item: Custap Berry|[consumed]
|
|t:|1743892752
|move|p1a: Araquanid|Liquidation|p2a: Goodra
|-resisted|p2a: Goodra
|-damage|p2a: Goodra|53/100
|-ability|p2a: Goodra|Gooey
|-unboost|p1a: Araquanid|spe|1
|move|p2a: Goodra|Hydro Pump|p1a: Araquanid
|-resisted|p1a: Araquanid
|-damage|p1a: Araquanid|4/100
|
|-weather|Snowscape|[upkeep]
|upkeep
|turn|17
|inactive|itsumade mars has 120 seconds left.
|
|t:|1743892765
|move|p2a: Goodra|Flash Cannon|p1a: Araquanid
|-resisted|p1a: Araquanid
|-damage|p1a: Araquanid|0 fnt
|faint|p1a: Araquanid
|
|-weather|Snowscape|[upkeep]
|upkeep
|
|t:|1743892770
|switch|p1a: Great Tusk|Great Tusk|100/100
|turn|18
|
|t:|1743892781
|move|p1a: Great Tusk|Headlong Rush|p2a: Goodra
|-supereffective|p2a: Goodra
|-damage|p2a: Goodra|0 fnt
|-unboost|p1a: Great Tusk|def|1
|-unboost|p1a: Great Tusk|spd|1
|-ability|p2a: Goodra|Gooey
|-unboost|p1a: Great Tusk|spe|1
|faint|p2a: Goodra
|
|-weather|Snowscape|[upkeep]
|upkeep
|
|t:|1743892792
|switch|p2a: Iron Valiant|Iron Valiant, shiny|100/100
|-activate|p2a: Iron Valiant|move: Sticky Web
|-unboost|p2a: Iron Valiant|spe|1
|-enditem|p2a: Iron Valiant|Booster Energy
|-activate|p2a: Iron Valiant|ability: Quark Drive|[fromitem]
|-start|p2a: Iron Valiant|quarkdrivespa
|turn|19
|
|t:|1743892800
|-end|p1a: Great Tusk|Protosynthesis|[silent]
|switch|p1a: Slowking|Slowking-Galar, M|48/100
|move|p2a: Iron Valiant|Moonblast|p1a: Slowking
|-resisted|p1a: Slowking
|-damage|p1a: Slowking|26/100
|
|-weather|Snowscape|[upkeep]
|upkeep
|turn|20
|
|t:|1743892818
|switch|p1a: Landorus|Landorus-Therian, M|100/100
|-ability|p1a: Landorus|Intimidate|boost
|-unboost|p2a: Iron Valiant|atk|1
|move|p2a: Iron Valiant|Destiny Bond|p2a: Iron Valiant
|-singlemove|p2a: Iron Valiant|Destiny Bond
|
|-weather|Snowscape|[upkeep]
|upkeep
|turn|21
|
|t:|1743892829
|move|p1a: Landorus|Gravity|p1a: Landorus
|-fieldstart|move: Gravity
|move|p2a: Iron Valiant|Moonblast|p1a: Landorus
|-crit|p1a: Landorus
|-damage|p1a: Landorus|0 fnt
|faint|p1a: Landorus
|
|-weather|none
|upkeep
|
|t:|1743892842
|switch|p1a: Slowking|Slowking-Galar, M|59/100
|turn|22
|
|t:|1743892848
|move|p2a: Iron Valiant|Destiny Bond|p2a: Iron Valiant
|-singlemove|p2a: Iron Valiant|Destiny Bond
|-prepare|p1a: Slowking|Chilly Reception|[premajor]
|move|p1a: Slowking|Chilly Reception|p1a: Slowking
|-weather|Snowscape
|
|t:|1743892861
|switch|p1a: Froslass|Froslass, F|100/100|[from] Chilly Reception
|
|-weather|Snowscape|[upkeep]
|upkeep
|turn|23
|inactive|junyuu7 has 120 seconds left.
|inactive|itsumade mars has 120 seconds left.
|
|t:|1743892902
|move|p1a: Froslass|Aurora Veil|p1a: Froslass
|-sidestart|p1: itsumade mars|move: Aurora Veil
|move|p2a: Iron Valiant|Moonblast|p1a: Froslass
|-damage|p1a: Froslass|61/100
|-start|p2a: Iron Valiant|Disable|Moonblast|[from] ability: Cursed Body|[of] p1a: Froslass
|
|-weather|Snowscape|[upkeep]
|upkeep
|turn|24
|inactive|itsumade mars has 120 seconds left.
|inactive|junyuu7 has 120 seconds left.
|
|t:|1743892913
|switch|p1a: Great Tusk|Great Tusk|100/100
|move|p2a: Iron Valiant|Thunderbolt|p1a: Great Tusk
|-immune|p1a: Great Tusk
|
|-weather|Snowscape|[upkeep]
|upkeep
|turn|25
|inactive|itsumade mars has 120 seconds left.
|inactive|junyuu7 has 120 seconds left.
|
|t:|1743892924
|move|p1a: Great Tusk|Bulk Up|p1a: Great Tusk
|-boost|p1a: Great Tusk|atk|1
|-boost|p1a: Great Tusk|def|1
|move|p2a: Iron Valiant|Destiny Bond|p2a: Iron Valiant
|-singlemove|p2a: Iron Valiant|Destiny Bond
|
|-weather|Snowscape|[upkeep]
|-fieldend|move: Gravity
|upkeep
|turn|26
|inactive|itsumade mars has 120 seconds left.
|
|t:|1743892935
|move|p1a: Great Tusk|Bulk Up|p1a: Great Tusk
|-boost|p1a: Great Tusk|atk|1
|-boost|p1a: Great Tusk|def|1
|move|p2a: Iron Valiant|Aura Sphere|p1a: Great Tusk
|-damage|p1a: Great Tusk|72/100
|
|-weather|Snowscape|[upkeep]
|-end|p2a: Iron Valiant|Disable
|upkeep
|turn|27
|
|t:|1743892945
|move|p1a: Great Tusk|Headlong Rush|p2a: Iron Valiant
|-damage|p2a: Iron Valiant|0 fnt
|-unboost|p1a: Great Tusk|def|1
|-unboost|p1a: Great Tusk|spd|1
|faint|p2a: Iron Valiant
|-end|p2a: Iron Valiant|Quark Drive|[silent]
|
|-weather|Snowscape|[upkeep]
|upkeep
|
|t:|1743892957
|switch|p2a: Dragonite|Dragonite, F|100/100
|turn|28
|
|t:|1743892967
|move|p1a: Great Tusk|Knock Off|p2a: Dragonite
|-damage|p2a: Dragonite|62/100
|-enditem|p2a: Dragonite|Heavy-Duty Boots|[from] move: Knock Off|[of] p1a: Great Tusk
|move|p2a: Dragonite|Ice Spinner|p1a: Great Tusk
|-supereffective|p1a: Great Tusk
|-damage|p1a: Great Tusk|56/100
|
|-weather|Snowscape|[upkeep]
|upkeep
|turn|29
|
|t:|1743892976
|move|p1a: Great Tusk|Knock Off|p2a: Dragonite
|-damage|p2a: Dragonite|16/100
|move|p2a: Dragonite|Dragon Dance|p2a: Dragonite
|-boost|p2a: Dragonite|atk|1
|-boost|p2a: Dragonite|spe|1
|-enditem|p1a: Great Tusk|Mirror Herb
|-boost|p1a: Great Tusk|atk|1|[from] item: Mirror Herb
|-boost|p1a: Great Tusk|spe|1|[from] item: Mirror Herb
|
|-weather|none
|upkeep
|turn|30
|
|t:|1743892992
|move|p1a: Great Tusk|Knock Off|p2a: Dragonite
|-damage|p2a: Dragonite|0 fnt
|faint|p2a: Dragonite
|
|-sideend|p1: itsumade mars|move: Aurora Veil
|upkeep
|
|t:|1743893001
|switch|p2a: Mimikyu|Mimikyu, M, shiny|100/100
|-activate|p2a: Mimikyu|move: Sticky Web
|-unboost|p2a: Mimikyu|spe|1
|turn|31
|
|t:|1743893010
|move|p1a: Great Tusk|Knock Off|p2a: Mimikyu
|-activate|p2a: Mimikyu|ability: Disguise
|-damage|p2a: Mimikyu|100/100
|-enditem|p2a: Mimikyu|Leftovers|[from] move: Knock Off|[of] p1a: Great Tusk
|detailschange|p2a: Mimikyu|Mimikyu-Busted, M, shiny
|-damage|p2a: Mimikyu|88/100|[from] pokemon: Mimikyu-Busted
|move|p2a: Mimikyu|Swords Dance|p2a: Mimikyu
|-boost|p2a: Mimikyu|atk|2
|
|upkeep
|turn|32
|
|t:|1743893029
|move|p1a: Great Tusk|Knock Off|p2a: Mimikyu
|-damage|p2a: Mimikyu|8/100
|move|p2a: Mimikyu|Play Rough|p1a: Great Tusk
|-supereffective|p1a: Great Tusk
|-damage|p1a: Great Tusk|0 fnt
|faint|p1a: Great Tusk
|-end|p1a: Great Tusk|Protosynthesis|[silent]
|
|upkeep
|
|t:|1743893037
|switch|p1a: Slowking|Slowking-Galar, M|92/100
|turn|33
|
|t:|1743893041
|move|p2a: Mimikyu|Phantom Force||[still]
|-prepare|p2a: Mimikyu|Phantom Force
|move|p1a: Slowking|Ice Beam|p2a: Mimikyu|[miss]
|-miss|p1a: Slowking|p2a: Mimikyu
|
|upkeep
|turn|34
|
|t:|1743893050
|-terastallize|p1a: Slowking|Fairy
|move|p2a: Mimikyu|Phantom Force|p1a: Slowking|[from] lockedmove
|-damage|p1a: Slowking|31/100
|move|p1a: Slowking|Ice Beam|p2a: Mimikyu
|-damage|p2a: Mimikyu|0 fnt
|faint|p2a: Mimikyu
|
|upkeep
|
|t:|1743893060
|switch|p2a: Kingambit|Kingambit, M, shiny|100/100
|-activate|p2a: Kingambit|ability: Supreme Overlord
|-start|p2a: Kingambit|fallen5|[silent]
|-item|p2a: Kingambit|Air Balloon
|turn|35
|
|t:|1743893066
|move|p2a: Kingambit|Iron Head|p1a: Slowking
|-supereffective|p1a: Slowking
|-damage|p1a: Slowking|0 fnt
|faint|p1a: Slowking
|
|upkeep
|-message|itsumade mars forfeited.
|
|win|junyuu7
|raw|itsumade mars's rating: 1346 &rarr; <strong>1327</strong><br />(-19 for losing)
|raw|junyuu7's rating: 1356 &rarr; <strong>1375</strong><br />(+19 for winning)
|l|‽itsumade mars
|player|p1|
|l|☆junyuu7
|player|p2|
