|j|☆arj.uno
|j|☆jluizbr
|t:|1743783380
|gametype|singles
|player|p1|arj.uno|doctor|1283
|player|p2|jluizbr|steven|1268
|teamsize|p1|6
|teamsize|p2|6
|gen|9
|tier|[Gen 9] OU
|rated|
|rule|HP Percentage Mod: HP is shown in percentages
|rule|Endless Battle Clause: Forcing endless battles is banned
|rule|Species Clause: Limit one of each Pokémon
|rule|OHKO Clause: OHKO moves are banned
|rule|Evasion Items Clause: Evasion items are banned
|rule|Evasion Moves Clause: Evasion moves are banned
|rule|Sleep Moves Clause: Sleep-inducing moves are banned
|clearpoke
|poke|p1|Leavanny, M|
|poke|p1|Ninetales, F|
|poke|p1|Victreebel, F|
|poke|p1|Quaquaval, M|
|poke|p1|Kilowattrel, M|
|poke|p1|Mimikyu, F|
|poke|p2|Rillaboom, M|
|poke|p2|Primarina, M|
|poke|p2|Slowking-Galar, M|
|poke|p2|Hawlucha, F|
|poke|p2|Zamazenta-*|
|poke|p2|Glimmora, M|
|teampreview
|inactive|Battle timer is ON: inactive players will automatically lose when time's up. (requested by jluizbr)
|
|t:|1743783392
|start
|switch|p1a: Quaquaval|Quaquaval, M|100/100
|switch|p2a: Glimmora|Glimmora, M|100/100
|turn|1
|
|t:|1743783396
|move|p2a: Glimmora|Energy Ball|p1a: Quaquaval
|-supereffective|p1a: Quaquaval
|-damage|p1a: Quaquaval|16/100
|move|p1a: Quaquaval|Aqua Step|p2a: Glimmora
|-supereffective|p2a: Glimmora
|-damage|p2a: Glimmora|7/100
|-boost|p1a: Quaquaval|spe|1
|-activate|p2a: Glimmora|ability: Toxic Debris
|-sidestart|p1: arj.uno|move: Toxic Spikes
|
|upkeep
|turn|2
|
|t:|1743783404
|move|p1a: Quaquaval|Aqua Step|p2a: Glimmora
|-supereffective|p2a: Glimmora
|-damage|p2a: Glimmora|0 fnt
|-boost|p1a: Quaquaval|spe|1
|-activate|p2a: Glimmora|ability: Toxic Debris
|-sidestart|p1: arj.uno|move: Toxic Spikes
|faint|p2a: Glimmora
|-ability|p1a: Quaquaval|Moxie|boost
|-boost|p1a: Quaquaval|atk|1
|
|upkeep
|
|t:|1743783408
|switch|p2a: Rillaboom|Rillaboom, M|100/100
|-fieldstart|move: Grassy Terrain|[from] ability: Grassy Surge|[of] p2a: Rillaboom
|turn|3
|
|t:|1743783413
|switch|p1a: Victreebel|Victreebel, F|100/100
|-sideend|p1: arj.uno|move: Toxic Spikes|[of] p1a: Victreebel
|move|p2a: Rillaboom|Grassy Glide|p1a: Victreebel
|-resisted|p1a: Victreebel
|-damage|p1a: Victreebel|84/100
|
|-heal|p1a: Victreebel|90/100|[from] Grassy Terrain
|upkeep
|turn|4
|
|t:|1743783419
|switch|p1a: Ninetales|Ninetales, F|100/100
|-weather|SunnyDay|[from] ability: Drought|[of] p1a: Ninetales
|move|p2a: Rillaboom|U-turn|p1a: Ninetales
|-resisted|p1a: Ninetales
|-damage|p1a: Ninetales|80/100
|inactive|jluizbr has 120 seconds left.
|
|t:|1743783449
|switch|p2a: Primarina|Primarina, M|100/100|[from] U-turn
|
|-weather|SunnyDay|[upkeep]
|-heal|p1a: Ninetales|86/100|[from] Grassy Terrain
|upkeep
|turn|5
|inactive|jluizbr has 120 seconds left.
|
|t:|1743783465
|switch|p2a: Rillaboom|Rillaboom, M|100/100
|move|p1a: Ninetales|Nasty Plot|p1a: Ninetales
|-boost|p1a: Ninetales|spa|2
|
|-weather|SunnyDay|[upkeep]
|-heal|p1a: Ninetales|92/100|[from] Grassy Terrain
|upkeep
|turn|6
|inactive|jluizbr has 120 seconds left.
|
|t:|1743783471
|move|p2a: Rillaboom|Grassy Glide|p1a: Ninetales
|-resisted|p1a: Ninetales
|-damage|p1a: Ninetales|61/100
|move|p1a: Ninetales|Flamethrower|p2a: Rillaboom
|-supereffective|p2a: Rillaboom
|-damage|p2a: Rillaboom|0 fnt
|faint|p2a: Rillaboom
|
|-weather|SunnyDay|[upkeep]
|-heal|p1a: Ninetales|67/100|[from] Grassy Terrain
|upkeep
|inactive|jluizbr has 120 seconds left.
|
|t:|1743783476
|switch|p2a: Hawlucha|Hawlucha, F|100/100
|-ability|p2a: Hawlucha|Mold Breaker
|-enditem|p2a: Hawlucha|Grassy Seed
|-boost|p2a: Hawlucha|def|1|[from] item: Grassy Seed
|turn|7
|
|t:|1743783484
|move|p2a: Hawlucha|Swords Dance|p2a: Hawlucha
|-boost|p2a: Hawlucha|atk|2
|move|p1a: Ninetales|Psyshock|p2a: Hawlucha
|-supereffective|p2a: Hawlucha
|-damage|p2a: Hawlucha|24/100
|
|-weather|SunnyDay|[upkeep]
|-heal|p1a: Ninetales|73/100|[from] Grassy Terrain
|-fieldend|move: Grassy Terrain
|upkeep
|turn|8
|
|t:|1743783488
|move|p2a: Hawlucha|Close Combat|p1a: Ninetales
|-damage|p1a: Ninetales|0 fnt
|-unboost|p2a: Hawlucha|def|1
|-unboost|p2a: Hawlucha|spd|1
|faint|p1a: Ninetales
|
|-weather|SunnyDay|[upkeep]
|upkeep
|
|t:|1743783495
|switch|p1a: Leavanny|Leavanny, M|100/100
|turn|9
|
|t:|1743783499
|move|p1a: Leavanny|Triple Axel|p2a: Hawlucha|[miss]
|-miss|p1a: Leavanny|p2a: Hawlucha
|move|p2a: Hawlucha|Acrobatics|p1a: Leavanny
|-supereffective|p1a: Leavanny
|-enditem|p1a: Leavanny|Focus Sash
|-damage|p1a: Leavanny|1/100
|
|-weather|SunnyDay|[upkeep]
|upkeep
|turn|10
|
|t:|1743783513
|switch|p2a: Zamazenta|Zamazenta|100/100
|-ability|p2a: Zamazenta|Dauntless Shield|boost
|-boost|p2a: Zamazenta|def|1
|move|p1a: Leavanny|Triple Axel|p2a: Zamazenta
|-damage|p2a: Zamazenta|97/100
|-damage|p2a: Zamazenta|90/100
|-damage|p2a: Zamazenta|79/100
|-hitcount|p2a: Zamazenta|3
|
|-weather|SunnyDay|[upkeep]
|upkeep
|turn|11
|
|t:|1743783523
|move|p1a: Leavanny|Sticky Web|p2a: Zamazenta
|-sidestart|p2: jluizbr|move: Sticky Web
|move|p2a: Zamazenta|Iron Defense|p2a: Zamazenta
|-boost|p2a: Zamazenta|def|2
|
|-weather|none
|upkeep
|turn|12
|
|t:|1743783532
|move|p2a: Zamazenta|Iron Defense|p2a: Zamazenta
|-boost|p2a: Zamazenta|def|2
|move|p1a: Leavanny|Leaf Blade|p2a: Zamazenta
|-damage|p2a: Zamazenta|69/100
|
|upkeep
|turn|13
|
|t:|1743783535
|move|p2a: Zamazenta|Body Press|p1a: Leavanny
|-resisted|p1a: Leavanny
|-damage|p1a: Leavanny|0 fnt
|faint|p1a: Leavanny
|
|upkeep
|
|t:|1743783548
|switch|p1a: Kilowattrel|Kilowattrel, M|100/100
|turn|14
|
|t:|1743783552
|-terastallize|p2a: Zamazenta|Steel
|move|p1a: Kilowattrel|Thunder Wave|p2a: Zamazenta
|-status|p2a: Zamazenta|par
|cant|p2a: Zamazenta|par
|
|upkeep
|turn|15
|
|t:|1743783556
|move|p1a: Kilowattrel|Discharge|p2a: Zamazenta
|-damage|p2a: Zamazenta|39/100 par
|move|p2a: Zamazenta|Body Press|p1a: Kilowattrel
|-resisted|p1a: Kilowattrel
|-enditem|p1a: Kilowattrel|Focus Sash
|-damage|p1a: Kilowattrel|1/100
|
|upkeep
|turn|16
|
|t:|1743783559
|move|p1a: Kilowattrel|Discharge|p2a: Zamazenta
|-damage|p2a: Zamazenta|12/100 par
|move|p2a: Zamazenta|Iron Head|p1a: Kilowattrel
|-resisted|p1a: Kilowattrel
|-damage|p1a: Kilowattrel|0 fnt
|faint|p1a: Kilowattrel
|
|upkeep
|
|t:|1743783565
|switch|p1a: Quaquaval|Quaquaval, M|16/100
|turn|17
|
|t:|1743783568
|switch|p2a: Primarina|Primarina, M|100/100
|-activate|p2a: Primarina|move: Sticky Web
|-unboost|p2a: Primarina|spe|1
|move|p1a: Quaquaval|Close Combat|p2a: Primarina
|-resisted|p2a: Primarina
|-damage|p2a: Primarina|66/100
|-unboost|p1a: Quaquaval|def|1
|-unboost|p1a: Quaquaval|spd|1
|
|-heal|p2a: Primarina|72/100|[from] item: Leftovers
|upkeep
|turn|18
|
|t:|1743783573
|move|p1a: Quaquaval|Triple Axel|p2a: Primarina
|-resisted|p2a: Primarina
|-damage|p2a: Primarina|68/100
|-resisted|p2a: Primarina
|-damage|p2a: Primarina|60/100
|-resisted|p2a: Primarina
|-damage|p2a: Primarina|47/100
|-hitcount|p2a: Primarina|3
|move|p2a: Primarina|Psychic Noise|p1a: Quaquaval
|-resisted|p1a: Quaquaval
|-damage|p1a: Quaquaval|0 fnt
|faint|p1a: Quaquaval
|
|-heal|p2a: Primarina|54/100|[from] item: Leftovers
|upkeep
|
|t:|1743783579
|switch|p1a: Victreebel|Victreebel, F|90/100
|turn|19
|
|t:|1743783586
|move|p1a: Victreebel|Poison Jab|p2a: Primarina
|-supereffective|p2a: Primarina
|-damage|p2a: Primarina|0 fnt
|faint|p2a: Primarina
|
|upkeep
|
|t:|1743783593
|switch|p2a: Slowking|Slowking-Galar, M|100/100
|turn|20
|
|t:|1743783597
|move|p1a: Victreebel|Growth|p1a: Victreebel
|-boost|p1a: Victreebel|atk|1
|-boost|p1a: Victreebel|spa|1
|move|p2a: Slowking|Sludge Wave|p1a: Victreebel
|-damage|p1a: Victreebel|33/100
|
|upkeep
|turn|21
|
|t:|1743783601
|move|p1a: Victreebel|Poison Jab|p2a: Slowking
|-resisted|p2a: Slowking
|-damage|p2a: Slowking|72/100
|move|p2a: Slowking|Sludge Wave|p1a: Victreebel
|-damage|p1a: Victreebel|0 fnt
|faint|p1a: Victreebel
|
|upkeep
|
|t:|1743783604
|switch|p1a: Mimikyu|Mimikyu, F|100/100
|turn|22
|
|t:|1743783612
|move|p1a: Mimikyu|Swords Dance|p1a: Mimikyu
|-boost|p1a: Mimikyu|atk|2
|move|p2a: Slowking|Thunder Wave|p1a: Mimikyu
|-status|p1a: Mimikyu|par
|
|upkeep
|turn|23
|
|t:|1743783615
|move|p1a: Mimikyu|Leech Life|p2a: Slowking
|-damage|p2a: Slowking|23/100
|move|p2a: Slowking|Sludge Wave|p1a: Mimikyu
|-activate|p1a: Mimikyu|ability: Disguise
|-damage|p1a: Mimikyu|100/100 par
|detailschange|p1a: Mimikyu|Mimikyu-Busted, F
|-damage|p1a: Mimikyu|88/100 par|[from] pokemon: Mimikyu-Busted
|
|upkeep
|turn|24
|
|t:|1743783621
|-terastallize|p1a: Mimikyu|Ghost
|move|p1a: Mimikyu|Leech Life|p2a: Slowking
|-damage|p2a: Slowking|0 fnt
|-heal|p1a: Mimikyu|100/100 par|[from] drain|[of] p2a: Slowking
|faint|p2a: Slowking
|
|upkeep
|
|t:|1743783632
|switch|p2a: Zamazenta|Zamazenta, tera:Steel|12/100 par
|-activate|p2a: Zamazenta|move: Sticky Web
|-unboost|p2a: Zamazenta|spe|1
|turn|25
|
|t:|1743783634
|move|p1a: Mimikyu|Wood Hammer|p2a: Zamazenta
|-resisted|p2a: Zamazenta
|-damage|p2a: Zamazenta|0 fnt
|faint|p2a: Zamazenta
|-damage|p1a: Mimikyu|95/100 par|[from] Recoil
|
|upkeep
|
|t:|1743783636
|switch|p2a: Hawlucha|Hawlucha, F|24/100
|-ability|p2a: Hawlucha|Mold Breaker
|turn|26
|
|t:|1743783639
|move|p2a: Hawlucha|Acrobatics|p1a: Mimikyu
|-damage|p1a: Mimikyu|24/100 par
|move|p1a: Mimikyu|Play Rough|p2a: Hawlucha
|-supereffective|p2a: Hawlucha
|-damage|p2a: Hawlucha|0 fnt
|faint|p2a: Hawlucha
|
|win|arj.uno
|raw|arj.uno's rating: 1283 &rarr; <strong>1307</strong><br />(+24 for winning)
|raw|jluizbr's rating: 1268 &rarr; <strong>1244</strong><br />(-24 for losing)
|l|☆jluizbr
|player|p2|
|l|☆arj.uno
|player|p1|
