|j|☆slowpoketailchef
|j|☆Gazoil
|t:|1743885541
|gametype|singles
|player|p1|slowpoketailchef|rocketgrunt|1295
|player|p2|Gazoil|marshal|1271
|teamsize|p1|6
|teamsize|p2|6
|gen|9
|tier|[Gen 9] OU
|rated|
|rule|HP Percentage Mod: HP is shown in percentages
|rule|Endless Battle Clause: Forcing endless battles is banned
|rule|Species Clause: Limit one of each Pokémon
|rule|OHKO Clause: OHKO moves are banned
|rule|Evasion Items Clause: Evasion items are banned
|rule|Evasion Moves Clause: Evasion moves are banned
|rule|Sleep Moves Clause: Sleep-inducing moves are banned
|clearpoke
|poke|p1|Slowking-Galar, F|
|poke|p1|Dragapult, M|
|poke|p1|Corviknight, M|
|poke|p1|Iron Valiant|
|poke|p1|Kingambit, F|
|poke|p1|Araquanid, M|
|poke|p2|Umbreon, F|
|poke|p2|Oricorio-Pom-Pom, F|
|poke|p2|Rillaboom, F|
|poke|p2|Avalugg, M|
|poke|p2|Landorus-Therian, M|
|poke|p2|Registeel|
|teampreview
|inactive|Battle timer is ON: inactive players will automatically lose when time's up. (requested by slowpoketailchef)
|
|t:|1743885562
|start
|switch|p1a: Araquanid|Araquanid, M|100/100
|switch|p2a: Landorus|Landorus-Therian, M|100/100
|-ability|p2a: Landorus|Intimidate|boost
|-unboost|p1a: Araquanid|atk|1
|turn|1
|
|t:|1743885567
|move|p2a: Landorus|Taunt|p1a: Araquanid
|-start|p1a: Araquanid|move: Taunt
|move|p1a: Araquanid|Liquidation|p2a: Landorus
|-supereffective|p2a: Landorus
|-damage|p2a: Landorus|14/100
|
|-heal|p2a: Landorus|20/100|[from] item: Leftovers
|upkeep
|turn|2
|
|t:|1743885575
|move|p2a: Landorus|U-turn|p1a: Araquanid
|-damage|p1a: Araquanid|79/100
|
|t:|1743885581
|switch|p2a: Avalugg|Avalugg, M|100/100|[from] U-turn
|move|p1a: Araquanid|Liquidation|p2a: Avalugg
|-damage|p2a: Avalugg|83/100
|
|upkeep
|turn|3
|
|t:|1743885592
|switch|p1a: Slowking|Slowking-Galar, F|100/100
|move|p2a: Avalugg|Avalanche|p1a: Slowking
|-damage|p1a: Slowking|74/100
|
|upkeep
|turn|4
|
|t:|1743885598
|move|p1a: Slowking|Flamethrower|p2a: Avalugg
|-supereffective|p2a: Avalugg
|-damage|p2a: Avalugg|0 fnt
|faint|p2a: Avalugg
|
|upkeep
|
|t:|1743885606
|switch|p2a: Landorus|Landorus-Therian, M|20/100
|-ability|p2a: Landorus|Intimidate|boost
|-unboost|p1a: Slowking|atk|1
|turn|5
|
|t:|1743885613
|switch|p1a: Araquanid|Araquanid, M|79/100
|move|p2a: Landorus|Earth Power|p1a: Araquanid
|-resisted|p1a: Araquanid
|-damage|p1a: Araquanid|66/100
|-unboost|p1a: Araquanid|spd|1
|
|-heal|p2a: Landorus|26/100|[from] item: Leftovers
|upkeep
|turn|6
|
|t:|1743885626
|move|p2a: Landorus|Taunt|p1a: Araquanid
|-start|p1a: Araquanid|move: Taunt
|move|p1a: Araquanid|Liquidation|p2a: Landorus
|-supereffective|p2a: Landorus
|-damage|p2a: Landorus|0 fnt
|faint|p2a: Landorus
|
|upkeep
|
|t:|1743885633
|switch|p2a: Oricorio|Oricorio-Pom-Pom, F|100/100
|turn|7
|
|t:|1743885642
|switch|p1a: Slowking|Slowking-Galar, F|100/100
|move|p2a: Oricorio|Quiver Dance|p2a: Oricorio
|-boost|p2a: Oricorio|spa|1
|-boost|p2a: Oricorio|spd|1
|-boost|p2a: Oricorio|spe|1
|
|upkeep
|turn|8
|
|t:|1743885651
|move|p2a: Oricorio|Air Slash|p1a: Slowking
|-damage|p1a: Slowking|82/100
|move|p1a: Slowking|Ice Beam|p2a: Oricorio
|-supereffective|p2a: Oricorio
|-damage|p2a: Oricorio|50/100
|
|upkeep
|turn|9
|
|t:|1743885661
|move|p2a: Oricorio|Roost|p2a: Oricorio
|-heal|p2a: Oricorio|100/100
|-singleturn|p2a: Oricorio|move: Roost
|move|p1a: Slowking|Ice Beam|p2a: Oricorio
|-damage|p2a: Oricorio|77/100
|
|upkeep
|turn|10
|
|t:|1743885671
|move|p2a: Oricorio|Quiver Dance|p2a: Oricorio
|-boost|p2a: Oricorio|spa|1
|-boost|p2a: Oricorio|spd|1
|-boost|p2a: Oricorio|spe|1
|move|p1a: Slowking|Sludge Bomb|p2a: Oricorio
|-damage|p2a: Oricorio|51/100
|
|upkeep
|turn|11
|
|t:|1743885680
|move|p2a: Oricorio|Roost|p2a: Oricorio
|-heal|p2a: Oricorio|100/100
|-singleturn|p2a: Oricorio|move: Roost
|move|p1a: Slowking|Sludge Bomb|p2a: Oricorio
|-damage|p2a: Oricorio|75/100
|-status|p2a: Oricorio|psn
|
|-damage|p2a: Oricorio|62/100 psn|[from] psn
|upkeep
|turn|12
|
|t:|1743885689
|move|p2a: Oricorio|Air Slash|p1a: Slowking
|-damage|p1a: Slowking|59/100
|move|p1a: Slowking|Ice Beam|p2a: Oricorio
|-supereffective|p2a: Oricorio
|-damage|p2a: Oricorio|26/100 psn
|
|-damage|p2a: Oricorio|14/100 psn|[from] psn
|upkeep
|turn|13
|
|t:|1743885696
|move|p2a: Oricorio|Roost|p2a: Oricorio
|-heal|p2a: Oricorio|64/100 psn
|-singleturn|p2a: Oricorio|move: Roost
|move|p1a: Slowking|Ice Beam|p2a: Oricorio
|-damage|p2a: Oricorio|47/100 psn
|
|-damage|p2a: Oricorio|34/100 psn|[from] psn
|upkeep
|turn|14
|
|t:|1743885704
|move|p2a: Oricorio|Roost|p2a: Oricorio
|-heal|p2a: Oricorio|84/100 psn
|-singleturn|p2a: Oricorio|move: Roost
|move|p1a: Slowking|Ice Beam|p2a: Oricorio
|-damage|p2a: Oricorio|67/100 psn
|
|-damage|p2a: Oricorio|55/100 psn|[from] psn
|upkeep
|turn|15
|
|t:|1743885712
|move|p2a: Oricorio|Roost|p2a: Oricorio
|-heal|p2a: Oricorio|100/100 psn
|-singleturn|p2a: Oricorio|move: Roost
|move|p1a: Slowking|Ice Beam|p2a: Oricorio
|-damage|p2a: Oricorio|83/100 psn
|
|-damage|p2a: Oricorio|71/100 psn|[from] psn
|upkeep
|turn|16
|
|t:|1743885720
|move|p2a: Oricorio|Revelation Dance|p1a: Slowking
|-damage|p1a: Slowking|32/100
|move|p1a: Slowking|Psyshock|p2a: Oricorio
|-damage|p2a: Oricorio|35/100 psn
|
|-damage|p2a: Oricorio|22/100 psn|[from] psn
|upkeep
|turn|17
|
|t:|1743885735
|switch|p1a: Dragapult|Dragapult, M|100/100
|move|p2a: Oricorio|Air Slash|p1a: Dragapult
|-damage|p1a: Dragapult|36/100
|
|-damage|p2a: Oricorio|10/100 psn|[from] psn
|upkeep
|turn|18
|
|t:|1743885749
|switch|p1a: Slowking|Slowking-Galar, F|65/100
|move|p2a: Oricorio|Air Slash|p1a: Slowking
|-damage|p1a: Slowking|39/100
|
|-damage|p2a: Oricorio|0 fnt|[from] psn
|faint|p2a: Oricorio
|upkeep
|
|t:|1743885758
|switch|p2a: Umbreon|Umbreon, F|100/100
|turn|19
|
|t:|1743885765
|switch|p1a: Araquanid|Araquanid, M|66/100
|move|p2a: Umbreon|Foul Play|p1a: Araquanid
|-damage|p1a: Araquanid|30/100
|
|upkeep
|turn|20
|
|t:|1743885771
|move|p1a: Araquanid|Endure|p1a: Araquanid
|-singleturn|p1a: Araquanid|move: Endure
|move|p2a: Umbreon|Foul Play|p1a: Araquanid
|-activate|p1a: Araquanid|move: Endure
|-damage|p1a: Araquanid|1/100
|
|upkeep
|turn|21
|-enditem|p1a: Araquanid|Custap Berry|[eat]
|-activate|p1a: Araquanid|item: Custap Berry|[consumed]
|
|t:|1743885781
|move|p2a: Umbreon|Protect|p2a: Umbreon
|-singleturn|p2a: Umbreon|Protect
|move|p1a: Araquanid|Leech Life|p2a: Umbreon
|-activate|p2a: Umbreon|move: Protect
|
|upkeep
|turn|22
|
|t:|1743885800
|-terastallize|p2a: Umbreon|Poison
|move|p2a: Umbreon|Foul Play|p1a: Araquanid
|-crit|p1a: Araquanid
|-damage|p1a: Araquanid|0 fnt
|faint|p1a: Araquanid
|
|upkeep
|
|t:|1743885804
|switch|p1a: Slowking|Slowking-Galar, F|72/100
|turn|23
|
|t:|1743885812
|-terastallize|p1a: Slowking|Grass
|move|p2a: Umbreon|Foul Play|p1a: Slowking
|-damage|p1a: Slowking|55/100
|move|p1a: Slowking|Psyshock|p2a: Umbreon
|-supereffective|p2a: Umbreon
|-damage|p2a: Umbreon|37/100
|
|-heal|p2a: Umbreon|43/100|[from] item: Leftovers
|upkeep
|turn|24
|
|t:|1743885821
|move|p2a: Umbreon|Toxic|p1a: Slowking
|-status|p1a: Slowking|tox
|move|p1a: Slowking|Psyshock|p2a: Umbreon
|-supereffective|p2a: Umbreon
|-damage|p2a: Umbreon|0 fnt
|faint|p2a: Umbreon
|
|-damage|p1a: Slowking|48/100 tox|[from] psn
|upkeep
|
|t:|1743885829
|switch|p2a: Rillaboom|Rillaboom, F|100/100
|-fieldstart|move: Grassy Terrain|[from] ability: Grassy Surge|[of] p2a: Rillaboom
|turn|25
|
|t:|1743885833
|move|p2a: Rillaboom|U-turn|p1a: Slowking
|-supereffective|p1a: Slowking
|-crit|p1a: Slowking
|-damage|p1a: Slowking|0 fnt
|faint|p1a: Slowking
|
|t:|1743885837
|switch|p2a: Registeel|Registeel|100/100|[from] U-turn
|
|upkeep
|
|t:|1743885850
|switch|p1a: Dragapult|Dragapult, M|36/100
|turn|26
|
|t:|1743885855
|move|p1a: Dragapult|Will-O-Wisp|p2a: Registeel
|-status|p2a: Registeel|brn
|move|p2a: Registeel|Flash Cannon|p1a: Dragapult
|-damage|p1a: Dragapult|0 fnt
|faint|p1a: Dragapult
|
|-damage|p2a: Registeel|94/100 brn|[from] brn
|upkeep
|
|t:|1743885861
|switch|p1a: Iron Valiant|Iron Valiant|100/100
|-enditem|p1a: Iron Valiant|Booster Energy
|-activate|p1a: Iron Valiant|ability: Quark Drive|[fromitem]
|-start|p1a: Iron Valiant|quarkdrivespe
|turn|27
|
|t:|1743885869
|-end|p1a: Iron Valiant|Quark Drive|[silent]
|switch|p1a: Kingambit|Kingambit, F|100/100
|-activate|p1a: Kingambit|ability: Supreme Overlord
|-start|p1a: Kingambit|fallen3|[silent]
|move|p2a: Registeel|Flash Cannon|p1a: Kingambit
|-resisted|p1a: Kingambit
|-damage|p1a: Kingambit|81/100
|
|-heal|p1a: Kingambit|87/100|[from] Grassy Terrain
|-heal|p2a: Registeel|100/100 brn|[from] Grassy Terrain
|-damage|p2a: Registeel|94/100 brn|[from] brn
|upkeep
|turn|28
|
|t:|1743885879
|move|p1a: Kingambit|Sucker Punch|p2a: Registeel
|-damage|p2a: Registeel|60/100 brn
|move|p2a: Registeel|Body Press|p1a: Kingambit
|-supereffective|p1a: Kingambit
|-damage|p1a: Kingambit|45/100
|
|-heal|p1a: Kingambit|51/100|[from] Grassy Terrain
|-heal|p2a: Registeel|66/100 brn|[from] Grassy Terrain
|-damage|p2a: Registeel|60/100 brn|[from] brn
|upkeep
|turn|29
|
|t:|1743885891
|move|p1a: Kingambit|Swords Dance|p1a: Kingambit
|-boost|p1a: Kingambit|atk|2
|move|p2a: Registeel|Body Press|p1a: Kingambit
|-supereffective|p1a: Kingambit
|-damage|p1a: Kingambit|9/100
|
|-heal|p1a: Kingambit|15/100|[from] Grassy Terrain
|-heal|p2a: Registeel|66/100 brn|[from] Grassy Terrain
|-damage|p2a: Registeel|60/100 brn|[from] brn
|upkeep
|turn|30
|
|t:|1743885901
|move|p1a: Kingambit|Sucker Punch|p2a: Registeel
|-crit|p2a: Registeel
|-damage|p2a: Registeel|0 fnt
|faint|p2a: Registeel
|
|-heal|p1a: Kingambit|22/100|[from] Grassy Terrain
|upkeep
|
|t:|1743885907
|switch|p2a: Rillaboom|Rillaboom, F|100/100
|turn|31
|
|t:|1743885912
|move|p2a: Rillaboom|Grassy Glide|p1a: Kingambit
|-resisted|p1a: Kingambit
|-damage|p1a: Kingambit|5/100
|move|p1a: Kingambit|Sucker Punch||[still]
|-fail|p1a: Kingambit
|
|-heal|p1a: Kingambit|11/100|[from] Grassy Terrain
|upkeep
|turn|32
|
|t:|1743885921
|move|p2a: Rillaboom|Grassy Glide|p1a: Kingambit
|-resisted|p1a: Kingambit
|-damage|p1a: Kingambit|0 fnt
|faint|p1a: Kingambit
|-end|p1a: Kingambit|fallen3|[silent]
|
|-fieldend|move: Grassy Terrain
|upkeep
|
|t:|1743885925
|switch|p1a: Corviknight|Corviknight, M|100/100
|-ability|p1a: Corviknight|Pressure
|turn|33
|
|t:|1743885929
|move|p2a: Rillaboom|Low Kick|p1a: Corviknight
|-damage|p1a: Corviknight|81/100
|-damage|p2a: Rillaboom|84/100|[from] item: Rocky Helmet|[of] p1a: Corviknight
|move|p1a: Corviknight|Brave Bird|p2a: Rillaboom
|-supereffective|p2a: Rillaboom
|-damage|p2a: Rillaboom|13/100
|-damage|p1a: Corviknight|58/100|[from] Recoil
|
|upkeep
|turn|34
|
|t:|1743885937
|move|p2a: Rillaboom|Knock Off|p1a: Corviknight
|-damage|p1a: Corviknight|37/100
|-damage|p2a: Rillaboom|0 fnt|[from] item: Rocky Helmet|[of] p1a: Corviknight
|faint|p2a: Rillaboom
|
|win|slowpoketailchef
|raw|slowpoketailchef's rating: 1295 &rarr; <strong>1318</strong><br />(+23 for winning)
|raw|Gazoil's rating: 1271 &rarr; <strong>1248</strong><br />(-23 for losing)
|c|☆slowpoketailchef|gg
|l|☆Gazoil
|player|p2|
|l|☆slowpoketailchef
|player|p1|
