|j|☆Kroketys
|j|☆pitzziin
|t:|1743807638
|gametype|singles
|player|p1|Kroketys|169|1066
|player|p2|pitzziin|pokemaniac|1112
|teamsize|p1|5
|teamsize|p2|6
|gen|9
|tier|[Gen 9] OU
|rated|
|rule|HP Percentage Mod: HP is shown in percentages
|rule|Endless Battle Clause: Forcing endless battles is banned
|rule|Species Clause: Limit one of each Pokémon
|rule|OHKO Clause: OHKO moves are banned
|rule|Evasion Items Clause: Evasion items are banned
|rule|Evasion Moves Clause: Evasion moves are banned
|rule|Sleep Moves Clause: Sleep-inducing moves are banned
|clearpoke
|poke|p1|Breloom, M|
|poke|p1|Appletun, M|
|poke|p1|Ribombee, F|
|poke|p1|Corviknight, M|
|poke|p1|Maushold-Four|
|poke|p2|Jumpluff, M|
|poke|p2|Wo-Chien|
|poke|p2|Delphox, M|
|poke|p2|Incineroar, F|
|poke|p2|Garchomp, F|
|poke|p2|Grafaiai, F|
|teampreview
|
|t:|1743807658
|start
|switch|p1a: Maushold|Maushold-Four|100/100
|switch|p2a: Delphox|Delphox, M, shiny|100/100
|turn|1
|
|t:|1743807666
|move|p1a: Maushold|Tidy Up|p1a: Maushold
|-boost|p1a: Maushold|atk|1
|-boost|p1a: Maushold|spe|1
|move|p2a: Delphox|Calm Mind|p2a: Delphox
|-boost|p2a: Delphox|spa|1
|-boost|p2a: Delphox|spd|1
|
|upkeep
|turn|2
|
|t:|1743807679
|move|p1a: Maushold|Population Bomb|p2a: Delphox
|-damage|p2a: Delphox|75/100
|-damage|p2a: Delphox|50/100
|-damage|p2a: Delphox|23/100
|-damage|p2a: Delphox|0 fnt
|faint|p2a: Delphox
|-hitcount|p2: Delphox|4
|
|upkeep
|
|t:|1743807693
|switch|p2a: Grafaiai|Grafaiai, F|100/100
|turn|3
|
|t:|1743807698
|-terastallize|p2a: Grafaiai|Ghost
|move|p2a: Grafaiai|Toxic|p1a: Maushold
|-status|p1a: Maushold|tox
|move|p1a: Maushold|Population Bomb|p2a: Grafaiai
|-immune|p2a: Grafaiai
|
|-damage|p1a: Maushold|94/100 tox|[from] psn
|upkeep
|turn|4
|
|t:|1743807711
|move|p2a: Grafaiai|Encore|p1a: Maushold
|-start|p1a: Maushold|Encore
|move|p1a: Maushold|Population Bomb|p2a: Grafaiai
|-immune|p2a: Grafaiai
|
|-damage|p1a: Maushold|82/100 tox|[from] psn
|upkeep
|turn|5
|
|t:|1743807721
|switch|p1a: Ribombee|Ribombee, F|100/100
|move|p2a: Grafaiai|Metronome|p2a: Grafaiai
|move|p2a: Grafaiai|Self-Destruct|p1a: Ribombee|[from] move: Metronome
|-enditem|p1a: Ribombee|Focus Sash
|-damage|p1a: Ribombee|1/100
|faint|p2a: Grafaiai
|
|upkeep
|c|☆Kroketys|xD
|
|t:|1743807735
|switch|p2a: Jumpluff|Jumpluff, M, shiny|100/100
|turn|6
|
|t:|1743807740
|move|p1a: Ribombee|Sticky Web|p2a: Jumpluff
|-sidestart|p2: pitzziin|move: Sticky Web
|move|p2a: Jumpluff|U-turn|p1a: Ribombee
|-resisted|p1a: Ribombee
|-damage|p1a: Ribombee|0 fnt
|faint|p1a: Ribombee
|
|t:|1743807747
|switch|p2a: Wo-Chien|Wo-Chien|100/100|[from] U-turn
|-activate|p2a: Wo-Chien|move: Sticky Web
|-unboost|p2a: Wo-Chien|spe|1
|-ability|p2a: Wo-Chien|Tablets of Ruin
|
|upkeep
|
|t:|1743807755
|switch|p1a: Breloom|Breloom, M|100/100
|turn|7
|
|t:|1743807761
|move|p1a: Breloom|Swords Dance|p1a: Breloom
|-boost|p1a: Breloom|atk|2
|move|p2a: Wo-Chien|Ruination|p1a: Breloom
|-damage|p1a: Breloom|51/100
|
|upkeep
|turn|8
|
|t:|1743807779
|switch|p2a: Jumpluff|Jumpluff, M, shiny|100/100
|move|p1a: Breloom|Mach Punch|p2a: Jumpluff
|-resisted|p2a: Jumpluff
|-damage|p2a: Jumpluff|59/100
|-damage|p1a: Breloom|41/100|[from] item: Life Orb
|
|-heal|p2a: Jumpluff|65/100|[from] item: Leftovers
|upkeep
|turn|9
|
|t:|1743807794
|move|p1a: Breloom|Mach Punch|p2a: Jumpluff
|-resisted|p2a: Jumpluff
|-damage|p2a: Jumpluff|19/100
|-damage|p1a: Breloom|31/100|[from] item: Life Orb
|move|p2a: Jumpluff|Worry Seed|p1a: Breloom
|-endability|p1a: Breloom|Technician|[from] move: Worry Seed
|-ability|p1a: Breloom|Insomnia|[from] move: Worry Seed
|
|-heal|p2a: Jumpluff|25/100|[from] item: Leftovers
|upkeep
|turn|10
|
|t:|1743807811
|switch|p2a: Incineroar|Incineroar, F|100/100
|-ability|p2a: Incineroar|Intimidate|boost
|-unboost|p1a: Breloom|atk|1
|move|p1a: Breloom|Mach Punch|p2a: Incineroar
|-supereffective|p2a: Incineroar
|-damage|p2a: Incineroar|15/100
|-damage|p1a: Breloom|21/100|[from] item: Life Orb
|
|upkeep
|turn|11
|
|t:|1743807829
|switch|p1a: Corviknight|Corviknight, M|100/100
|move|p2a: Incineroar|Parting Shot|p1a: Corviknight
|-ability|p1a: Corviknight|Mirror Armor
|-unboost|p2a: Incineroar|atk|1
|-ability|p1a: Corviknight|Mirror Armor
|-unboost|p2a: Incineroar|spa|1
|
|t:|1743807841
|switch|p2a: Wo-Chien|Wo-Chien|100/100|[from] Parting Shot
|-activate|p2a: Wo-Chien|move: Sticky Web
|-unboost|p2a: Wo-Chien|spe|1
|-ability|p2a: Wo-Chien|Tablets of Ruin
|
|upkeep
|turn|12
|
|t:|1743807849
|move|p1a: Corviknight|Iron Defense|p1a: Corviknight
|-boost|p1a: Corviknight|def|2
|move|p2a: Wo-Chien|Leech Seed|p1a: Corviknight
|-start|p1a: Corviknight|move: Leech Seed
|
|-damage|p1a: Corviknight|88/100|[from] Leech Seed|[of] p2a: Wo-Chien
|upkeep
|turn|13
|
|t:|1743807862
|move|p1a: Corviknight|Iron Defense|p1a: Corviknight
|-boost|p1a: Corviknight|def|2
|move|p2a: Wo-Chien|Ruination|p1a: Corviknight
|-damage|p1a: Corviknight|44/100
|
|-damage|p1a: Corviknight|32/100|[from] Leech Seed|[of] p2a: Wo-Chien
|upkeep
|turn|14
|
|t:|1743807875
|move|p2a: Wo-Chien|Protect|p2a: Wo-Chien
|-singleturn|p2a: Wo-Chien|Protect
|move|p1a: Corviknight|Roost|p1a: Corviknight
|-heal|p1a: Corviknight|82/100
|-singleturn|p1a: Corviknight|move: Roost
|
|-damage|p1a: Corviknight|70/100|[from] Leech Seed|[of] p2a: Wo-Chien
|upkeep
|turn|15
|
|t:|1743807886
|move|p1a: Corviknight|Roost|p1a: Corviknight
|-heal|p1a: Corviknight|100/100
|-singleturn|p1a: Corviknight|move: Roost
|move|p2a: Wo-Chien|Ruination|p1a: Corviknight
|-damage|p1a: Corviknight|51/100
|
|-damage|p1a: Corviknight|38/100|[from] Leech Seed|[of] p2a: Wo-Chien
|upkeep
|turn|16
|
|t:|1743807897
|move|p1a: Corviknight|Roost|p1a: Corviknight
|-heal|p1a: Corviknight|88/100
|-singleturn|p1a: Corviknight|move: Roost
|move|p2a: Wo-Chien|Ruination|p1a: Corviknight|[miss]
|-miss|p2a: Wo-Chien|p1a: Corviknight
|
|-damage|p1a: Corviknight|76/100|[from] Leech Seed|[of] p2a: Wo-Chien
|upkeep
|turn|17
|
|t:|1743807908
|move|p1a: Corviknight|Iron Defense|p1a: Corviknight
|-boost|p1a: Corviknight|def|2
|move|p2a: Wo-Chien|Ruination|p1a: Corviknight
|-damage|p1a: Corviknight|38/100
|
|-damage|p1a: Corviknight|26/100|[from] Leech Seed|[of] p2a: Wo-Chien
|upkeep
|turn|18
|
|t:|1743807918
|move|p1a: Corviknight|Roost|p1a: Corviknight
|-heal|p1a: Corviknight|76/100
|-singleturn|p1a: Corviknight|move: Roost
|move|p2a: Wo-Chien|Ruination|p1a: Corviknight
|-damage|p1a: Corviknight|38/100
|
|-damage|p1a: Corviknight|26/100|[from] Leech Seed|[of] p2a: Wo-Chien
|upkeep
|turn|19
|
|t:|1743807945
|switch|p2a: Garchomp|Garchomp, F, shiny|100/100
|-activate|p2a: Garchomp|move: Sticky Web
|-unboost|p2a: Garchomp|spe|1
|move|p1a: Corviknight|Roost|p1a: Corviknight
|-heal|p1a: Corviknight|76/100
|-singleturn|p1a: Corviknight|move: Roost
|
|-damage|p1a: Corviknight|64/100|[from] Leech Seed|[of] p2a: Garchomp
|upkeep
|turn|20
|
|t:|1743807959
|move|p2a: Garchomp|Swords Dance|p2a: Garchomp
|-boost|p2a: Garchomp|atk|2
|move|p1a: Corviknight|Roost|p1a: Corviknight
|-heal|p1a: Corviknight|100/100
|-singleturn|p1a: Corviknight|move: Roost
|
|-damage|p1a: Corviknight|88/100|[from] Leech Seed|[of] p2a: Garchomp
|upkeep
|turn|21
|
|t:|1743807969
|move|p2a: Garchomp|Scale Shot|p1a: Corviknight
|-resisted|p1a: Corviknight
|-damage|p1a: Corviknight|85/100
|-resisted|p1a: Corviknight
|-damage|p1a: Corviknight|82/100
|-resisted|p1a: Corviknight
|-damage|p1a: Corviknight|79/100
|-resisted|p1a: Corviknight
|-damage|p1a: Corviknight|77/100
|-resisted|p1a: Corviknight
|-damage|p1a: Corviknight|74/100
|-hitcount|p1a: Corviknight|5
|-unboost|p2a: Garchomp|def|1
|-boost|p2a: Garchomp|spe|1
|move|p1a: Corviknight|Body Press|p2a: Garchomp
|-damage|p2a: Garchomp|0 fnt
|-damage|p1a: Corviknight|62/100|[from] ability: Rough Skin|[of] p2a: Garchomp
|faint|p2a: Garchomp
|
|upkeep
|inactive|Battle timer is ON: inactive players will automatically lose when time's up. (requested by Kroketys)
|
|t:|1743807993
|switch|p2a: Incineroar|Incineroar, F|15/100
|-ability|p2a: Incineroar|Intimidate|boost
|-ability|p1a: Corviknight|Mirror Armor
|-unboost|p2a: Incineroar|atk|1
|turn|22
|
|t:|1743808005
|move|p1a: Corviknight|Body Press|p2a: Incineroar
|-supereffective|p2a: Incineroar
|-damage|p2a: Incineroar|0 fnt
|faint|p2a: Incineroar
|
|upkeep
|
|t:|1743808011
|switch|p2a: Jumpluff|Jumpluff, M, shiny|25/100
|turn|23
|c|☆Kroketys|Commoon
|
|t:|1743808021
|move|p2a: Jumpluff|Worry Seed|p1a: Corviknight
|-endability|p1a: Corviknight|Mirror Armor|[from] move: Worry Seed
|-ability|p1a: Corviknight|Insomnia|[from] move: Worry Seed
|move|p1a: Corviknight|Roost|p1a: Corviknight
|-heal|p1a: Corviknight|100/100
|-singleturn|p1a: Corviknight|move: Roost
|
|-heal|p2a: Jumpluff|31/100|[from] item: Leftovers
|-damage|p1a: Corviknight|88/100|[from] Leech Seed|[of] p2a: Jumpluff
|-heal|p2a: Jumpluff|45/100|[silent]
|upkeep
|turn|24
|
|t:|1743808033
|move|p2a: Jumpluff|Cotton Guard|p2a: Jumpluff
|-boost|p2a: Jumpluff|def|3
|move|p1a: Corviknight|Brave Bird|p2a: Jumpluff
|-supereffective|p2a: Jumpluff
|-damage|p2a: Jumpluff|15/100
|-damage|p1a: Corviknight|80/100|[from] Recoil
|
|-heal|p2a: Jumpluff|22/100|[from] item: Leftovers
|-damage|p1a: Corviknight|67/100|[from] Leech Seed|[of] p2a: Jumpluff
|-heal|p2a: Jumpluff|36/100|[silent]
|upkeep
|turn|25
|
|t:|1743808048
|move|p2a: Jumpluff|Cotton Guard|p2a: Jumpluff
|-boost|p2a: Jumpluff|def|3
|move|p1a: Corviknight|Brave Bird|p2a: Jumpluff
|-supereffective|p2a: Jumpluff
|-damage|p2a: Jumpluff|18/100
|-damage|p1a: Corviknight|62/100|[from] Recoil
|
|-heal|p2a: Jumpluff|24/100|[from] item: Leftovers
|-damage|p1a: Corviknight|50/100|[from] Leech Seed|[of] p2a: Jumpluff
|-heal|p2a: Jumpluff|38/100|[silent]
|upkeep
|turn|26
|
|t:|1743808068
|move|p2a: Jumpluff|Cotton Guard|p2a: Jumpluff
|-boost|p2a: Jumpluff|def|0
|move|p1a: Corviknight|Brave Bird|p2a: Jumpluff
|-supereffective|p2a: Jumpluff
|-damage|p2a: Jumpluff|21/100
|-damage|p1a: Corviknight|45/100|[from] Recoil
|
|-heal|p2a: Jumpluff|27/100|[from] item: Leftovers
|-damage|p1a: Corviknight|33/100|[from] Leech Seed|[of] p2a: Jumpluff
|-heal|p2a: Jumpluff|41/100|[silent]
|upkeep
|turn|27
|
|t:|1743808083
|switch|p1a: Appletun|Appletun, M|100/100
|move|p2a: Jumpluff|Worry Seed|p1a: Appletun
|-endability|p1a: Appletun|Thick Fat|[from] move: Worry Seed
|-ability|p1a: Appletun|Insomnia|[from] move: Worry Seed
|
|-heal|p2a: Jumpluff|47/100|[from] item: Leftovers
|upkeep
|turn|28
|l|☆Kroketys
|inactive|Kroketys disconnected and has a minute to reconnect!
|player|p1|
|inactive|Kroketys has 30 seconds to reconnect!
|inactive|Kroketys has 20 seconds to reconnect!
|inactive|Kroketys has 15 seconds to reconnect!
|inactive|Kroketys has 10 seconds to reconnect!
|inactive|Kroketys has 5 seconds to reconnect!
|-message|pitzziin forfeited.
|
|win|Kroketys
|raw|Kroketys's rating: 1066 &rarr; <strong>1100</strong><br />(+34 for winning)
|raw|pitzziin's rating: 1112 &rarr; <strong>1084</strong><br />(-28 for losing)
|l|☆pitzziin
|player|p2|
