|j|☆Axeliteau
|j|☆MoobSai
|t:|1743835251
|gametype|singles
|player|p1|Axeliteau|1|1152
|player|p2|MoobSai|n|1147
|teamsize|p1|6
|teamsize|p2|6
|gen|9
|tier|[Gen 9] OU
|rated|
|rule|HP Percentage Mod: HP is shown in percentages
|rule|Endless Battle Clause: Forcing endless battles is banned
|rule|Species Clause: Limit one of each Pokémon
|rule|OHKO Clause: OHKO moves are banned
|rule|Evasion Items Clause: Evasion items are banned
|rule|Evasion Moves Clause: Evasion moves are banned
|rule|Sleep Moves Clause: Sleep-inducing moves are banned
|clearpoke
|poke|p1|Darkrai|
|poke|p1|Hoopa-Unbound|
|poke|p1|Weavile, F|
|poke|p1|Hydreigon, M|
|poke|p1|Samurott-Hisui, F|
|poke|p1|Meowscarada, M|
|poke|p2|Kommo-o, F|
|poke|p2|Zoroark-Hisui, F|
|poke|p2|Kingambit, F|
|poke|p2|Skeledirge, F|
|poke|p2|Hydrapple, F|
|poke|p2|Fezandipiti, M|
|teampreview
|
|t:|1743835256
|start
|switch|p1a: Samurott|Samurott-Hisui, F|100/100
|switch|p2a: Hydrapple|Hydrapple, F|100/100
|turn|1
|
|t:|1743835264
|move|p2a: Hydrapple|Focus Blast|p1a: Samurott
|-supereffective|p1a: Samurott
|-damage|p1a: Samurott|0 fnt
|faint|p1a: Samurott
|
|upkeep
|inactive|Battle timer is ON: inactive players will automatically lose when time's up. (requested by MoobSai)
|
|t:|1743835270
|switch|p1a: Darkrai|Darkrai|100/100
|turn|2
|
|t:|1743835281
|switch|p2a: Fezandipiti|Fezandipiti, M|100/100
|move|p1a: Darkrai|Sludge Bomb|p2a: Fezandipiti
|-damage|p2a: Fezandipiti|72/100
|
|-heal|p2a: Fezandipiti|78/100|[from] item: Leftovers
|upkeep
|turn|3
|
|t:|1743835294
|move|p1a: Darkrai|Sludge Bomb|p2a: Fezandipiti
|-damage|p2a: Fezandipiti|53/100
|move|p2a: Fezandipiti|Beat Up|p1a: Darkrai
|-resisted|p1a: Darkrai
|-damage|p1a: Darkrai|98/100
|-status|p1a: Darkrai|tox|[from] ability: Toxic Chain|[of] p2a: Fezandipiti
|-resisted|p1a: Darkrai
|-damage|p1a: Darkrai|95/100 tox
|-resisted|p1a: Darkrai
|-damage|p1a: Darkrai|92/100 tox
|-resisted|p1a: Darkrai
|-damage|p1a: Darkrai|91/100 tox
|-resisted|p1a: Darkrai
|-damage|p1a: Darkrai|88/100 tox
|-resisted|p1a: Darkrai
|-damage|p1a: Darkrai|86/100 tox
|-hitcount|p1a: Darkrai|6
|
|-heal|p2a: Fezandipiti|59/100|[from] item: Leftovers
|-damage|p1a: Darkrai|80/100 tox|[from] psn
|upkeep
|turn|4
|
|t:|1743835310
|switch|p2a: Kingambit|Kingambit, F|100/100
|move|p1a: Darkrai|Sludge Bomb|p2a: Kingambit
|-immune|p2a: Kingambit
|
|-damage|p1a: Darkrai|68/100 tox|[from] psn
|upkeep
|turn|5
|
|t:|1743835318
|switch|p1a: Hoopa|Hoopa-Unbound|100/100
|-end|p2a: Kingambit|fallenundefined|[silent]
|switch|p2a: Fezandipiti|Fezandipiti, M|59/100
|
|-heal|p2a: Fezandipiti|65/100|[from] item: Leftovers
|upkeep
|turn|6
|
|t:|1743835329
|-terastallize|p1a: Hoopa|Psychic
|move|p2a: Fezandipiti|Beat Up|p1a: Hoopa
|-supereffective|p1a: Hoopa
|-damage|p1a: Hoopa|91/100
|-supereffective|p1a: Hoopa
|-damage|p1a: Hoopa|79/100
|-supereffective|p1a: Hoopa
|-damage|p1a: Hoopa|68/100
|-supereffective|p1a: Hoopa
|-damage|p1a: Hoopa|59/100
|-supereffective|p1a: Hoopa
|-damage|p1a: Hoopa|49/100
|-supereffective|p1a: Hoopa
|-damage|p1a: Hoopa|39/100
|-status|p1a: Hoopa|tox|[from] ability: Toxic Chain|[of] p2a: Fezandipiti
|-hitcount|p1a: Hoopa|6
|move|p1a: Hoopa|Psychic|p2a: Fezandipiti
|-supereffective|p2a: Fezandipiti
|-damage|p2a: Fezandipiti|0 fnt
|faint|p2a: Fezandipiti
|
|-damage|p1a: Hoopa|33/100 tox|[from] psn
|upkeep
|
|t:|1743835355
|switch|p2a: Hydrapple|Hydrapple, F|100/100
|turn|7
|
|t:|1743835367
|move|p2a: Hydrapple|Bitter Malice|p1a: Hoopa
|-supereffective|p1a: Hoopa
|-damage|p1a: Hoopa|0 fnt
|faint|p1a: Hoopa
|
|upkeep
|
|t:|1743835373
|switch|p1a: Meowscarada|Meowscarada, M|100/100
|turn|8
|
|t:|1743835386
|switch|p2a: Skeledirge|Skeledirge, F|100/100
|move|p1a: Meowscarada|Knock Off|p2a: Skeledirge
|-start|p1a: Meowscarada|typechange|Dark|[from] ability: Protean
|-supereffective|p2a: Skeledirge
|-damage|p2a: Skeledirge|0 fnt
|-enditem|p2a: Skeledirge|Leftovers|[from] move: Knock Off|[of] p1a: Meowscarada
|faint|p2a: Skeledirge
|
|upkeep
|
|t:|1743835405
|switch|p2a: Kingambit|Kingambit, F|100/100
|-activate|p2a: Kingambit|ability: Supreme Overlord
|-start|p2a: Kingambit|fallen2|[silent]
|turn|9
|
|t:|1743835418
|switch|p1a: Hydreigon|Hydreigon, M|100/100
|move|p2a: Kingambit|Swords Dance|p2a: Kingambit
|-boost|p2a: Kingambit|atk|2
|
|upkeep
|turn|10
|
|t:|1743835430
|-terastallize|p2a: Kingambit|Fairy
|move|p1a: Hydreigon|Fire Blast|p2a: Kingambit
|-damage|p2a: Kingambit|60/100
|move|p2a: Kingambit|Swords Dance|p2a: Kingambit
|-boost|p2a: Kingambit|atk|2
|
|upkeep
|turn|11
|
|t:|1743835437
|move|p2a: Kingambit|Sucker Punch||[still]
|-fail|p2a: Kingambit
|move|p1a: Hydreigon|Stealth Rock|p2a: Kingambit
|-sidestart|p2: MoobSai|move: Stealth Rock
|
|upkeep
|turn|12
|
|t:|1743835444
|move|p1a: Hydreigon|Nasty Plot|p1a: Hydreigon
|-boost|p1a: Hydreigon|spa|2
|move|p2a: Kingambit|Iron Head|p1a: Hydreigon
|-damage|p1a: Hydreigon|0 fnt
|faint|p1a: Hydreigon
|-damage|p2a: Kingambit|50/100|[from] item: Life Orb
|
|upkeep
|
|t:|1743835451
|switch|p1a: Darkrai|Darkrai|68/100 tox
|turn|13
|
|t:|1743835456
|move|p1a: Darkrai|Sludge Bomb|p2a: Kingambit
|-supereffective|p2a: Kingambit
|-damage|p2a: Kingambit|0 fnt
|faint|p2a: Kingambit
|-end|p2a: Kingambit|fallen2|[silent]
|
|-damage|p1a: Darkrai|62/100 tox|[from] psn
|upkeep
|
|t:|1743835464
|switch|p2a: Hydrapple|Hydrapple, F|100/100
|-damage|p2a: Hydrapple|88/100|[from] Stealth Rock
|turn|14
|
|t:|1743835472
|move|p1a: Darkrai|Sludge Bomb|p2a: Hydrapple
|-resisted|p2a: Hydrapple
|-damage|p2a: Hydrapple|52/100
|-status|p2a: Hydrapple|psn
|replace|p2a: Zoroark|Zoroark-Hisui, F
|-end|p2a: Zoroark|Illusion
|move|p2a: Zoroark|Trick|p1a: Darkrai
|-activate|p2a: Zoroark|move: Trick|[of] p1a: Darkrai
|-item|p1a: Darkrai|Choice Scarf|[from] move: Trick
|-item|p2a: Zoroark|Choice Scarf|[from] move: Trick
|
|-damage|p1a: Darkrai|50/100 tox|[from] psn
|-damage|p2a: Zoroark|40/100 psn|[from] psn
|upkeep
|turn|15
|
|t:|1743835487
|move|p1a: Darkrai|Dark Pulse|p2a: Zoroark
|-supereffective|p2a: Zoroark
|-damage|p2a: Zoroark|0 fnt
|faint|p2a: Zoroark
|
|-damage|p1a: Darkrai|31/100 tox|[from] psn
|upkeep
|
|t:|1743835492
|switch|p2a: Kommo-o|Kommo-o, F|100/100
|-damage|p2a: Kommo-o|94/100|[from] Stealth Rock
|turn|16
|
|t:|1743835499
|move|p1a: Darkrai|Dark Pulse|p2a: Kommo-o
|-resisted|p2a: Kommo-o
|-damage|p2a: Kommo-o|69/100
|cant|p2a: Kommo-o|flinch
|
|-damage|p1a: Darkrai|7/100 tox|[from] psn
|upkeep
|turn|17
|
|t:|1743835505
|move|p1a: Darkrai|Dark Pulse|p2a: Kommo-o
|-resisted|p2a: Kommo-o
|-damage|p2a: Kommo-o|46/100
|move|p2a: Kommo-o|Clangorous Soul|p2a: Kommo-o
|-boost|p2a: Kommo-o|atk|1
|-boost|p2a: Kommo-o|def|1
|-boost|p2a: Kommo-o|spa|1
|-boost|p2a: Kommo-o|spd|1
|-boost|p2a: Kommo-o|spe|1
|-damage|p2a: Kommo-o|14/100
|-enditem|p2a: Kommo-o|Throat Spray
|-boost|p2a: Kommo-o|spa|1|[from] item: Throat Spray
|
|-damage|p1a: Darkrai|0 fnt|[from] psn
|faint|p1a: Darkrai
|upkeep
|
|t:|1743835518
|switch|p1a: Meowscarada|Meowscarada, M|100/100
|turn|18
|
|t:|1743835525
|move|p2a: Kommo-o|Aura Sphere|p1a: Meowscarada
|-supereffective|p1a: Meowscarada
|-damage|p1a: Meowscarada|0 fnt
|faint|p1a: Meowscarada
|
|upkeep
|
|t:|1743835530
|switch|p1a: Weavile|Weavile, F|100/100
|turn|19
|
|t:|1743835533
|move|p1a: Weavile|Ice Shard|p2a: Kommo-o
|-supereffective|p2a: Kommo-o
|-crit|p2a: Kommo-o
|-damage|p2a: Kommo-o|0 fnt
|faint|p2a: Kommo-o
|
|upkeep
|
|t:|1743835535
|switch|p2a: Hydrapple|Hydrapple, F|100/100
|-damage|p2a: Hydrapple|88/100|[from] Stealth Rock
|turn|20
|
|t:|1743835539
|move|p1a: Weavile|Triple Axel|p2a: Hydrapple
|-supereffective|p2a: Hydrapple
|-damage|p2a: Hydrapple|58/100
|-supereffective|p2a: Hydrapple
|-damage|p2a: Hydrapple|3/100
|-supereffective|p2a: Hydrapple
|-damage|p2a: Hydrapple|0 fnt
|faint|p2a: Hydrapple
|-hitcount|p2: Hydrapple|3
|
|win|Axeliteau
|raw|Axeliteau's rating: 1152 &rarr; <strong>1177</strong><br />(+25 for winning)
|raw|MoobSai's rating: 1147 &rarr; <strong>1122</strong><br />(-25 for losing)
|l|☆MoobSai
|player|p2|
|l|☆Axeliteau
|player|p1|
