|j|☆truti
|j|☆Athenes10
|t:|1743938659
|gametype|singles
|player|p1|truti|skierf|1190
|player|p2|Athenes10|101|1203
|teamsize|p1|6
|teamsize|p2|6
|gen|9
|tier|[Gen 9] OU
|rated|
|rule|HP Percentage Mod: HP is shown in percentages
|rule|Endless Battle Clause: Forcing endless battles is banned
|rule|Species Clause: Limit one of each Pokémon
|rule|OHKO Clause: OHKO moves are banned
|rule|Evasion Items Clause: Evasion items are banned
|rule|Evasion Moves Clause: Evasion moves are banned
|rule|Sleep Moves Clause: Sleep-inducing moves are banned
|clearpoke
|poke|p1|Maushold-Four|
|poke|p1|Serperior, F|
|poke|p1|Gastrodon, M|
|poke|p1|Dragapult, M|
|poke|p1|Iron Moth|
|poke|p1|Regirock|
|poke|p2|Kingambit, F|
|poke|p2|Iron Moth|
|poke|p2|Iron Valiant|
|poke|p2|Zamazenta-*|
|poke|p2|Landorus-Therian, M|
|poke|p2|Samurott-Hisui, M|
|teampreview
|
|t:|1743938667
|start
|switch|p1a: Regirock|Regirock, shiny|100/100
|switch|p2a: Samurott|Samurott-Hisui, M|100/100
|turn|1
|
|t:|1743938674
|move|p2a: Samurott|Ceaseless Edge|p1a: Regirock
|-damage|p1a: Regirock|77/100
|-sidestart|p1: truti|Spikes
|move|p1a: Regirock|Stealth Rock|p2a: Samurott
|-sidestart|p2: Athenes10|move: Stealth Rock
|
|-heal|p1a: Regirock|83/100|[from] item: Leftovers
|upkeep
|turn|2
|
|t:|1743938682
|move|p2a: Samurott|Razor Shell|p1a: Regirock
|-supereffective|p1a: Regirock
|-damage|p1a: Regirock|29/100
|move|p1a: Regirock|Thunder Wave|p2a: Samurott
|-status|p2a: Samurott|par
|
|-heal|p1a: Regirock|35/100|[from] item: Leftovers
|upkeep
|turn|3
|
|t:|1743938697
|cant|p2a: Samurott|par
|move|p1a: Regirock|Earthquake|p2a: Samurott
|-damage|p2a: Samurott|59/100 par
|
|-heal|p1a: Regirock|41/100|[from] item: Leftovers
|upkeep
|turn|4
|
|t:|1743938705
|move|p2a: Samurott|Razor Shell|p1a: Regirock
|-supereffective|p1a: Regirock
|-damage|p1a: Regirock|0 fnt
|faint|p1a: Regirock
|
|upkeep
|
|t:|1743938710
|switch|p1a: pena|Serperior, F, shiny|100/100
|-damage|p1a: pena|88/100|[from] Spikes
|turn|5
|
|t:|1743938715
|move|p2a: Samurott|Aqua Jet|p1a: pena
|-resisted|p1a: pena
|-damage|p1a: pena|76/100
|move|p1a: pena|Leaf Storm|p2a: Samurott
|-supereffective|p2a: Samurott
|-crit|p2a: Samurott
|-damage|p2a: Samurott|0 fnt
|-boost|p1a: pena|spa|2
|faint|p2a: Samurott
|
|upkeep
|
|t:|1743938732
|switch|p2a: Iron Moth|Iron Moth|100/100
|-damage|p2a: Iron Moth|76/100|[from] Stealth Rock
|-enditem|p2a: Iron Moth|Booster Energy
|-activate|p2a: Iron Moth|ability: Quark Drive|[fromitem]
|-start|p2a: Iron Moth|quarkdrivespe
|turn|6
|inactive|Battle timer is ON: inactive players will automatically lose when time's up. (requested by truti)
|
|t:|1743938743
|switch|p1a: Maushold|Maushold-Four|100/100
|-damage|p1a: Maushold|88/100|[from] Spikes
|move|p2a: Iron Moth|Fiery Dance|p1a: Maushold
|-damage|p1a: Maushold|22/100
|-boost|p2a: Iron Moth|spa|1
|
|upkeep
|turn|7
|
|t:|1743938753
|move|p2a: Iron Moth|Fiery Dance|p1a: Maushold
|-damage|p1a: Maushold|0 fnt
|-boost|p2a: Iron Moth|spa|1
|faint|p1a: Maushold
|
|upkeep
|
|t:|1743938764
|switch|p1a: babosa|Gastrodon, M, shiny|100/100
|-damage|p1a: babosa|88/100|[from] Spikes
|turn|8
|
|t:|1743938775
|move|p2a: Iron Moth|Psychic|p1a: babosa
|-damage|p1a: babosa|50/100
|-unboost|p1a: babosa|spd|1
|move|p1a: babosa|Earth Power|p2a: Iron Moth
|-supereffective|p2a: Iron Moth
|-damage|p2a: Iron Moth|0 fnt
|faint|p2a: Iron Moth
|-end|p2a: Iron Moth|Quark Drive|[silent]
|
|-heal|p1a: babosa|56/100|[from] item: Leftovers
|upkeep
|
|t:|1743938792
|switch|p2a: Landorus|Landorus-Therian, M|100/100
|-damage|p2a: Landorus|88/100|[from] Stealth Rock
|-ability|p2a: Landorus|Intimidate|boost
|-unboost|p1a: babosa|atk|1
|turn|9
|
|t:|1743938804
|move|p2a: Landorus|Stealth Rock|p1a: babosa
|-sidestart|p1: truti|move: Stealth Rock
|move|p1a: babosa|Ice Beam|p2a: Landorus
|-supereffective|p2a: Landorus
|-damage|p2a: Landorus|12/100
|
|-heal|p1a: babosa|62/100|[from] item: Leftovers
|upkeep
|turn|10
|
|t:|1743938813
|move|p2a: Landorus|Earthquake|p1a: babosa
|-damage|p1a: babosa|10/100
|move|p1a: babosa|Ice Beam|p2a: Landorus
|-supereffective|p2a: Landorus
|-damage|p2a: Landorus|0 fnt
|faint|p2a: Landorus
|
|-heal|p1a: babosa|16/100|[from] item: Leftovers
|upkeep
|
|t:|1743938823
|switch|p2a: Zamazenta|Zamazenta|100/100
|-damage|p2a: Zamazenta|94/100|[from] Stealth Rock
|-ability|p2a: Zamazenta|Dauntless Shield|boost
|-boost|p2a: Zamazenta|def|1
|turn|11
|
|t:|1743938835
|move|p2a: Zamazenta|Body Press|p1a: babosa
|-damage|p1a: babosa|0 fnt
|faint|p1a: babosa
|
|-heal|p2a: Zamazenta|100/100|[from] item: Leftovers
|upkeep
|
|t:|1743938840
|switch|p1a: metak|Iron Moth, shiny|100/100
|-damage|p1a: metak|88/100|[from] Spikes
|-damage|p1a: metak|63/100|[from] Stealth Rock
|-enditem|p1a: metak|Booster Energy
|-activate|p1a: metak|ability: Quark Drive|[fromitem]
|-start|p1a: metak|quarkdrivespa
|turn|12
|
|t:|1743938848
|move|p1a: metak|Dazzling Gleam|p2a: Zamazenta
|-supereffective|p2a: Zamazenta
|-damage|p2a: Zamazenta|39/100
|move|p2a: Zamazenta|Roar|p1a: metak
|-end|p1a: metak|Quark Drive|[silent]
|drag|p1a: Dragapult|Dragapult, M, shiny|100/100
|-damage|p1a: Dragapult|88/100|[from] Spikes
|-damage|p1a: Dragapult|76/100|[from] Stealth Rock
|
|-heal|p2a: Zamazenta|45/100|[from] item: Leftovers
|upkeep
|turn|13
|inactive|truti has 120 seconds left.
|
|t:|1743938878
|move|p2a: Zamazenta|Crunch|p1a: Dragapult
|-supereffective|p1a: Dragapult
|-damage|p1a: Dragapult|15/100
|move|p1a: Dragapult|Dragon Darts|p2a: Zamazenta
|-damage|p2a: Zamazenta|29/100
|-anim|p1a: Dragapult|Dragon Darts|p2a: Zamazenta
|-damage|p2a: Zamazenta|12/100
|-damage|p1a: Dragapult|6/100|[from] item: Life Orb
|
|-heal|p2a: Zamazenta|18/100|[from] item: Leftovers
|upkeep
|turn|14
|
|t:|1743938892
|move|p1a: Dragapult|Sucker Punch|p2a: Zamazenta
|-resisted|p2a: Zamazenta
|-damage|p2a: Zamazenta|10/100
|-damage|p1a: Dragapult|0 fnt|[from] item: Life Orb
|faint|p1a: Dragapult
|move|p2a: Zamazenta|Crunch|p1: Dragapult|[notarget]
|-fail|p2a: Zamazenta
|
|-heal|p2a: Zamazenta|16/100|[from] item: Leftovers
|upkeep
|
|t:|1743938900
|switch|p1a: pena|Serperior, F, shiny|76/100
|-damage|p1a: pena|64/100|[from] Spikes
|-damage|p1a: pena|52/100|[from] Stealth Rock
|turn|15
|
|t:|1743938907
|move|p1a: pena|Leaf Storm|p2a: Zamazenta
|-damage|p2a: Zamazenta|0 fnt
|-boost|p1a: pena|spa|2
|faint|p2a: Zamazenta
|
|upkeep
|
|t:|1743938924
|switch|p2a: Iron Valiant|Iron Valiant|100/100
|-damage|p2a: Iron Valiant|94/100|[from] Stealth Rock
|-enditem|p2a: Iron Valiant|Booster Energy
|-activate|p2a: Iron Valiant|ability: Quark Drive|[fromitem]
|-start|p2a: Iron Valiant|quarkdrivespe
|turn|16
|
|t:|1743938933
|move|p2a: Iron Valiant|Moonblast|p1a: pena
|-damage|p1a: pena|0 fnt
|faint|p1a: pena
|
|upkeep
|
|t:|1743938938
|switch|p1a: metak|Iron Moth, shiny|63/100
|-damage|p1a: metak|51/100|[from] Spikes
|-damage|p1a: metak|26/100|[from] Stealth Rock
|turn|17
|
|t:|1743938960
|-terastallize|p1a: metak|Ghost
|move|p2a: Iron Valiant|Moonblast|p1a: metak
|-damage|p1a: metak|0 fnt
|faint|p1a: metak
|-end|p1a: metak|Quark Drive|[silent]
|
|win|Athenes10
|raw|truti's rating: 1190 &rarr; <strong>1166</strong><br />(-24 for losing)
|raw|Athenes10's rating: 1203 &rarr; <strong>1227</strong><br />(+24 for winning)
|l|☆truti
|player|p1|
|l|☆Athenes10
|player|p2|
