|j|☆Dr. Drake6782
|j|☆ToastSpirit
|t:|1743808816
|gametype|singles
|player|p1|Dr. Drake6782|lance-lgpe|1538
|player|p2|ToastSpirit|n|1559
|teamsize|p1|6
|teamsize|p2|6
|gen|9
|tier|[Gen 9] OU
|rated|
|rule|HP Percentage Mod: HP is shown in percentages
|rule|Endless Battle Clause: Forcing endless battles is banned
|rule|Species Clause: Limit one of each Pokémon
|rule|OHKO Clause: OHKO moves are banned
|rule|Evasion Items Clause: Evasion items are banned
|rule|Evasion Moves Clause: Evasion moves are banned
|rule|Sleep Moves Clause: Sleep-inducing moves are banned
|clearpoke
|poke|p1|Alomomola, F|
|poke|p1|Weezing-Galar, F|
|poke|p1|Garganacl, F|
|poke|p1|Kyurem|
|poke|p1|Zamazenta-*|
|poke|p1|Ting-Lu|
|poke|p2|Iron Boulder|
|poke|p2|Ogerpon-Wellspring, F|
|poke|p2|Glimmora, M|
|poke|p2|Kingambit, F|
|poke|p2|Dragapult, F|
|poke|p2|Iron Valiant|
|teampreview
|inactive|Battle timer is ON: inactive players will automatically lose when time's up. (requested by Dr. Drake6782)
|
|t:|1743808832
|start
|switch|p1a: Alomomola|Alomomola, F|100/100
|switch|p2a: :)|Dragapult, F|100/100
|turn|1
|
|t:|1743808839
|move|p1a: Alomomola|Protect|p1a: Alomomola
|-singleturn|p1a: Alomomola|Protect
|move|p2a: :)|Thunderbolt|p1a: Alomomola
|-activate|p1a: Alomomola|move: Protect
|
|upkeep
|turn|2
|
|t:|1743808844
|switch|p1a: Ting-Lu|Ting-Lu|100/100
|-ability|p1a: Ting-Lu|Vessel of Ruin
|move|p2a: :)|Shadow Ball|p1a: Ting-Lu
|-resisted|p1a: Ting-Lu
|-damage|p1a: Ting-Lu|93/100
|
|-heal|p1a: Ting-Lu|99/100|[from] item: Leftovers
|upkeep
|turn|3
|
|t:|1743808852
|move|p2a: :)|U-turn|p1a: Ting-Lu
|-supereffective|p1a: Ting-Lu
|-damage|p1a: Ting-Lu|80/100
|
|t:|1743808855
|switch|p2a: watr|Ogerpon-Wellspring, F|100/100|[from] U-turn
|move|p1a: Ting-Lu|Stealth Rock|p2a: watr
|-sidestart|p2: ToastSpirit|move: Stealth Rock
|
|-heal|p1a: Ting-Lu|86/100|[from] item: Leftovers
|upkeep
|turn|4
|
|t:|1743808865
|switch|p1a: Kyurem|Kyurem, shiny|100/100
|-ability|p1a: Kyurem|Pressure
|move|p2a: watr|Swords Dance|p2a: watr
|-boost|p2a: watr|atk|2
|
|upkeep
|turn|5
|
|t:|1743808878
|switch|p2a: sharp!|Kingambit, F|100/100
|-damage|p2a: sharp!|94/100|[from] Stealth Rock
|move|p1a: Kyurem|Freeze-Dry|p2a: sharp!
|-resisted|p2a: sharp!
|-damage|p2a: sharp!|78/100
|
|-heal|p2a: sharp!|84/100|[from] item: Leftovers
|upkeep
|turn|6
|
|t:|1743808886
|switch|p1a: Alomomola|Alomomola, F|100/100
|move|p2a: sharp!|Iron Head|p1a: Alomomola
|-resisted|p1a: Alomomola
|-damage|p1a: Alomomola|87/100
|
|-heal|p2a: sharp!|90/100|[from] item: Leftovers
|upkeep
|turn|7
|
|t:|1743808890
|-end|p2a: sharp!|fallenundefined|[silent]
|switch|p2a: :)|Dragapult, F|100/100
|move|p1a: Alomomola|Tickle|p2a: :)
|-unboost|p2a: :)|atk|1
|-unboost|p2a: :)|def|1
|
|upkeep
|turn|8
|
|t:|1743808893
|switch|p1a: Ting-Lu|Ting-Lu|86/100
|-ability|p1a: Ting-Lu|Vessel of Ruin
|move|p2a: :)|U-turn|p1a: Ting-Lu
|-supereffective|p1a: Ting-Lu
|-damage|p1a: Ting-Lu|75/100
|
|t:|1743808897
|switch|p2a: poisn|Glimmora, M|100/100|[from] U-turn
|-damage|p2a: poisn|88/100|[from] Stealth Rock
|
|-heal|p1a: Ting-Lu|81/100|[from] item: Leftovers
|upkeep
|turn|9
|
|t:|1743808899
|move|p2a: poisn|Mortal Spin|p1a: Ting-Lu
|-resisted|p1a: Ting-Lu
|-damage|p1a: Ting-Lu|79/100
|-status|p1a: Ting-Lu|psn
|-sideend|p2: ToastSpirit|Stealth Rock|[from] move: Mortal Spin|[of] p2a: poisn
|move|p1a: Ting-Lu|Earthquake|p2a: poisn
|-supereffective|p2a: poisn
|-damage|p2a: poisn|0 fnt
|-activate|p2a: poisn|ability: Toxic Debris
|-sidestart|p1: Dr. Drake6782|move: Toxic Spikes
|faint|p2a: poisn
|
|-heal|p1a: Ting-Lu|85/100 psn|[from] item: Leftovers
|-damage|p1a: Ting-Lu|73/100 psn|[from] psn
|upkeep
|
|t:|1743808904
|switch|p2a: watr|Ogerpon-Wellspring, F|100/100
|turn|10
|
|t:|1743808910
|switch|p1a: Weezing|Weezing-Galar, F, shiny|100/100
|-ability|p1a: Weezing|Neutralizing Gas
|-sideend|p1: Dr. Drake6782|move: Toxic Spikes|[of] p1a: Weezing
|move|p2a: watr|Ivy Cudgel|p1a: Weezing|[anim] Ivy Cudgel Water
|-crit|p1a: Weezing
|-damage|p1a: Weezing|48/100
|
|upkeep
|turn|11
|
|t:|1743808919
|move|p2a: watr|Ivy Cudgel|p1a: Weezing|[anim] Ivy Cudgel Water
|-damage|p1a: Weezing|12/100
|move|p1a: Weezing|Will-O-Wisp|p2a: watr
|-status|p2a: watr|brn
|
|-damage|p2a: watr|95/100 brn|[from] brn
|upkeep
|turn|12
|
|t:|1743808927
|-end|p1a: Weezing|ability: Neutralizing Gas
|switch|p1a: Kyurem|Kyurem, shiny|100/100
|-ability|p1a: Kyurem|Pressure
|move|p2a: watr|Knock Off|p1a: Kyurem
|-damage|p1a: Kyurem|81/100
|-enditem|p1a: Kyurem|Choice Scarf|[from] move: Knock Off|[of] p2a: watr
|
|-damage|p2a: watr|89/100 brn|[from] brn
|upkeep
|turn|13
|
|t:|1743808937
|move|p2a: watr|Swords Dance|p2a: watr
|-boost|p2a: watr|atk|2
|move|p1a: Kyurem|Freeze-Dry|p2a: watr
|-supereffective|p2a: watr
|-damage|p2a: watr|0 fnt
|faint|p2a: watr
|
|upkeep
|
|t:|1743808943
|switch|p2a: boldr|Iron Boulder|100/100
|-enditem|p2a: boldr|Booster Energy
|-activate|p2a: boldr|ability: Quark Drive|[fromitem]
|-start|p2a: boldr|quarkdrivespe
|turn|14
|
|t:|1743808949
|switch|p1a: Alomomola|Alomomola, F|100/100
|move|p2a: boldr|Swords Dance|p2a: boldr
|-boost|p2a: boldr|atk|2
|
|upkeep
|turn|15
|
|t:|1743808956
|move|p2a: boldr|Mighty Cleave|p1a: Alomomola
|-crit|p1a: Alomomola
|-damage|p1a: Alomomola|19/100
|move|p1a: Alomomola|Flip Turn|p2a: boldr
|-supereffective|p2a: boldr
|-damage|p2a: boldr|58/100
|
|t:|1743808961
|switch|p1a: Garganacl|Garganacl, F, shiny|100/100|[from] Flip Turn
|
|upkeep
|turn|16
|
|t:|1743808969
|-terastallize|p1a: Garganacl|Water
|move|p2a: boldr|Earthquake|p1a: Garganacl
|-damage|p1a: Garganacl|54/100
|move|p1a: Garganacl|Iron Defense|p1a: Garganacl
|-boost|p1a: Garganacl|def|2
|
|-heal|p1a: Garganacl|60/100|[from] item: Leftovers
|upkeep
|turn|17
|
|t:|1743808975
|move|p2a: boldr|Mighty Cleave|p1a: Garganacl
|-damage|p1a: Garganacl|28/100
|move|p1a: Garganacl|Iron Defense|p1a: Garganacl
|-boost|p1a: Garganacl|def|2
|
|-heal|p1a: Garganacl|35/100|[from] item: Leftovers
|upkeep
|turn|18
|
|t:|1743808979
|move|p2a: boldr|Swords Dance|p2a: boldr
|-boost|p2a: boldr|atk|2
|move|p1a: Garganacl|Recover|p1a: Garganacl
|-heal|p1a: Garganacl|85/100
|
|-heal|p1a: Garganacl|91/100|[from] item: Leftovers
|upkeep
|turn|19
|
|t:|1743808981
|move|p2a: boldr|Swords Dance|p2a: boldr
|-boost|p2a: boldr|atk|2
|move|p1a: Garganacl|Iron Defense|p1a: Garganacl
|-boost|p1a: Garganacl|def|2
|
|-heal|p1a: Garganacl|97/100|[from] item: Leftovers
|upkeep
|turn|20
|
|t:|1743808984
|move|p2a: boldr|Zen Headbutt|p1a: Garganacl
|-damage|p1a: Garganacl|72/100
|move|p1a: Garganacl|Body Press|p2a: boldr
|-damage|p2a: boldr|0 fnt
|faint|p2a: boldr
|-end|p2a: boldr|Quark Drive|[silent]
|
|-heal|p1a: Garganacl|78/100|[from] item: Leftovers
|upkeep
|
|t:|1743808989
|switch|p2a: :)|Dragapult, F|100/100
|turn|21
|
|t:|1743808992
|switch|p1a: Ting-Lu|Ting-Lu|73/100 psn
|-ability|p1a: Ting-Lu|Vessel of Ruin
|move|p2a: :)|Thunderbolt|p1a: Ting-Lu
|-immune|p1a: Ting-Lu
|
|-heal|p1a: Ting-Lu|79/100 psn|[from] item: Leftovers
|-damage|p1a: Ting-Lu|67/100 psn|[from] psn
|upkeep
|turn|22
|
|t:|1743808996
|move|p2a: :)|U-turn|p1a: Ting-Lu
|-supereffective|p1a: Ting-Lu
|-damage|p1a: Ting-Lu|47/100 psn
|
|t:|1743808998
|switch|p2a: sharp!|Kingambit, F|90/100|[from] U-turn
|-activate|p2a: sharp!|ability: Supreme Overlord
|-start|p2a: sharp!|fallen3|[silent]
|move|p1a: Ting-Lu|Stealth Rock|p2a: sharp!
|-sidestart|p2: ToastSpirit|move: Stealth Rock
|
|-heal|p2a: sharp!|97/100|[from] item: Leftovers
|-heal|p1a: Ting-Lu|53/100 psn|[from] item: Leftovers
|-damage|p1a: Ting-Lu|41/100 psn|[from] psn
|upkeep
|turn|23
|
|t:|1743809003
|-terastallize|p2a: sharp!|Fairy
|move|p2a: sharp!|Swords Dance|p2a: sharp!
|-boost|p2a: sharp!|atk|2
|move|p1a: Ting-Lu|Whirlwind|p2a: sharp!
|-end|p2a: sharp!|fallen3|[silent]
|drag|p2a: :)|Dragapult, F|100/100
|
|-heal|p1a: Ting-Lu|47/100 psn|[from] item: Leftovers
|-damage|p1a: Ting-Lu|35/100 psn|[from] psn
|upkeep
|turn|24
|
|t:|1743809007
|move|p2a: :)|Draco Meteor|p1a: Ting-Lu
|-damage|p1a: Ting-Lu|13/100 psn
|-unboost|p2a: :)|spa|2
|move|p1a: Ting-Lu|Earthquake|p2a: :)
|-damage|p2a: :)|45/100
|
|-heal|p1a: Ting-Lu|19/100 psn|[from] item: Leftovers
|-damage|p1a: Ting-Lu|6/100 psn|[from] psn
|upkeep
|turn|25
|
|t:|1743809011
|move|p2a: :)|U-turn|p1a: Ting-Lu
|-supereffective|p1a: Ting-Lu
|-damage|p1a: Ting-Lu|0 fnt
|faint|p1a: Ting-Lu
|
|t:|1743809013
|switch|p2a: sharp!|Kingambit, F, tera:Fairy|97/100|[from] U-turn
|-damage|p2a: sharp!|84/100|[from] Stealth Rock
|-activate|p2a: sharp!|ability: Supreme Overlord
|-start|p2a: sharp!|fallen3|[silent]
|
|-heal|p2a: sharp!|90/100|[from] item: Leftovers
|upkeep
|
|t:|1743809016
|switch|p1a: Zamazenta|Zamazenta|100/100
|-ability|p1a: Zamazenta|Dauntless Shield|boost
|-boost|p1a: Zamazenta|def|1
|turn|26
|
|t:|1743809022
|-end|p2a: sharp!|fallen3|[silent]
|switch|p2a: :)|Dragapult, F|45/100
|move|p1a: Zamazenta|Heavy Slam|p2a: :)
|-damage|p2a: :)|0 fnt
|faint|p2a: :)
|
|upkeep
|
|t:|1743809027
|switch|p2a: :3|Iron Valiant|100/100
|-damage|p2a: :3|94/100|[from] Stealth Rock
|-enditem|p2a: :3|Booster Energy
|-activate|p2a: :3|ability: Quark Drive|[fromitem]
|-start|p2a: :3|quarkdrivespe
|turn|27
|
|t:|1743809029
|move|p2a: :3|Moonblast|p1a: Zamazenta
|-supereffective|p1a: Zamazenta
|-damage|p1a: Zamazenta|13/100
|move|p1a: Zamazenta|Heavy Slam|p2a: :3
|-supereffective|p2a: :3
|-damage|p2a: :3|0 fnt
|faint|p2a: :3
|-end|p2a: :3|Quark Drive|[silent]
|
|-heal|p1a: Zamazenta|19/100|[from] item: Leftovers
|upkeep
|
|t:|1743809031
|switch|p2a: sharp!|Kingambit, F, tera:Fairy|90/100
|-damage|p2a: sharp!|78/100|[from] Stealth Rock
|-activate|p2a: sharp!|ability: Supreme Overlord
|-start|p2a: sharp!|fallen5|[silent]
|turn|28
|
|t:|1743809036
|switch|p1a: Garganacl|Garganacl, F, shiny, tera:Water|78/100
|move|p2a: sharp!|Low Kick|p1a: Garganacl
|-damage|p1a: Garganacl|32/100
|
|-heal|p2a: sharp!|84/100|[from] item: Leftovers
|-heal|p1a: Garganacl|38/100|[from] item: Leftovers
|upkeep
|turn|29
|
|t:|1743809040
|move|p2a: sharp!|Low Kick|p1a: Garganacl
|-damage|p1a: Garganacl|0 fnt
|faint|p1a: Garganacl
|
|-heal|p2a: sharp!|90/100|[from] item: Leftovers
|upkeep
|
|t:|1743809045
|switch|p1a: Weezing|Weezing-Galar, F, shiny|12/100
|-ability|p1a: Weezing|Neutralizing Gas
|turn|30
|
|t:|1743809048
|move|p2a: sharp!|Sucker Punch||[still]
|-fail|p2a: sharp!
|move|p1a: Weezing|Will-O-Wisp|p2a: sharp!
|-status|p2a: sharp!|brn
|
|-heal|p2a: sharp!|97/100 brn|[from] item: Leftovers
|-damage|p2a: sharp!|90/100 brn|[from] brn
|upkeep
|turn|31
|
|t:|1743809052
|move|p2a: sharp!|Sucker Punch||[still]
|-fail|p2a: sharp!
|move|p1a: Weezing|Pain Split|p2a: sharp!
|-sethp|p2a: sharp!|50/100 brn|[from] move: Pain Split|[silent]
|-sethp|p1a: Weezing|61/100|[from] move: Pain Split
|
|-heal|p2a: sharp!|56/100 brn|[from] item: Leftovers
|-damage|p2a: sharp!|50/100 brn|[from] brn
|upkeep
|turn|32
|
|t:|1743809059
|-end|p1a: Weezing|ability: Neutralizing Gas
|-activate|p2a: sharp!|ability: Supreme Overlord
|-start|p2a: sharp!|fallen5|[silent]
|switch|p1a: Alomomola|Alomomola, F|52/100
|move|p2a: sharp!|Iron Head|p1a: Alomomola
|-resisted|p1a: Alomomola
|-damage|p1a: Alomomola|41/100
|
|-heal|p2a: sharp!|56/100 brn|[from] item: Leftovers
|-damage|p2a: sharp!|50/100 brn|[from] brn
|upkeep
|turn|33
|
|t:|1743809064
|move|p2a: sharp!|Swords Dance|p2a: sharp!
|-boost|p2a: sharp!|atk|2
|move|p1a: Alomomola|Wish|p1a: Alomomola
|
|-heal|p2a: sharp!|56/100 brn|[from] item: Leftovers
|-damage|p2a: sharp!|50/100 brn|[from] brn
|upkeep
|turn|34
|
|t:|1743809069
|move|p2a: sharp!|Swords Dance|p2a: sharp!
|-boost|p2a: sharp!|atk|2
|move|p1a: Alomomola|Flip Turn|p2a: sharp!
|-damage|p2a: sharp!|39/100 brn
|
|t:|1743809070
|switch|p1a: Zamazenta|Zamazenta|19/100|[from] Flip Turn
|
|-heal|p1a: Zamazenta|92/100|[from] move: Wish|[wisher] Alomomola
|-heal|p1a: Zamazenta|98/100|[from] item: Leftovers
|-heal|p2a: sharp!|45/100 brn|[from] item: Leftovers
|-damage|p2a: sharp!|39/100 brn|[from] brn
|upkeep
|turn|35
|
|t:|1743809081
|move|p1a: Zamazenta|Heavy Slam|p2a: sharp!
|-supereffective|p2a: sharp!
|-damage|p2a: sharp!|20/100 brn
|move|p2a: sharp!|Low Kick|p1a: Zamazenta
|-damage|p1a: Zamazenta|0 fnt
|faint|p1a: Zamazenta
|
|-heal|p2a: sharp!|26/100 brn|[from] item: Leftovers
|-damage|p2a: sharp!|20/100 brn|[from] brn
|upkeep
|
|t:|1743809089
|switch|p1a: Weezing|Weezing-Galar, F, shiny|61/100
|-ability|p1a: Weezing|Neutralizing Gas
|turn|36
|
|t:|1743809094
|move|p2a: sharp!|Sucker Punch|p1a: Weezing
|-resisted|p1a: Weezing
|-damage|p1a: Weezing|41/100
|move|p1a: Weezing|Strange Steam|p2a: sharp!
|-damage|p2a: sharp!|0 fnt
|faint|p2a: sharp!
|-end|p2a: sharp!|fallen5|[silent]
|
|win|Dr. Drake6782
|raw|Dr. Drake6782's rating: 1538 &rarr; <strong>1559</strong><br />(+21 for winning)
|raw|ToastSpirit's rating: 1559 &rarr; <strong>1538</strong><br />(-21 for losing)
|c|☆ToastSpirit|gg
|l|☆ToastSpirit
|player|p2|
|c|☆Dr. Drake6782|gg
