|j|☆ChillLanturnYT
|j|☆L0IL
|t:|1743893356
|gametype|singles
|player|p1|ChillLanturnYT|palmer|1214
|player|p2|L0IL|102|1169
|teamsize|p1|6
|teamsize|p2|6
|gen|9
|tier|[Gen 9] OU
|rated|
|rule|HP Percentage Mod: HP is shown in percentages
|rule|Endless Battle Clause: Forcing endless battles is banned
|rule|Species Clause: Limit one of each Pokémon
|rule|OHKO Clause: OHKO moves are banned
|rule|Evasion Items Clause: Evasion items are banned
|rule|Evasion Moves Clause: Evasion moves are banned
|rule|Sleep Moves Clause: Sleep-inducing moves are banned
|clearpoke
|poke|p1|Metagross|
|poke|p1|Ogerpon-Wellspring, F|
|poke|p1|Thundurus-Therian, M|
|poke|p1|Cinderace, F|
|poke|p1|Landorus-Therian, M|
|poke|p1|Slowking-Galar, M|
|poke|p2|Garganacl, M|
|poke|p2|Weezing-Galar, F|
|poke|p2|Corviknight, M|
|poke|p2|Dragapult, M|
|poke|p2|Slowking-Galar, M|
|poke|p2|Samurott-Hisui, F|
|teampreview
|inactive|Battle timer is ON: inactive players will automatically lose when time's up. (requested by ChillLanturnYT)
|
|t:|1743893363
|start
|switch|p1a: Ogerpon|Ogerpon-Wellspring, F|100/100
|switch|p2a: Dr. Garg|Garganacl, M|100/100
|turn|1
|
|t:|1743893376
|switch|p1a: Slowking|Slowking-Galar, M|100/100
|-terastallize|p2a: Dr. Garg|Fairy
|move|p2a: Dr. Garg|Stealth Rock|p1a: Slowking
|-sidestart|p1: ChillLanturnYT|move: Stealth Rock
|
|upkeep
|turn|2
|
|t:|1743893382
|move|p2a: Dr. Garg|Salt Cure|p1a: Slowking
|-damage|p1a: Slowking|89/100
|-start|p1a: Slowking|Salt Cure
|move|p1a: Slowking|Trick|p2a: Dr. Garg
|-activate|p1a: Slowking|move: Trick|[of] p2a: Dr. Garg
|-item|p2a: Dr. Garg|Black Sludge|[from] move: Trick
|-item|p1a: Slowking|Leftovers|[from] move: Trick
|
|-damage|p2a: Dr. Garg|88/100|[from] item: Black Sludge
|-heal|p1a: Slowking|96/100|[from] item: Leftovers
|-damage|p1a: Slowking|83/100|[from] Salt Cure
|upkeep
|turn|3
|
|t:|1743893394
|switch|p2a: Acupuncturist|Samurott-Hisui, F|100/100
|move|p1a: Slowking|Sludge Bomb|p2a: Acupuncturist
|-damage|p2a: Acupuncturist|53/100
|-status|p2a: Acupuncturist|psn
|
|-heal|p1a: Slowking|89/100|[from] item: Leftovers
|-damage|p2a: Acupuncturist|40/100 psn|[from] psn
|-damage|p1a: Slowking|77/100|[from] Salt Cure
|upkeep
|turn|4
|
|t:|1743893404
|move|p2a: Acupuncturist|Ceaseless Edge|p1a: Slowking
|-supereffective|p1a: Slowking
|-damage|p1a: Slowking|6/100
|-sidestart|p1: ChillLanturnYT|Spikes
|move|p1a: Slowking|Sludge Bomb|p2a: Acupuncturist
|-damage|p2a: Acupuncturist|0 fnt
|faint|p2a: Acupuncturist
|
|-heal|p1a: Slowking|12/100|[from] item: Leftovers
|-damage|p1a: Slowking|0 fnt|[from] Salt Cure
|faint|p1a: Slowking
|upkeep
|
|t:|1743893419
|switch|p2a: Trudeau-king|Slowking-Galar, M|100/100
|switch|p1a: Cinderace|Cinderace, F|100/100
|turn|5
|
|t:|1743893432
|move|p1a: Cinderace|Court Change|p1a: Cinderace
|-swapsideconditions
|-activate|p1a: Cinderace|move: Court Change
|move|p2a: Trudeau-king|Sludge Bomb|p1a: Cinderace
|-damage|p1a: Cinderace|52/100
|
|upkeep
|turn|6
|
|t:|1743893439
|move|p1a: Cinderace|U-turn|p2a: Trudeau-king
|-damage|p2a: Trudeau-king|76/100
|
|t:|1743893443
|switch|p1a: Metagross|Metagross|100/100|[from] U-turn
|move|p2a: Trudeau-king|Sludge Bomb|p1a: Metagross
|-immune|p1a: Metagross
|
|upkeep
|turn|7
|
|t:|1743893448
|switch|p1a: Thundurus|Thundurus-Therian, M|100/100
|move|p2a: Trudeau-king|Flamethrower|p1a: Thundurus
|-damage|p1a: Thundurus|65/100
|
|upkeep
|turn|8
|
|t:|1743893454
|move|p1a: Thundurus|Volt Switch|p2a: Trudeau-king
|-damage|p2a: Trudeau-king|60/100
|
|t:|1743893457
|switch|p1a: Metagross|Metagross|100/100|[from] Volt Switch
|move|p2a: Trudeau-king|Future Sight|p1a: Metagross
|-start|p2a: Trudeau-king|move: Future Sight
|
|upkeep
|turn|9
|
|t:|1743893463
|move|p1a: Metagross|Bullet Punch|p2a: Trudeau-king
|-damage|p2a: Trudeau-king|36/100
|move|p2a: Trudeau-king|Flamethrower|p1a: Metagross
|-supereffective|p1a: Metagross
|-damage|p1a: Metagross|48/100
|
|upkeep
|turn|10
|
|t:|1743893472
|switch|p1a: Ogerpon|Ogerpon-Wellspring, F|100/100
|move|p2a: Trudeau-king|Flamethrower|p1a: Ogerpon
|-damage|p1a: Ogerpon|74/100
|
|-end|p1a: Ogerpon|move: Future Sight
|-damage|p1a: Ogerpon|16/100
|upkeep
|turn|11
|
|t:|1743893479
|move|p1a: Ogerpon|Ivy Cudgel|p2a: Trudeau-king|[anim] Ivy Cudgel Water
|-damage|p2a: Trudeau-king|0 fnt
|faint|p2a: Trudeau-king
|
|upkeep
|
|t:|1743893485
|switch|p2a: Plague Doctor|Corviknight, M|100/100
|-damage|p2a: Plague Doctor|88/100|[from] Stealth Rock
|-ability|p2a: Plague Doctor|Pressure
|turn|12
|
|t:|1743893491
|move|p1a: Ogerpon|Swords Dance|p1a: Ogerpon
|-boost|p1a: Ogerpon|atk|2
|move|p2a: Plague Doctor|Iron Defense|p2a: Plague Doctor
|-boost|p2a: Plague Doctor|def|2
|
|upkeep
|turn|13
|
|t:|1743893494
|move|p1a: Ogerpon|Encore|p2a: Plague Doctor
|-start|p2a: Plague Doctor|Encore
|move|p2a: Plague Doctor|Iron Defense|p2a: Plague Doctor
|-boost|p2a: Plague Doctor|def|2
|
|upkeep
|turn|14
|
|t:|1743893500
|move|p1a: Ogerpon|Swords Dance|p1a: Ogerpon
|-boost|p1a: Ogerpon|atk|2
|move|p2a: Plague Doctor|Iron Defense|p2a: Plague Doctor
|-boost|p2a: Plague Doctor|def|2
|
|upkeep
|turn|15
|
|t:|1743893504
|move|p1a: Ogerpon|Ivy Cudgel|p2a: Plague Doctor|[anim] Ivy Cudgel Water
|-damage|p2a: Plague Doctor|61/100
|move|p2a: Plague Doctor|Iron Defense|p2a: Plague Doctor
|-boost|p2a: Plague Doctor|def|0
|
|-end|p2a: Plague Doctor|Encore
|upkeep
|turn|16
|
|t:|1743893510
|move|p1a: Ogerpon|Encore|p2a: Plague Doctor
|-start|p2a: Plague Doctor|Encore
|move|p2a: Plague Doctor|Iron Defense|p2a: Plague Doctor
|-boost|p2a: Plague Doctor|def|0
|
|upkeep
|turn|17
|
|t:|1743893515
|move|p1a: Ogerpon|Swords Dance|p1a: Ogerpon
|-boost|p1a: Ogerpon|atk|2
|move|p2a: Plague Doctor|Iron Defense|p2a: Plague Doctor
|-boost|p2a: Plague Doctor|def|0
|
|upkeep
|turn|18
|
|t:|1743893518
|move|p1a: Ogerpon|Ivy Cudgel|p2a: Plague Doctor|[anim] Ivy Cudgel Water
|-crit|p2a: Plague Doctor
|-damage|p2a: Plague Doctor|0 fnt
|faint|p2a: Plague Doctor
|
|upkeep
|
|t:|1743893524
|switch|p2a: Specialist|Dragapult, M|100/100
|turn|19
|
|t:|1743893535
|move|p2a: Specialist|Dragon Darts|p1a: Ogerpon
|-damage|p1a: Ogerpon|0 fnt
|faint|p1a: Ogerpon
|
|upkeep
|
|t:|1743893539
|switch|p1a: Landorus|Landorus-Therian, M|100/100
|-ability|p1a: Landorus|Intimidate|boost
|-unboost|p2a: Specialist|atk|1
|turn|20
|
|t:|1743893553
|move|p2a: Specialist|Will-O-Wisp|p1a: Landorus
|-status|p1a: Landorus|brn
|move|p1a: Landorus|U-turn|p2a: Specialist
|-resisted|p2a: Specialist
|-damage|p2a: Specialist|94/100
|
|t:|1743893561
|switch|p1a: Thundurus|Thundurus-Therian, M|65/100|[from] U-turn
|
|upkeep
|turn|21
|
|t:|1743893567
|switch|p2a: Nurse|Weezing-Galar, F|100/100
|-ability|p2a: Nurse|Neutralizing Gas
|-damage|p2a: Nurse|88/100|[from] Stealth Rock
|-damage|p2a: Nurse|76/100|[from] Spikes
|move|p1a: Thundurus|Volt Switch|p2a: Nurse
|-damage|p2a: Nurse|20/100
|
|t:|1743893570
|switch|p1a: Metagross|Metagross|48/100|[from] Volt Switch
|
|-heal|p2a: Nurse|26/100|[from] item: Black Sludge
|upkeep
|turn|22
|
|t:|1743893576
|move|p1a: Metagross|Psychic Noise|p2a: Nurse
|-supereffective|p2a: Nurse
|-damage|p2a: Nurse|0 fnt
|faint|p2a: Nurse
|-end|p2a: Nurse|ability: Neutralizing Gas
|
|upkeep
|
|t:|1743893582
|switch|p2a: Dr. Garg|Garganacl, M, tera:Fairy|88/100
|-damage|p2a: Dr. Garg|76/100|[from] Stealth Rock
|-damage|p2a: Dr. Garg|63/100|[from] Spikes
|turn|23
|
|t:|1743893586
|move|p1a: Metagross|Bullet Punch|p2a: Dr. Garg
|-supereffective|p2a: Dr. Garg
|-damage|p2a: Dr. Garg|34/100
|move|p2a: Dr. Garg|Salt Cure|p1a: Metagross
|-resisted|p1a: Metagross
|-damage|p1a: Metagross|42/100
|-start|p1a: Metagross|Salt Cure
|
|-damage|p2a: Dr. Garg|21/100|[from] item: Black Sludge
|-damage|p1a: Metagross|17/100|[from] Salt Cure
|upkeep
|turn|24
|
|t:|1743893596
|move|p2a: Dr. Garg|Protect|p2a: Dr. Garg
|-singleturn|p2a: Dr. Garg|Protect
|move|p1a: Metagross|Bullet Punch|p2a: Dr. Garg
|-activate|p2a: Dr. Garg|move: Protect
|
|-damage|p2a: Dr. Garg|9/100|[from] item: Black Sludge
|-damage|p1a: Metagross|0 fnt|[from] Salt Cure
|faint|p1a: Metagross
|upkeep
|
|t:|1743893607
|switch|p1a: Cinderace|Cinderace, F|52/100
|turn|25
|
|t:|1743893611
|move|p1a: Cinderace|Pyro Ball|p2a: Dr. Garg
|-damage|p2a: Dr. Garg|0 fnt
|faint|p2a: Dr. Garg
|
|upkeep
|
|t:|1743893614
|switch|p2a: Specialist|Dragapult, M|94/100
|turn|26
|
|t:|1743893619
|move|p2a: Specialist|Dragon Darts|p1a: Cinderace
|-damage|p1a: Cinderace|19/100
|-anim|p2a: Specialist|Dragon Darts|p1a: Cinderace
|-damage|p1a: Cinderace|0 fnt
|faint|p1a: Cinderace
|
|upkeep
|
|t:|1743893622
|switch|p1a: Landorus|Landorus-Therian, M|100/100 brn
|-ability|p1a: Landorus|Intimidate|boost
|-unboost|p2a: Specialist|atk|1
|turn|27
|
|t:|1743893625
|move|p2a: Specialist|Hex|p1a: Landorus
|-damage|p1a: Landorus|49/100 brn
|move|p1a: Landorus|Earth Power|p2a: Specialist
|-damage|p2a: Specialist|40/100
|
|-damage|p1a: Landorus|43/100 brn|[from] brn
|upkeep
|turn|28
|
|t:|1743893630
|move|p2a: Specialist|Hex|p1a: Landorus
|-damage|p1a: Landorus|0 fnt
|faint|p1a: Landorus
|
|upkeep
|
|t:|1743893631
|switch|p1a: Thundurus|Thundurus-Therian, M|65/100
|turn|29
|
|t:|1743893650
|-terastallize|p1a: Thundurus|Flying
|move|p2a: Specialist|Dragon Darts|p1a: Thundurus
|-damage|p1a: Thundurus|41/100
|-anim|p2a: Specialist|Dragon Darts|p1a: Thundurus
|-damage|p1a: Thundurus|14/100
|move|p1a: Thundurus|Tera Blast|p2a: Specialist|[anim] Tera Blast Flying
|-damage|p2a: Specialist|0 fnt
|faint|p2a: Specialist
|
|win|ChillLanturnYT
|raw|ChillLanturnYT's rating: 1214 &rarr; <strong>1236</strong><br />(+22 for winning)
|raw|L0IL's rating: 1169 &rarr; <strong>1147</strong><br />(-22 for losing)
