|badge|p1|bronze|gen9ou|100-5
|uhtml|medal-msg|<div class="broadcast-blue">Curious what those medals under the avatar are? PS now has Ladder Seasons! For more information, check out the <a href="https://www.smogon.com/forums/threads/3740067/">thread on Smogon.</a></div>
|j|☆2(H2O)
|j|☆turnyacc
|t:|1743831419
|gametype|singles
|player|p1|2(H2O)|chase|1838
|player|p2|turnyacc|266|1790
|teamsize|p1|6
|teamsize|p2|6
|gen|9
|tier|[Gen 9] OU
|rated|
|rule|HP Percentage Mod: HP is shown in percentages
|rule|Endless Battle Clause: Forcing endless battles is banned
|rule|Species Clause: Limit one of each Pokémon
|rule|OHKO Clause: OHKO moves are banned
|rule|Evasion Items Clause: Evasion items are banned
|rule|Evasion Moves Clause: Evasion moves are banned
|rule|Sleep Moves Clause: Sleep-inducing moves are banned
|clearpoke
|poke|p1|Raging Bolt|
|poke|p1|Slowking-Galar, M|
|poke|p1|Landorus-Therian, M|
|poke|p1|Kingambit, M|
|poke|p1|Meowscarada, M|
|poke|p1|Kyurem|
|poke|p2|Moltres|
|poke|p2|Clodsire, F|
|poke|p2|Raging Bolt|
|poke|p2|Great Tusk|
|poke|p2|Clefable, M|
|poke|p2|Iron Crown|
|teampreview
|c|☆2(H2O)|hf
|
|t:|1743831430
|start
|switch|p1a: Slowking|Slowking-Galar, M|100/100
|switch|p2a: Moltres|Moltres|100/100
|turn|1
|inactive|Battle timer is ON: inactive players will automatically lose when time's up. (requested by 2(H2O))
|
|t:|1743831435
|move|p2a: Moltres|Will-O-Wisp|p1a: Slowking
|-status|p1a: Slowking|brn
|move|p1a: Slowking|Future Sight|p2a: Moltres
|-start|p1a: Slowking|move: Future Sight
|
|-damage|p1a: Slowking|94/100 brn|[from] brn
|upkeep
|turn|2
|
|t:|1743831441
|move|p2a: Moltres|U-turn|p1a: Slowking
|-damage|p1a: Slowking|80/100 brn
|
|t:|1743831450
|switch|p2a: Iron Crown|Iron Crown|100/100|[from] U-turn
|-prepare|p1a: Slowking|Chilly Reception|[premajor]
|move|p1a: Slowking|Chilly Reception|p1a: Slowking
|-weather|Snowscape
|
|t:|1743831452
|switch|p1a: Meowscarada|Meowscarada, M|100/100|[from] Chilly Reception
|
|-weather|Snowscape|[upkeep]
|upkeep
|turn|3
|
|t:|1743831462
|move|p1a: Meowscarada|Knock Off|p2a: Iron Crown
|-start|p1a: Meowscarada|typechange|Dark|[from] ability: Protean
|-supereffective|p2a: Iron Crown
|-damage|p2a: Iron Crown|1/100
|-enditem|p2a: Iron Crown|Assault Vest|[from] move: Knock Off|[of] p1a: Meowscarada
|move|p2a: Iron Crown|Tachyon Cutter|p1a: Meowscarada
|-damage|p1a: Meowscarada|66/100
|-damage|p1a: Meowscarada|32/100
|-hitcount|p1a: Meowscarada|2
|
|-weather|Snowscape|[upkeep]
|-end|p2a: Iron Crown|move: Future Sight
|-resisted|p2a: Iron Crown
|-damage|p2a: Iron Crown|0 fnt
|faint|p2a: Iron Crown
|-end|p2a: Iron Crown|Quark Drive|[silent]
|upkeep
|
|t:|1743831470
|switch|p2a: Moltres|Moltres|100/100
|turn|4
|
|t:|1743831480
|switch|p1a: Slowking|Slowking-Galar, M|100/100 brn
|move|p2a: Moltres|U-turn|p1a: Slowking
|-damage|p1a: Slowking|86/100 brn
|
|t:|1743831485
|switch|p2a: Clodsire|Clodsire, F|100/100|[from] U-turn
|
|-weather|Snowscape|[upkeep]
|-damage|p1a: Slowking|80/100 brn|[from] brn
|upkeep
|turn|5
|
|t:|1743831489
|move|p2a: Clodsire|Stealth Rock|p1a: Slowking
|-sidestart|p1: 2(H2O)|move: Stealth Rock
|move|p1a: Slowking|Future Sight|p2a: Clodsire
|-start|p1a: Slowking|move: Future Sight
|
|-weather|Snowscape|[upkeep]
|-damage|p1a: Slowking|74/100 brn|[from] brn
|upkeep
|turn|6
|c|☆turnyacc|omg my clod is the wrong set
|
|t:|1743831507
|move|p2a: Clodsire|Recover||[still]
|-fail|p2a: Clodsire|heal
|-prepare|p1a: Slowking|Chilly Reception|[premajor]
|move|p1a: Slowking|Chilly Reception|p1a: Slowking
|
|t:|1743831512
|switch|p1a: Meowscarada|Meowscarada, M|32/100|[from] Chilly Reception
|-damage|p1a: Meowscarada|19/100|[from] Stealth Rock
|
|-weather|none
|upkeep
|turn|7
|c|☆turnyacc|and i missclicked
|c|☆turnyacc|what am i fucking doing lol
|
|t:|1743831534
|switch|p2a: Raging Bolt|Raging Bolt|100/100
|move|p1a: Meowscarada|Knock Off|p2a: Raging Bolt
|-start|p1a: Meowscarada|typechange|Dark|[from] ability: Protean
|-damage|p2a: Raging Bolt|76/100
|-enditem|p2a: Raging Bolt|Leftovers|[from] move: Knock Off|[of] p1a: Meowscarada
|
|-end|p2a: Raging Bolt|move: Future Sight
|-damage|p2a: Raging Bolt|40/100
|upkeep
|turn|8
|
|t:|1743831545
|switch|p1a: Slowking|Slowking-Galar, M|100/100 brn
|-end|p2a: Raging Bolt|Protosynthesis|[silent]
|switch|p2a: Clefable|Clefable, M|100/100
|
|-damage|p1a: Slowking|94/100 brn|[from] brn
|upkeep
|turn|9
|
|t:|1743831549
|move|p2a: Clefable|Wish|p2a: Clefable
|move|p1a: Slowking|Future Sight|p2a: Clefable
|-start|p1a: Slowking|move: Future Sight
|
|-damage|p1a: Slowking|88/100 brn|[from] brn
|upkeep
|turn|10
|
|t:|1743831552
|switch|p2a: Raging Bolt|Raging Bolt|40/100
|-prepare|p1a: Slowking|Chilly Reception|[premajor]
|move|p1a: Slowking|Chilly Reception|p1a: Slowking
|-weather|Snowscape
|
|t:|1743831555
|switch|p1a: Landorus|Landorus-Therian, M|100/100|[from] Chilly Reception
|-damage|p1a: Landorus|88/100|[from] Stealth Rock
|-ability|p1a: Landorus|Intimidate|boost
|-unboost|p2a: Raging Bolt|atk|1
|
|-weather|Snowscape|[upkeep]
|-heal|p2a: Raging Bolt|84/100|[from] move: Wish|[wisher] Clefable
|upkeep
|turn|11
|
|t:|1743831561
|-end|p2a: Raging Bolt|Protosynthesis|[silent]
|switch|p2a: Clefable|Clefable, M|100/100
|move|p1a: Landorus|Stealth Rock|p2a: Clefable
|-sidestart|p2: turnyacc|move: Stealth Rock
|
|-weather|Snowscape|[upkeep]
|-end|p2a: Clefable|move: Future Sight
|-damage|p2a: Clefable|62/100
|-heal|p2a: Clefable|68/100|[from] item: Leftovers
|upkeep
|turn|12
|
|t:|1743831564
|move|p1a: Landorus|Taunt|p2a: Clefable
|-start|p2a: Clefable|move: Taunt
|cant|p2a: Clefable|move: Taunt|Wish
|
|-weather|Snowscape|[upkeep]
|-heal|p2a: Clefable|74/100|[from] item: Leftovers
|upkeep
|turn|13
|
|t:|1743831566
|move|p1a: Landorus|Earth Power|p2a: Clefable
|-damage|p2a: Clefable|45/100
|move|p2a: Clefable|Moonblast|p1a: Landorus
|-damage|p1a: Landorus|52/100
|-unboost|p1a: Landorus|spa|1
|
|-weather|Snowscape|[upkeep]
|-heal|p2a: Clefable|51/100|[from] item: Leftovers
|upkeep
|turn|14
|
|t:|1743831573
|move|p1a: Landorus|Earth Power|p2a: Clefable
|-damage|p2a: Clefable|29/100
|move|p2a: Clefable|Moonblast|p1a: Landorus
|-damage|p1a: Landorus|18/100
|
|-weather|none
|-heal|p2a: Clefable|35/100|[from] item: Leftovers
|-end|p2a: Clefable|move: Taunt
|upkeep
|turn|15
|
|t:|1743831586
|move|p1a: Landorus|Taunt|p2a: Clefable
|-start|p2a: Clefable|move: Taunt
|move|p2a: Clefable|Moonblast|p1a: Landorus
|-damage|p1a: Landorus|0 fnt
|faint|p1a: Landorus
|
|-heal|p2a: Clefable|41/100|[from] item: Leftovers
|upkeep
|
|t:|1743831591
|switch|p1a: Meowscarada|Meowscarada, M|19/100
|-damage|p1a: Meowscarada|7/100|[from] Stealth Rock
|turn|16
|
|t:|1743831595
|switch|p2a: Moltres|Moltres|100/100
|move|p1a: Meowscarada|Knock Off|p2a: Moltres
|-start|p1a: Meowscarada|typechange|Dark|[from] ability: Protean
|-damage|p2a: Moltres|70/100
|-enditem|p2a: Moltres|Heavy-Duty Boots|[from] move: Knock Off|[of] p1a: Meowscarada
|
|upkeep
|turn|17
|
|t:|1743831599
|move|p1a: Meowscarada|Knock Off|p2a: Moltres
|-damage|p2a: Moltres|50/100
|move|p2a: Moltres|U-turn|p1a: Meowscarada
|-supereffective|p1a: Meowscarada
|-damage|p1a: Meowscarada|0 fnt
|faint|p1a: Meowscarada
|
|t:|1743831604
|switch|p2a: Clefable|Clefable, M|41/100|[from] U-turn
|
|-heal|p2a: Clefable|47/100|[from] item: Leftovers
|upkeep
|
|t:|1743831608
|switch|p1a: Amarok|Kyurem|100/100
|-damage|p1a: Amarok|76/100|[from] Stealth Rock
|-ability|p1a: Amarok|Pressure
|turn|18
|
|t:|1743831611
|move|p1a: Amarok|Icicle Spear|p2a: Clefable
|-damage|p2a: Clefable|37/100
|-damage|p2a: Clefable|26/100
|-damage|p2a: Clefable|15/100
|-damage|p2a: Clefable|4/100
|-damage|p2a: Clefable|0 fnt
|faint|p2a: Clefable
|-hitcount|p2: Clefable|5
|
|upkeep
|
|t:|1743831624
|switch|p2a: Raging Bolt|Raging Bolt|84/100
|-damage|p2a: Raging Bolt|72/100|[from] Stealth Rock
|turn|19
|
|t:|1743831650
|-terastallize|p1a: Amarok|Ground
|move|p1a: Amarok|Icicle Spear|p2a: Raging Bolt
|-supereffective|p2a: Raging Bolt
|-damage|p2a: Raging Bolt|55/100
|-supereffective|p2a: Raging Bolt
|-damage|p2a: Raging Bolt|38/100
|-supereffective|p2a: Raging Bolt
|-damage|p2a: Raging Bolt|22/100
|-supereffective|p2a: Raging Bolt
|-crit|p2a: Raging Bolt
|-damage|p2a: Raging Bolt|0 fnt
|faint|p2a: Raging Bolt
|-end|p2a: Raging Bolt|Protosynthesis|[silent]
|-hitcount|p2: Raging Bolt|4
|
|upkeep
|j| atlas tales
|c|☆turnyacc|crit bruh
|c|☆turnyacc|fuck kyuuuuuuuuu
|n|‽turnyacc|turnyacc
|c|~|/log turnyacc was locked from talking by Artemis. (☆turnyacc: fuck kyuuuuuuuuu)
|c|~|/raw <small>This action was done automatically. Want to learn more about the AI? <a href="https://www.smogon.com/forums/threads/3570628/#post-9056769">Visit the information thread</a>.</small>
|inactive|turnyacc has 120 seconds left.
|inactive|turnyacc has 90 seconds left.
|
|t:|1743831735
|switch|p2a: Great Tusk|Great Tusk|100/100
|turn|20
|
|t:|1743831743
|move|p2a: Great Tusk|Rapid Spin|p1a: Amarok
|-crit|p1a: Amarok
|-damage|p1a: Amarok|51/100
|-boost|p2a: Great Tusk|spe|1
|-sideend|p2: turnyacc|Stealth Rock|[from] move: Rapid Spin|[of] p2a: Great Tusk
|move|p1a: Amarok|Dragon Dance|p1a: Amarok
|-boost|p1a: Amarok|atk|1
|-boost|p1a: Amarok|spe|1
|
|upkeep
|turn|21
|
|t:|1743831750
|move|p2a: Great Tusk|Headlong Rush|p1a: Amarok
|-damage|p1a: Amarok|0 fnt
|-unboost|p2a: Great Tusk|def|1
|-unboost|p2a: Great Tusk|spd|1
|faint|p1a: Amarok
|
|upkeep
|
|t:|1743831757
|switch|p1a: Slowking|Slowking-Galar, M|100/100 brn
|turn|22
|
|t:|1743831761
|move|p2a: Great Tusk|Headlong Rush|p1a: Slowking
|-supereffective|p1a: Slowking
|-damage|p1a: Slowking|0 fnt
|-unboost|p2a: Great Tusk|def|1
|-unboost|p2a: Great Tusk|spd|1
|faint|p1a: Slowking
|
|upkeep
|
|t:|1743831764
|switch|p1a: Raging Bolt|Raging Bolt|100/100
|-damage|p1a: Raging Bolt|88/100|[from] Stealth Rock
|turn|23
|c|☆2(H2O)|gg
|
|t:|1743831777
|move|p2a: Great Tusk|Headlong Rush|p1a: Raging Bolt
|-supereffective|p1a: Raging Bolt
|-damage|p1a: Raging Bolt|0 fnt
|-unboost|p2a: Great Tusk|def|1
|-unboost|p2a: Great Tusk|spd|1
|faint|p1a: Raging Bolt
|-end|p1a: Raging Bolt|Protosynthesis|[silent]
|
|upkeep
|
|t:|1743831780
|switch|p1a: Kingambit|Kingambit, M|100/100
|-damage|p1a: Kingambit|94/100|[from] Stealth Rock
|-activate|p1a: Kingambit|ability: Supreme Overlord
|-start|p1a: Kingambit|fallen5|[silent]
|turn|24
|
|t:|1743831783
|-end|p2a: Great Tusk|Protosynthesis|[silent]
|switch|p2a: Moltres|Moltres|50/100
|move|p1a: Kingambit|Sucker Punch||[still]
|-fail|p1a: Kingambit
|
|upkeep
|turn|25
|
|t:|1743831785
|move|p2a: Moltres|Will-O-Wisp|p1a: Kingambit
|-status|p1a: Kingambit|brn
|move|p1a: Kingambit|Swords Dance|p1a: Kingambit
|-boost|p1a: Kingambit|atk|2
|
|-damage|p1a: Kingambit|88/100 brn|[from] brn
|upkeep
|turn|26
|
|t:|1743831787
|move|p2a: Moltres|Flamethrower|p1a: Kingambit
|-supereffective|p1a: Kingambit
|-damage|p1a: Kingambit|0 fnt
|faint|p1a: Kingambit
|-end|p1a: Kingambit|fallen5|[silent]
|
|win|turnyacc
