|j|☆achoosirs
|j|☆slowpoketailchef
|t:|1743877529
|gametype|singles
|player|p1|achoosirs|iris|1163
|player|p2|slowpoketailchef|rocketgrunt|1138
|teamsize|p1|6
|teamsize|p2|6
|gen|9
|tier|[Gen 9] OU
|rated|
|rule|HP Percentage Mod: HP is shown in percentages
|rule|Endless Battle Clause: Forcing endless battles is banned
|rule|Species Clause: Limit one of each Pokémon
|rule|OHKO Clause: OHKO moves are banned
|rule|Evasion Items Clause: Evasion items are banned
|rule|Evasion Moves Clause: Evasion moves are banned
|rule|Sleep Moves Clause: Sleep-inducing moves are banned
|clearpoke
|poke|p1|Clodsire, F|
|poke|p1|Zebstrika, M|
|poke|p1|Ceruledge, M|
|poke|p1|Corviknight, M|
|poke|p1|Ribombee, F|
|poke|p1|Muk-Alola, M|
|poke|p2|Kingambit, F|
|poke|p2|Raging Bolt|
|poke|p2|Enamorus, F|
|poke|p2|Glimmora, F|
|poke|p2|Moltres|
|poke|p2|Araquanid, M|
|teampreview
|inactive|Battle timer is ON: inactive players will automatically lose when time's up. (requested by achoosirs)
|inactive|slowpoketailchef has 120 seconds left.
|
|t:|1743877587
|start
|switch|p1a: Ribombee|Ribombee, F, shiny|100/100
|switch|p2a: Glimmora|Glimmora, F|100/100
|turn|1
|inactive|achoosirs has 120 seconds left.
|
|t:|1743877622
|move|p1a: Ribombee|Switcheroo|p2a: Glimmora
|-activate|p1a: Ribombee|move: Trick|[of] p2a: Glimmora
|-item|p2a: Glimmora|Choice Scarf|[from] move: Switcheroo
|-item|p1a: Ribombee|Focus Sash|[from] move: Switcheroo
|move|p2a: Glimmora|Stealth Rock|p1a: Ribombee
|-sidestart|p1: achoosirs|move: Stealth Rock
|
|upkeep
|turn|2
|
|t:|1743877634
|switch|p2a: Araquanid|Araquanid, M|100/100
|move|p1a: Ribombee|Moonblast|p2a: Araquanid
|-damage|p2a: Araquanid|69/100
|
|upkeep
|turn|3
|
|t:|1743877643
|switch|p1a: Clodsire|Clodsire, F|100/100
|-damage|p1a: Clodsire|94/100|[from] Stealth Rock
|move|p2a: Araquanid|Sticky Web|p1a: Clodsire
|-sidestart|p1: achoosirs|move: Sticky Web
|
|-heal|p1a: Clodsire|100/100|[from] item: Leftovers
|upkeep
|turn|4
|
|t:|1743877647
|move|p2a: Araquanid|Surf|p1a: Clodsire
|-immune|p1a: Clodsire|[from] ability: Water Absorb
|move|p1a: Clodsire|Poison Jab|p2a: Araquanid
|-damage|p2a: Araquanid|45/100
|
|upkeep
|turn|5
|
|t:|1743877652
|move|p2a: Araquanid|Endeavor|p1a: Clodsire
|-damage|p1a: Clodsire|33/100
|move|p1a: Clodsire|Poison Jab|p2a: Araquanid
|-crit|p2a: Araquanid
|-damage|p2a: Araquanid|13/100
|
|-heal|p1a: Clodsire|40/100|[from] item: Leftovers
|upkeep
|turn|6
|
|t:|1743877664
|switch|p2a: Kingambit|Kingambit, F|100/100
|move|p1a: Clodsire|Recover|p1a: Clodsire
|-heal|p1a: Clodsire|90/100
|
|-heal|p1a: Clodsire|96/100|[from] item: Leftovers
|upkeep
|turn|7
|
|t:|1743877670
|-end|p2a: Kingambit|fallenundefined|[silent]
|switch|p2a: Moltres|Moltres|100/100
|move|p1a: Clodsire|Earthquake|p2a: Moltres
|-immune|p2a: Moltres
|
|-heal|p1a: Clodsire|100/100|[from] item: Leftovers
|upkeep
|turn|8
|
|t:|1743877678
|move|p2a: Moltres|Air Slash|p1a: Clodsire
|-damage|p1a: Clodsire|85/100
|cant|p1a: Clodsire|flinch
|
|-heal|p1a: Clodsire|91/100|[from] item: Leftovers
|upkeep
|turn|9
|inactive|slowpoketailchef has 120 seconds left.
|
|t:|1743877722
|move|p2a: Moltres|Air Slash|p1a: Clodsire
|-damage|p1a: Clodsire|74/100
|move|p1a: Clodsire|Poison Jab|p2a: Moltres
|-damage|p2a: Moltres|86/100
|-status|p1a: Clodsire|brn|[from] ability: Flame Body|[of] p2a: Moltres
|
|-heal|p1a: Clodsire|80/100 brn|[from] item: Leftovers
|-damage|p1a: Clodsire|74/100 brn|[from] brn
|upkeep
|turn|10
|
|t:|1743877731
|move|p2a: Moltres|U-turn|p1a: Clodsire
|-resisted|p1a: Clodsire
|-damage|p1a: Clodsire|67/100 brn
|
|t:|1743877737
|switch|p2a: Glimmora|Glimmora, F|100/100|[from] U-turn
|move|p1a: Clodsire|Poison Jab|p2a: Glimmora
|-resisted|p2a: Glimmora
|-damage|p2a: Glimmora|98/100
|-activate|p2a: Glimmora|ability: Toxic Debris
|-sidestart|p1: achoosirs|move: Toxic Spikes
|
|-heal|p1a: Clodsire|73/100 brn|[from] item: Leftovers
|-damage|p1a: Clodsire|67/100 brn|[from] brn
|upkeep
|turn|11
|inactive|slowpoketailchef has 120 seconds left.
|
|t:|1743877745
|switch|p2a: Moltres|Moltres|86/100
|move|p1a: Clodsire|Earthquake|p2a: Moltres
|-immune|p2a: Moltres
|
|-heal|p1a: Clodsire|73/100 brn|[from] item: Leftovers
|-damage|p1a: Clodsire|67/100 brn|[from] brn
|upkeep
|turn|12
|
|t:|1743877752
|move|p2a: Moltres|Air Slash|p1a: Clodsire
|-damage|p1a: Clodsire|52/100 brn
|cant|p1a: Clodsire|flinch
|
|-heal|p1a: Clodsire|58/100 brn|[from] item: Leftovers
|-damage|p1a: Clodsire|52/100 brn|[from] brn
|upkeep
|turn|13
|
|t:|1743877759
|move|p2a: Moltres|Air Slash|p1a: Clodsire
|-damage|p1a: Clodsire|35/100 brn
|move|p1a: Clodsire|Recover|p1a: Clodsire
|-heal|p1a: Clodsire|85/100 brn
|
|-heal|p1a: Clodsire|91/100 brn|[from] item: Leftovers
|-damage|p1a: Clodsire|85/100 brn|[from] brn
|upkeep
|turn|14
|
|t:|1743877773
|move|p2a: Moltres|Air Slash|p1a: Clodsire
|-damage|p1a: Clodsire|68/100 brn
|move|p1a: Clodsire|Poison Jab|p2a: Moltres
|-damage|p2a: Moltres|78/100
|-status|p2a: Moltres|psn
|
|-heal|p1a: Clodsire|74/100 brn|[from] item: Leftovers
|-damage|p2a: Moltres|65/100 psn|[from] psn
|-damage|p1a: Clodsire|68/100 brn|[from] brn
|upkeep
|turn|15
|
|t:|1743877790
|move|p2a: Moltres|Air Slash|p1a: Clodsire
|-damage|p1a: Clodsire|51/100 brn
|cant|p1a: Clodsire|flinch
|
|-heal|p1a: Clodsire|57/100 brn|[from] item: Leftovers
|-damage|p2a: Moltres|53/100 psn|[from] psn
|-damage|p1a: Clodsire|51/100 brn|[from] brn
|upkeep
|turn|16
|inactive|slowpoketailchef has 120 seconds left.
|
|t:|1743877805
|switch|p2a: Kingambit|Kingambit, F|100/100
|move|p1a: Clodsire|Recover|p1a: Clodsire
|-heal|p1a: Clodsire|100/100 brn
|
|-damage|p1a: Clodsire|94/100 brn|[from] brn
|upkeep
|turn|17
|
|t:|1743877812
|-end|p2a: Kingambit|fallenundefined|[silent]
|switch|p2a: Enamorus|Enamorus, F|100/100
|move|p1a: Clodsire|Earthquake|p2a: Enamorus
|-immune|p2a: Enamorus
|
|-heal|p1a: Clodsire|100/100 brn|[from] item: Leftovers
|-damage|p1a: Clodsire|94/100 brn|[from] brn
|upkeep
|turn|18
|
|t:|1743877825
|switch|p2a: Glimmora|Glimmora, F|98/100
|move|p1a: Clodsire|Poison Jab|p2a: Glimmora
|-resisted|p2a: Glimmora
|-damage|p2a: Glimmora|95/100
|-activate|p2a: Glimmora|ability: Toxic Debris
|-sidestart|p1: achoosirs|move: Toxic Spikes
|
|-heal|p1a: Clodsire|100/100 brn|[from] item: Leftovers
|-damage|p1a: Clodsire|94/100 brn|[from] brn
|upkeep
|turn|19
|
|t:|1743877839
|switch|p2a: Moltres|Moltres|53/100 psn
|move|p1a: Clodsire|Poison Jab|p2a: Moltres
|-damage|p2a: Moltres|45/100 psn
|
|-heal|p1a: Clodsire|100/100 brn|[from] item: Leftovers
|-damage|p2a: Moltres|33/100 psn|[from] psn
|-damage|p1a: Clodsire|94/100 brn|[from] brn
|upkeep
|turn|20
|
|t:|1743877849
|move|p2a: Moltres|Air Slash|p1a: Clodsire
|-damage|p1a: Clodsire|77/100 brn
|move|p1a: Clodsire|Poison Jab|p2a: Moltres
|-damage|p2a: Moltres|25/100 psn
|
|-heal|p1a: Clodsire|83/100 brn|[from] item: Leftovers
|-damage|p2a: Moltres|13/100 psn|[from] psn
|-damage|p1a: Clodsire|77/100 brn|[from] brn
|upkeep
|turn|21
|inactive|slowpoketailchef has 120 seconds left.
|
|t:|1743877875
|move|p2a: Moltres|U-turn|p1a: Clodsire
|-resisted|p1a: Clodsire
|-damage|p1a: Clodsire|68/100 brn
|
|t:|1743877898
|switch|p2a: Enamorus|Enamorus, F|100/100|[from] U-turn
|move|p1a: Clodsire|Earthquake|p2a: Enamorus
|-immune|p2a: Enamorus
|
|-heal|p1a: Clodsire|75/100 brn|[from] item: Leftovers
|-damage|p1a: Clodsire|68/100 brn|[from] brn
|upkeep
|turn|22
|
|t:|1743877911
|-terastallize|p2a: Enamorus|Ground
|move|p2a: Enamorus|Earth Power|p1a: Clodsire
|-supereffective|p1a: Clodsire
|-crit|p1a: Clodsire
|-damage|p1a: Clodsire|0 fnt
|faint|p1a: Clodsire
|
|upkeep
|
|t:|1743877917
|switch|p1a: Corviknight|Corviknight, M|100/100
|-damage|p1a: Corviknight|88/100|[from] Stealth Rock
|turn|23
|
|t:|1743877937
|switch|p2a: Moltres|Moltres|13/100 psn
|move|p1a: Corviknight|Defog|p2a: Moltres
|-unboost|p2a: Moltres|evasion|1
|-sideend|p1: achoosirs|Toxic Spikes|[from] move: Defog|[of] p1a: Corviknight
|-sideend|p1: achoosirs|Stealth Rock|[from] move: Defog|[of] p1a: Corviknight
|-sideend|p1: achoosirs|Sticky Web|[from] move: Defog|[of] p1a: Corviknight
|
|-damage|p2a: Moltres|0 fnt|[from] psn
|faint|p2a: Moltres
|upkeep
|
|t:|1743877947
|switch|p2a: Glimmora|Glimmora, F|95/100
|turn|24
|
|t:|1743877957
|switch|p1a: Zebstrika|Zebstrika, M|100/100
|move|p2a: Glimmora|Power Gem|p1a: Zebstrika
|-crit|p1a: Zebstrika
|-damage|p1a: Zebstrika|4/100
|
|upkeep
|turn|25
|
|t:|1743877960
|move|p2a: Glimmora|Power Gem|p1a: Zebstrika
|-damage|p1a: Zebstrika|0 fnt
|faint|p1a: Zebstrika
|
|upkeep
|
|t:|1743877965
|switch|p1a: Muk|Muk-Alola, M|100/100
|turn|26
|
|t:|1743877971
|switch|p2a: Enamorus|Enamorus, F, tera:Ground|100/100
|move|p1a: Muk|Drain Punch|p2a: Enamorus
|-damage|p2a: Enamorus|60/100
|-status|p2a: Enamorus|psn|[from] ability: Poison Touch|[of] p1a: Muk
|
|-damage|p2a: Enamorus|48/100 psn|[from] psn
|upkeep
|turn|27
|inactive|slowpoketailchef has 120 seconds left.
|inactive|slowpoketailchef has 90 seconds left.
|
|t:|1743878023
|switch|p1a: Corviknight|Corviknight, M|88/100
|move|p2a: Enamorus|Earth Power|p1a: Corviknight
|-immune|p1a: Corviknight
|
|-damage|p2a: Enamorus|36/100 psn|[from] psn
|upkeep
|turn|28
|
|t:|1743878044
|switch|p2a: Raging Bolt|Raging Bolt|100/100
|-enditem|p2a: Raging Bolt|Booster Energy
|-activate|p2a: Raging Bolt|ability: Protosynthesis|[fromitem]
|-start|p2a: Raging Bolt|protosynthesisspa
|move|p1a: Corviknight|Brave Bird|p2a: Raging Bolt
|-resisted|p2a: Raging Bolt
|-damage|p2a: Raging Bolt|83/100
|-damage|p1a: Corviknight|82/100|[from] Recoil
|
|upkeep
|turn|29
|
|t:|1743878052
|switch|p1a: Muk|Muk-Alola, M|100/100
|move|p2a: Raging Bolt|Thunderbolt|p1a: Muk
|-damage|p1a: Muk|43/100
|
|-heal|p1a: Muk|49/100|[from] item: Leftovers
|upkeep
|turn|30
|
|t:|1743878055
|move|p2a: Raging Bolt|Thunderbolt|p1a: Muk
|-damage|p1a: Muk|0 fnt
|faint|p1a: Muk
|
|upkeep
|
|t:|1743878058
|switch|p1a: Ribombee|Ribombee, F, shiny|100/100
|turn|31
|inactive|slowpoketailchef has 120 seconds left.
|
|t:|1743878066
|-end|p2a: Raging Bolt|Protosynthesis|[silent]
|switch|p2a: Glimmora|Glimmora, F|95/100
|move|p1a: Ribombee|Moonblast|p2a: Glimmora
|-resisted|p2a: Glimmora
|-damage|p2a: Glimmora|69/100
|
|upkeep
|turn|32
|
|t:|1743878073
|switch|p1a: Corviknight|Corviknight, M|82/100
|move|p2a: Glimmora|Power Gem|p1a: Corviknight
|-damage|p1a: Corviknight|43/100
|
|upkeep
|turn|33
|-message|achoosirs forfeited.
|
|win|slowpoketailchef
|raw|achoosirs's rating: 1163 &rarr; <strong>1136</strong><br />(-27 for losing)
|raw|slowpoketailchef's rating: 1138 &rarr; <strong>1165</strong><br />(+27 for winning)
|l|☆achoosirs
|player|p1|
|c|☆slowpoketailchef|gg
|l|☆slowpoketailchef
|player|p2|
