|j|‽omari p
|j|☆Xwipe Serious
|t:|1743822215
|gametype|singles
|player|p1|omari p|pokemonrangerf|1666
|player|p2|Xwipe Serious|101|1771
|teamsize|p1|6
|teamsize|p2|6
|gen|9
|tier|[Gen 9] OU
|rated|
|rule|HP Percentage Mod: HP is shown in percentages
|rule|Endless Battle Clause: Forcing endless battles is banned
|rule|Species Clause: Limit one of each Pokémon
|rule|OHKO Clause: OHKO moves are banned
|rule|Evasion Items Clause: Evasion items are banned
|rule|Evasion Moves Clause: Evasion moves are banned
|rule|Sleep Moves Clause: Sleep-inducing moves are banned
|clearpoke
|poke|p1|Thundurus-Therian, M|
|poke|p1|Cinderace, M|
|poke|p1|Mandibuzz, F|
|poke|p1|Latios, M|
|poke|p1|Deoxys-Speed|
|poke|p1|Iron Hands|
|poke|p2|Kingambit, F|
|poke|p2|Garchomp, M|
|poke|p2|Dragonite, F|
|poke|p2|Iron Moth|
|poke|p2|Iron Crown|
|poke|p2|Samurott-Hisui, M|
|teampreview
|
|t:|1743822232
|start
|switch|p1a: Iron Hands|Iron Hands|100/100
|switch|p2a: Kababoum|Dragonite, F|100/100
|turn|1
|
|t:|1743822240
|switch|p2a: Iron Moth|Iron Moth|100/100
|move|p1a: Iron Hands|Ice Punch|p2a: Iron Moth
|-resisted|p2a: Iron Moth
|-damage|p2a: Iron Moth|78/100
|
|upkeep
|turn|2
|
|t:|1743822245
|move|p2a: Iron Moth|Fiery Dance|p1a: Iron Hands
|-damage|p1a: Iron Hands|82/100
|-boost|p2a: Iron Moth|spa|1
|move|p1a: Iron Hands|Wild Charge|p2a: Iron Moth
|-damage|p2a: Iron Moth|4/100
|-damage|p1a: Iron Hands|67/100|[from] Recoil
|
|upkeep
|turn|3
|
|t:|1743822259
|move|p2a: Iron Moth|Morning Sun|p2a: Iron Moth
|-heal|p2a: Iron Moth|54/100
|move|p1a: Iron Hands|Wild Charge|p2a: Iron Moth
|-damage|p2a: Iron Moth|0 fnt
|faint|p2a: Iron Moth
|-end|p2a: Iron Moth|Quark Drive|[silent]
|-damage|p1a: Iron Hands|57/100|[from] Recoil
|
|upkeep
|
|t:|1743822270
|switch|p2a: Kababoum|Dragonite, F|100/100
|turn|4
|
|t:|1743822282
|move|p2a: Kababoum|Outrage|p1a: Iron Hands
|-damage|p1a: Iron Hands|0 fnt
|faint|p1a: Iron Hands
|-end|p1a: Iron Hands|Quark Drive|[silent]
|
|upkeep
|
|t:|1743822285
|switch|p1a: Deoxys|Deoxys-Speed|100/100
|-ability|p1a: Deoxys|Pressure
|turn|5
|
|t:|1743822287
|move|p1a: Deoxys|Ice Beam|p2a: Kababoum
|-supereffective|p2a: Kababoum
|-damage|p2a: Kababoum|52/100
|move|p2a: Kababoum|Outrage|p1a: Deoxys|[from] lockedmove
|-enditem|p1a: Deoxys|Focus Sash
|-damage|p1a: Deoxys|1/100
|
|upkeep
|turn|6
|
|t:|1743822289
|move|p1a: Deoxys|Ice Beam|p2a: Kababoum
|-supereffective|p2a: Kababoum
|-damage|p2a: Kababoum|0 fnt
|faint|p2a: Kababoum
|
|upkeep
|
|t:|1743822294
|switch|p2a: Samurott|Samurott-Hisui, M|100/100
|turn|7
|
|t:|1743822306
|move|p2a: Samurott|Aqua Jet|p1a: Deoxys
|-damage|p1a: Deoxys|0 fnt
|faint|p1a: Deoxys
|
|upkeep
|
|t:|1743822309
|switch|p1a: Mandibuzz|Mandibuzz, F, shiny|100/100
|turn|8
|
|t:|1743822313
|switch|p2a: Armani style|Kingambit, F|100/100
|-activate|p2a: Armani style|ability: Supreme Overlord
|-start|p2a: Armani style|fallen2|[silent]
|move|p1a: Mandibuzz|Foul Play|p2a: Armani style
|-resisted|p2a: Armani style
|-crit|p2a: Armani style
|-damage|p2a: Armani style|65/100
|
|upkeep
|turn|9
|c|☆Xwipe Serious|nice
|
|t:|1743822334
|-end|p2a: Armani style|fallen2|[silent]
|switch|p2a: do not spin|Garchomp, M|100/100
|move|p1a: Mandibuzz|Foul Play|p2a: do not spin
|-crit|p2a: do not spin
|-damage|p2a: do not spin|39/100
|-damage|p1a: Mandibuzz|88/100|[from] ability: Rough Skin|[of] p2a: do not spin
|-damage|p1a: Mandibuzz|72/100|[from] item: Rocky Helmet|[of] p2a: do not spin
|
|upkeep
|turn|10
|
|t:|1743822341
|-terastallize|p2a: do not spin|Fairy
|move|p2a: do not spin|Stone Edge|p1a: Mandibuzz|[miss]
|-miss|p2a: do not spin|p1a: Mandibuzz
|move|p1a: Mandibuzz|Roost|p1a: Mandibuzz
|-heal|p1a: Mandibuzz|100/100
|-singleturn|p1a: Mandibuzz|move: Roost
|
|upkeep
|turn|11
|c|☆Xwipe Serious|pf
|
|t:|1743822348
|move|p2a: do not spin|Stone Edge|p1a: Mandibuzz
|-supereffective|p1a: Mandibuzz
|-damage|p1a: Mandibuzz|66/100
|move|p1a: Mandibuzz|Toxic|p2a: do not spin|[miss]
|-miss|p1a: Mandibuzz|p2a: do not spin
|
|upkeep
|turn|12
|
|t:|1743822354
|move|p2a: do not spin|Stealth Rock|p1a: Mandibuzz
|-sidestart|p1: omari p|move: Stealth Rock
|move|p1a: Mandibuzz|Roost|p1a: Mandibuzz
|-heal|p1a: Mandibuzz|100/100
|-singleturn|p1a: Mandibuzz|move: Roost
|
|upkeep
|turn|13
|
|t:|1743822361
|move|p2a: do not spin|Stone Edge|p1a: Mandibuzz
|-supereffective|p1a: Mandibuzz
|-damage|p1a: Mandibuzz|69/100
|move|p1a: Mandibuzz|Defog|p2a: do not spin
|-unboost|p2a: do not spin|evasion|1
|-sideend|p1: omari p|Stealth Rock|[from] move: Defog|[of] p1a: Mandibuzz
|
|upkeep
|turn|14
|
|t:|1743822366
|move|p2a: do not spin|Stone Edge|p1a: Mandibuzz|[miss]
|-miss|p2a: do not spin|p1a: Mandibuzz
|move|p1a: Mandibuzz|Roost|p1a: Mandibuzz
|-heal|p1a: Mandibuzz|100/100
|-singleturn|p1a: Mandibuzz|move: Roost
|
|upkeep
|turn|15
|
|t:|1743822370
|move|p2a: do not spin|Stealth Rock|p1a: Mandibuzz
|-sidestart|p1: omari p|move: Stealth Rock
|move|p1a: Mandibuzz|Toxic|p2a: do not spin
|-status|p2a: do not spin|tox
|
|-damage|p2a: do not spin|33/100 tox|[from] psn
|upkeep
|turn|16
|
|t:|1743822386
|switch|p2a: Samurott|Samurott-Hisui, M|100/100
|move|p1a: Mandibuzz|Defog|p2a: Samurott
|-unboost|p2a: Samurott|evasion|1
|-sideend|p1: omari p|Stealth Rock|[from] move: Defog|[of] p1a: Mandibuzz
|
|upkeep
|turn|17
|
|t:|1743822389
|move|p2a: Samurott|Encore|p1a: Mandibuzz
|-start|p1a: Mandibuzz|Encore
|move|p1a: Mandibuzz|Defog|p2a: Samurott
|-unboost|p2a: Samurott|evasion|1
|
|upkeep
|turn|18
|
|t:|1743822395
|switch|p1a: Latios|Latios, M|100/100
|move|p2a: Samurott|Ceaseless Edge|p1a: Latios
|-supereffective|p1a: Latios
|-damage|p1a: Latios|0 fnt
|-sidestart|p1: omari p|Spikes
|faint|p1a: Latios
|
|upkeep
|
|t:|1743822400
|switch|p1a: Thundurus|Thundurus-Therian, M|100/100
|turn|19
|
|t:|1743822407
|switch|p2a: Armani style|Kingambit, F|65/100
|-activate|p2a: Armani style|ability: Supreme Overlord
|-start|p2a: Armani style|fallen2|[silent]
|move|p1a: Thundurus|Thunderbolt|p2a: Armani style
|-damage|p2a: Armani style|23/100
|
|upkeep
|turn|20
|
|t:|1743822418
|switch|p1a: Mandibuzz|Mandibuzz, F, shiny|100/100
|move|p2a: Armani style|Sucker Punch||[still]
|-fail|p2a: Armani style
|
|upkeep
|turn|21
|
|t:|1743822421
|move|p2a: Armani style|Iron Head|p1a: Mandibuzz
|-damage|p1a: Mandibuzz|71/100
|-damage|p2a: Armani style|7/100|[from] item: Rocky Helmet|[of] p1a: Mandibuzz
|cant|p1a: Mandibuzz|flinch
|
|upkeep
|turn|22
|
|t:|1743822424
|move|p2a: Armani style|Iron Head|p1a: Mandibuzz
|-damage|p1a: Mandibuzz|42/100
|-damage|p2a: Armani style|0 fnt|[from] item: Rocky Helmet|[of] p1a: Mandibuzz
|faint|p2a: Armani style
|-end|p2a: Armani style|fallen2|[silent]
|move|p1a: Mandibuzz|Roost|p1a: Mandibuzz
|-heal|p1a: Mandibuzz|92/100
|-singleturn|p1a: Mandibuzz|move: Roost
|
|upkeep
|
|t:|1743822428
|switch|p2a: Samurott|Samurott-Hisui, M|100/100
|turn|23
|
|t:|1743822430
|switch|p1a: Thundurus|Thundurus-Therian, M|100/100
|move|p2a: Samurott|Aqua Cutter|p1a: Thundurus
|-damage|p1a: Thundurus|19/100
|
|-heal|p1a: Thundurus|25/100|[from] item: Leftovers
|upkeep
|turn|24
|
|t:|1743822433
|switch|p1a: Mandibuzz|Mandibuzz, F, shiny|92/100
|move|p2a: Samurott|Aqua Jet|p1a: Mandibuzz
|-damage|p1a: Mandibuzz|81/100
|-damage|p2a: Samurott|84/100|[from] item: Rocky Helmet|[of] p1a: Mandibuzz
|
|upkeep
|turn|25
|
|t:|1743822436
|switch|p2a: do not spin|Garchomp, M, tera:Fairy|33/100 tox
|move|p1a: Mandibuzz|Foul Play|p2a: do not spin
|-resisted|p2a: do not spin
|-damage|p2a: do not spin|11/100 tox
|-damage|p1a: Mandibuzz|69/100|[from] ability: Rough Skin|[of] p2a: do not spin
|-damage|p1a: Mandibuzz|52/100|[from] item: Rocky Helmet|[of] p2a: do not spin
|
|-damage|p2a: do not spin|5/100 tox|[from] psn
|upkeep
|turn|26
|
|t:|1743822443
|switch|p1a: Cinderace|Cinderace, M|100/100
|-damage|p1a: Cinderace|88/100|[from] Spikes
|move|p2a: do not spin|Draco Meteor|p1a: Cinderace
|-damage|p1a: Cinderace|17/100
|-unboost|p2a: do not spin|spa|2
|
|-damage|p2a: do not spin|0 fnt|[from] psn
|faint|p2a: do not spin
|upkeep
|
|t:|1743822447
|switch|p2a: Iron Crown|Iron Crown|100/100
|turn|27
|
|t:|1743822451
|move|p2a: Iron Crown|Tachyon Cutter|p1a: Cinderace
|-resisted|p1a: Cinderace
|-damage|p1a: Cinderace|0 fnt
|faint|p1a: Cinderace
|-hitcount|p1: Cinderace|1
|
|upkeep
|
|t:|1743822453
|switch|p1a: Mandibuzz|Mandibuzz, F, shiny|52/100
|turn|28
|
|t:|1743822456
|move|p2a: Iron Crown|Tachyon Cutter|p1a: Mandibuzz
|-damage|p1a: Mandibuzz|31/100
|-damage|p1a: Mandibuzz|8/100
|-hitcount|p1a: Mandibuzz|2
|move|p1a: Mandibuzz|Roost|p1a: Mandibuzz
|-heal|p1a: Mandibuzz|58/100
|-singleturn|p1a: Mandibuzz|move: Roost
|
|upkeep
|turn|29
|
|t:|1743822463
|move|p2a: Iron Crown|Tachyon Cutter|p1a: Mandibuzz
|-damage|p1a: Mandibuzz|36/100
|-damage|p1a: Mandibuzz|15/100
|-hitcount|p1a: Mandibuzz|2
|move|p1a: Mandibuzz|Roost|p1a: Mandibuzz
|-heal|p1a: Mandibuzz|65/100
|-singleturn|p1a: Mandibuzz|move: Roost
|
|upkeep
|turn|30
|
|t:|1743822466
|-end|p2a: Iron Crown|Quark Drive|[silent]
|switch|p2a: Samurott|Samurott-Hisui, M|84/100
|move|p1a: Mandibuzz|Roost|p1a: Mandibuzz
|-heal|p1a: Mandibuzz|100/100
|-singleturn|p1a: Mandibuzz|move: Roost
|
|upkeep
|turn|31
|
|t:|1743822484
|move|p2a: Samurott|Aqua Cutter|p1a: Mandibuzz
|-damage|p1a: Mandibuzz|69/100
|move|p1a: Mandibuzz|Toxic|p2a: Samurott
|-status|p2a: Samurott|tox
|
|-damage|p2a: Samurott|78/100 tox|[from] psn
|upkeep
|turn|32
|
|t:|1743822487
|switch|p1a: Thundurus|Thundurus-Therian, M|25/100
|move|p2a: Samurott|Encore||[still]
|-fail|p2a: Samurott
|
|-heal|p1a: Thundurus|31/100|[from] item: Leftovers
|-damage|p2a: Samurott|65/100 tox|[from] psn
|upkeep
|turn|33
|
|t:|1743822492
|switch|p1a: Mandibuzz|Mandibuzz, F, shiny|69/100
|move|p2a: Samurott|Aqua Jet|p1a: Mandibuzz
|-damage|p1a: Mandibuzz|58/100
|-damage|p2a: Samurott|49/100 tox|[from] item: Rocky Helmet|[of] p1a: Mandibuzz
|
|-damage|p2a: Samurott|30/100 tox|[from] psn
|upkeep
|turn|34
|
|t:|1743822495
|move|p2a: Samurott|Aqua Cutter|p1a: Mandibuzz
|-damage|p1a: Mandibuzz|27/100
|move|p1a: Mandibuzz|Roost|p1a: Mandibuzz
|-heal|p1a: Mandibuzz|77/100
|-singleturn|p1a: Mandibuzz|move: Roost
|
|-damage|p2a: Samurott|6/100 tox|[from] psn
|upkeep
|turn|35
|
|t:|1743822498
|move|p2a: Samurott|Aqua Cutter|p1a: Mandibuzz
|-damage|p1a: Mandibuzz|48/100
|move|p1a: Mandibuzz|Foul Play|p2a: Samurott
|-resisted|p2a: Samurott
|-damage|p2a: Samurott|0 fnt
|faint|p2a: Samurott
|
|upkeep
|
|t:|1743822501
|switch|p2a: Iron Crown|Iron Crown|100/100
|turn|36
|
|t:|1743822503
|move|p2a: Iron Crown|Tachyon Cutter|p1a: Mandibuzz
|-damage|p1a: Mandibuzz|28/100
|-damage|p1a: Mandibuzz|6/100
|-hitcount|p1a: Mandibuzz|2
|move|p1a: Mandibuzz|Foul Play|p2a: Iron Crown
|-supereffective|p2a: Iron Crown
|-damage|p2a: Iron Crown|50/100
|
|upkeep
|turn|37
|
|t:|1743822506
|move|p2a: Iron Crown|Tachyon Cutter|p1a: Mandibuzz
|-damage|p1a: Mandibuzz|0 fnt
|faint|p1a: Mandibuzz
|-hitcount|p1: Mandibuzz|1
|
|upkeep
|
|t:|1743822508
|switch|p1a: Thundurus|Thundurus-Therian, M|31/100
|turn|38
|
|t:|1743822509
|move|p2a: Iron Crown|Tachyon Cutter|p1a: Thundurus
|-resisted|p1a: Thundurus
|-crit|p1a: Thundurus
|-damage|p1a: Thundurus|6/100
|-resisted|p1a: Thundurus
|-damage|p1a: Thundurus|0 fnt
|faint|p1a: Thundurus
|-hitcount|p1: Thundurus|2
|
|win|Xwipe Serious
|raw|omari p's rating: 1666 &rarr; <strong>1652</strong><br />(-14 for losing)
|raw|Xwipe Serious's rating: 1771 &rarr; <strong>1785</strong><br />(+14 for winning)
|c|☆Xwipe Serious|gg
|l|☆Xwipe Serious
|player|p2|
