|j|☆Hush Is Here
|j|☆pichin
|t:|1743805689
|gametype|singles
|player|p1|Hush Is Here|caitlin|1066
|player|p2|pichin|mira|1115
|teamsize|p1|6
|teamsize|p2|6
|gen|9
|tier|[Gen 9] OU
|rated|
|rule|HP Percentage Mod: HP is shown in percentages
|rule|Endless Battle Clause: Forcing endless battles is banned
|rule|Species Clause: Limit one of each Pokémon
|rule|OHKO Clause: OHKO moves are banned
|rule|Evasion Items Clause: Evasion items are banned
|rule|Evasion Moves Clause: Evasion moves are banned
|rule|Sleep Moves Clause: Sleep-inducing moves are banned
|clearpoke
|poke|p1|Lurantis, F|
|poke|p1|Cresselia, F|
|poke|p1|Hatterene, F|
|poke|p1|Chandelure, M|
|poke|p1|Azumarill, M|
|poke|p1|Hariyama, F|
|poke|p2|Girafarig, M|
|poke|p2|Ursaring, M|
|poke|p2|Drifblim, F|
|poke|p2|Landorus-Therian, M|
|poke|p2|Arbok, F|
|poke|p2|Altaria, F|
|teampreview
|
|t:|1743805692
|start
|switch|p1a: Bimpo|Chandelure, M|100/100
|switch|p2a: Landorus|Landorus-Therian, M|100/100
|-ability|p2a: Landorus|Intimidate|boost
|-unboost|p1a: Bimpo|atk|1
|-enditem|p1a: Bimpo|Eject Pack
|inactive|Battle timer is ON: inactive players will automatically lose when time's up. (requested by pichin)
|
|t:|1743805713
|switch|p1a: Zorpo|Cresselia, F|100/100
|turn|1
|
|t:|1743805718
|move|p2a: Landorus|Stealth Rock|p1a: Zorpo
|-sidestart|p1: Hush Is Here|move: Stealth Rock
|move|p1a: Zorpo|Trick Room|p1a: Zorpo
|-fieldstart|move: Trick Room|[of] p1a: Zorpo
|
|upkeep
|turn|2
|
|t:|1743805724
|switch|p2a: Altaria|Altaria, F|100/100
|move|p1a: Zorpo|Ice Beam|p2a: Altaria
|-supereffective|p2a: Altaria
|-damage|p2a: Altaria|60/100
|
|-heal|p2a: Altaria|66/100|[from] item: Leftovers
|upkeep
|turn|3
|
|t:|1743805739
|-terastallize|p2a: Altaria|Fairy
|move|p1a: Zorpo|Moonblast|p2a: Altaria
|-damage|p2a: Altaria|54/100
|move|p2a: Altaria|Fire Spin|p1a: Zorpo
|-damage|p1a: Zorpo|96/100
|-activate|p1a: Zorpo|move: Fire Spin|[of] p2a: Altaria
|
|-heal|p2a: Altaria|60/100|[from] item: Leftovers
|-damage|p1a: Zorpo|84/100|[from] move: Fire Spin|[partiallytrapped]
|upkeep
|turn|4
|
|t:|1743805752
|move|p1a: Zorpo|Ice Beam|p2a: Altaria
|-damage|p2a: Altaria|49/100
|move|p2a: Altaria|Perish Song|p2a: Altaria
|-start|p1a: Zorpo|perish3|[silent]
|-start|p2a: Altaria|perish3|[silent]
|-fieldactivate|move: Perish Song
|
|-heal|p2a: Altaria|55/100|[from] item: Leftovers
|-damage|p1a: Zorpo|71/100|[from] move: Fire Spin|[partiallytrapped]
|-start|p1a: Zorpo|perish3
|-start|p2a: Altaria|perish3
|upkeep
|turn|5
|
|t:|1743805764
|move|p1a: Zorpo|Ice Beam|p2a: Altaria
|-damage|p2a: Altaria|45/100
|move|p2a: Altaria|Roost|p2a: Altaria
|-heal|p2a: Altaria|95/100
|
|-heal|p2a: Altaria|100/100|[from] item: Leftovers
|-damage|p1a: Zorpo|59/100|[from] move: Fire Spin|[partiallytrapped]
|-start|p1a: Zorpo|perish2
|-start|p2a: Altaria|perish2
|-fieldend|move: Trick Room
|upkeep
|turn|6
|
|t:|1743805776
|move|p2a: Altaria|Fire Spin|p1a: Zorpo
|-damage|p1a: Zorpo|55/100
|move|p1a: Zorpo|Trick Room|p1a: Zorpo
|-fieldstart|move: Trick Room|[of] p1a: Zorpo
|
|-damage|p1a: Zorpo|42/100|[from] move: Fire Spin|[partiallytrapped]
|-start|p1a: Zorpo|perish1
|-start|p2a: Altaria|perish1
|upkeep
|turn|7
|
|t:|1743805794
|switch|p2a: Girafarig|Girafarig, M|100/100
|move|p1a: Zorpo|Ice Beam|p2a: Girafarig
|-damage|p2a: Girafarig|77/100
|
|-end|p1a: Zorpo|Fire Spin|[partiallytrapped]|[silent]
|-start|p1a: Zorpo|perish0
|faint|p1a: Zorpo
|upkeep
|inactive|Hush Is Here has 120 seconds left.
|
|t:|1743805818
|switch|p1a: Bob|Hariyama, F|100/100
|-damage|p1a: Bob|94/100|[from] Stealth Rock
|turn|8
|
|t:|1743805824
|switch|p2a: Landorus|Landorus-Therian, M|100/100
|-ability|p2a: Landorus|Intimidate|boost
|-unboost|p1a: Bob|atk|1
|move|p1a: Bob|Knock Off|p2a: Landorus
|-damage|p2a: Landorus|79/100
|-damage|p1a: Bob|78/100|[from] item: Rocky Helmet|[of] p2a: Landorus
|-enditem|p2a: Landorus|Rocky Helmet|[from] move: Knock Off|[of] p1a: Bob
|
|-status|p1a: Bob|brn|[from] item: Flame Orb
|upkeep
|turn|9
|
|t:|1743805836
|switch|p2a: Arbok|Arbok, F|100/100
|-ability|p2a: Arbok|Intimidate|boost
|-unboost|p1a: Bob|atk|1
|move|p1a: Bob|Facade|p2a: Arbok
|-damage|p2a: Arbok|71/100
|
|-heal|p2a: Arbok|77/100|[from] item: Black Sludge
|-damage|p1a: Bob|72/100 brn|[from] brn
|upkeep
|turn|10
|inactive|Hush Is Here has 120 seconds left.
|
|t:|1743805861
|switch|p1a: Ohohoho|Hatterene, F|100/100
|-damage|p1a: Ohohoho|88/100|[from] Stealth Rock
|switch|p2a: Landorus|Landorus-Therian, M|79/100
|-ability|p2a: Landorus|Intimidate|boost
|-unboost|p1a: Ohohoho|atk|1
|
|-fieldend|move: Trick Room
|upkeep
|turn|11
|
|t:|1743805879
|move|p2a: Landorus|U-turn|p1a: Ohohoho
|-damage|p1a: Ohohoho|56/100
|
|t:|1743805882
|switch|p2a: Ursaring|Ursaring, M|100/100|[from] U-turn
|move|p1a: Ohohoho|Trick Room|p1a: Ohohoho
|-fieldstart|move: Trick Room|[of] p1a: Ohohoho
|
|-status|p2a: Ursaring|brn|[from] item: Flame Orb
|upkeep
|turn|12
|
|t:|1743805897
|move|p1a: Ohohoho|Mystical Fire|p2a: Ursaring
|-damage|p2a: Ursaring|67/100 brn
|-unboost|p2a: Ursaring|spa|1
|move|p2a: Ursaring|Facade|p1a: Ohohoho
|-damage|p1a: Ohohoho|0 fnt
|faint|p1a: Ohohoho
|
|-damage|p2a: Ursaring|61/100 brn|[from] brn
|upkeep
|
|t:|1743805907
|switch|p1a: Bob|Hariyama, F|72/100 brn
|-damage|p1a: Bob|66/100 brn|[from] Stealth Rock
|turn|13
|
|t:|1743805912
|switch|p2a: Landorus|Landorus-Therian, M|79/100
|-ability|p2a: Landorus|Intimidate|boost
|-unboost|p1a: Bob|atk|1
|move|p1a: Bob|Knock Off|p2a: Landorus
|-damage|p2a: Landorus|58/100
|
|-damage|p1a: Bob|59/100 brn|[from] brn
|upkeep
|turn|14
|inactive|Hush Is Here has 120 seconds left.
|
|t:|1743805922
|switch|p2a: Arbok|Arbok, F|77/100
|-ability|p2a: Arbok|Intimidate|boost
|-unboost|p1a: Bob|atk|1
|move|p1a: Bob|Close Combat|p2a: Arbok
|-resisted|p2a: Arbok
|-damage|p2a: Arbok|55/100
|-unboost|p1a: Bob|def|1
|-unboost|p1a: Bob|spd|1
|
|-heal|p2a: Arbok|62/100|[from] item: Black Sludge
|-damage|p1a: Bob|53/100 brn|[from] brn
|upkeep
|turn|15
|inactive|Hush Is Here has 120 seconds left.
|
|t:|1743805936
|switch|p2a: Landorus|Landorus-Therian, M|58/100
|-ability|p2a: Landorus|Intimidate|boost
|-unboost|p1a: Bob|atk|1
|move|p1a: Bob|Facade|p2a: Landorus
|-damage|p2a: Landorus|29/100
|
|-damage|p1a: Bob|47/100 brn|[from] brn
|-fieldend|move: Trick Room
|upkeep
|turn|16
|inactive|Hush Is Here has 120 seconds left.
|
|t:|1743805949
|move|p2a: Landorus|Earthquake|p1a: Bob
|-damage|p1a: Bob|0 fnt
|faint|p1a: Bob
|
|upkeep
|inactive|Hush Is Here has 120 seconds left.
|c|☆Hush Is Here|gotta be the most boring team ive fought today
|-message|Hush Is Here forfeited.
|
|win|pichin
|raw|Hush Is Here's rating: 1066 &rarr; <strong>1049</strong><br />(-17 for losing)
|raw|pichin's rating: 1115 &rarr; <strong>1136</strong><br />(+21 for winning)
|l|☆Hush Is Here
|player|p1|
