|j|☆Retien
|j|☆CHARMANDER12354
|t:|1743798198
|gametype|singles
|player|p1|Retien|depotagent|1184
|player|p2|CHARMANDER12354|266|1190
|teamsize|p1|6
|teamsize|p2|6
|gen|9
|tier|[Gen 9] OU
|rated|
|rule|HP Percentage Mod: HP is shown in percentages
|rule|Endless Battle Clause: Forcing endless battles is banned
|rule|Species Clause: Limit one of each Pokémon
|rule|OHKO Clause: OHKO moves are banned
|rule|Evasion Items Clause: Evasion items are banned
|rule|Evasion Moves Clause: Evasion moves are banned
|rule|Sleep Moves Clause: Sleep-inducing moves are banned
|clearpoke
|poke|p1|Regigigas|
|poke|p1|Araquanid, F|
|poke|p1|Ogerpon-Wellspring, F|
|poke|p1|Zapdos|
|poke|p1|Pecharunt|
|poke|p1|Samurott-Hisui, M|
|poke|p2|Jolteon, F|
|poke|p2|Slowking-Galar, F|
|poke|p2|Hawlucha, F|
|poke|p2|Serperior, F|
|poke|p2|Galvantula, M|
|poke|p2|Porygon-Z|
|teampreview
|inactive|Battle timer is ON: inactive players will automatically lose when time's up. (requested by Retien)
|
|t:|1743798209
|start
|switch|p1a: MAUCH|Araquanid, F|100/100
|switch|p2a: Serperior|Serperior, F|100/100
|turn|1
|
|t:|1743798214
|-terastallize|p2a: Serperior|Water
|move|p2a: Serperior|Mean Look|p1a: MAUCH
|-activate|p1a: MAUCH|trapped
|move|p1a: MAUCH|Sticky Web|p2a: Serperior
|-sidestart|p2: CHARMANDER12354|move: Sticky Web
|
|upkeep
|turn|2
|
|t:|1743798226
|move|p2a: Serperior|Knock Off|p1a: MAUCH
|-damage|p1a: MAUCH|83/100
|-enditem|p1a: MAUCH|Focus Sash|[from] move: Knock Off|[of] p2a: Serperior
|move|p1a: MAUCH|Surf|p2a: Serperior
|-resisted|p2a: Serperior
|-damage|p2a: Serperior|73/100
|
|-heal|p2a: Serperior|80/100|[from] item: Leftovers
|upkeep
|turn|3
|
|t:|1743798250
|move|p1a: MAUCH|Endure|p1a: MAUCH
|-singleturn|p1a: MAUCH|move: Endure
|move|p2a: Serperior|Leaf Storm|p1a: MAUCH
|-damage|p1a: MAUCH|53/100
|-boost|p2a: Serperior|spa|2
|
|-heal|p2a: Serperior|86/100|[from] item: Leftovers
|upkeep
|turn|4
|
|t:|1743798256
|move|p2a: Serperior|Leaf Storm|p1a: MAUCH
|-damage|p1a: MAUCH|0 fnt
|-boost|p2a: Serperior|spa|2
|faint|p1a: MAUCH
|
|-heal|p2a: Serperior|92/100|[from] item: Leftovers
|upkeep
|
|t:|1743798263
|switch|p1a: Static 100%|Zapdos|100/100
|turn|5
|
|t:|1743798269
|move|p2a: Serperior|Knock Off|p1a: Static 100%
|-damage|p1a: Static 100%|83/100
|-enditem|p1a: Static 100%|Heavy-Duty Boots|[from] move: Knock Off|[of] p2a: Serperior
|move|p1a: Static 100%|Discharge|p2a: Serperior
|-supereffective|p2a: Serperior
|-damage|p2a: Serperior|24/100
|
|-heal|p2a: Serperior|30/100|[from] item: Leftovers
|upkeep
|turn|6
|
|t:|1743798278
|move|p2a: Serperior|Leaf Storm|p1a: Static 100%
|-resisted|p1a: Static 100%
|-damage|p1a: Static 100%|19/100
|-boost|p2a: Serperior|spa|2
|move|p1a: Static 100%|Volt Switch|p2a: Serperior
|-supereffective|p2a: Serperior
|-damage|p2a: Serperior|0 fnt
|faint|p2a: Serperior
|
|t:|1743798287
|switch|p1a: PAS LUI|Samurott-Hisui, M|100/100|[from] Volt Switch
|
|upkeep
|
|t:|1743798292
|switch|p2a: Hawlucha|Hawlucha, F|100/100
|turn|7
|
|t:|1743798301
|switch|p1a: Gna|Pecharunt|100/100
|-item|p1a: Gna|Air Balloon
|move|p2a: Hawlucha|Close Combat|p1a: Gna
|-immune|p1a: Gna
|
|upkeep
|turn|8
|
|t:|1743798305
|switch|p2a: Galvantula|Galvantula, M|100/100
|-activate|p2a: Galvantula|move: Sticky Web
|-unboost|p2a: Galvantula|spe|1
|move|p1a: Gna|Malignant Chain|p2a: Galvantula
|-damage|p2a: Galvantula|42/100
|
|upkeep
|turn|9
|
|t:|1743798315
|move|p2a: Galvantula|Thunder|p1a: Gna|[miss]
|-miss|p2a: Galvantula|p1a: Gna
|move|p1a: Gna|Malignant Chain|p2a: Galvantula
|-damage|p2a: Galvantula|0 fnt
|faint|p2a: Galvantula
|
|upkeep
|
|t:|1743798325
|switch|p2a: Porygon-Z|Porygon-Z|100/100
|-activate|p2a: Porygon-Z|move: Sticky Web
|-unboost|p2a: Porygon-Z|spe|1
|-ability|p2a: Porygon-Z|Download|boost
|-boost|p2a: Porygon-Z|spa|1
|turn|10
|
|t:|1743798332
|move|p1a: Gna|Malignant Chain|p2a: Porygon-Z
|-damage|p2a: Porygon-Z|54/100
|-status|p2a: Porygon-Z|tox
|-start|p2a: Porygon-Z|confusion|[from] ability: Poison Puppeteer|[of] p1a: Gna
|-activate|p2a: Porygon-Z|confusion
|-damage|p2a: Porygon-Z|45/100 tox|[from] confusion
|
|-damage|p2a: Porygon-Z|39/100 tox|[from] psn
|upkeep
|turn|11
|
|t:|1743798343
|switch|p2a: Slowking|Slowking-Galar, F|100/100
|-activate|p2a: Slowking|move: Sticky Web
|-unboost|p2a: Slowking|spe|1
|move|p1a: Gna|Parting Shot|p2a: Slowking
|-unboost|p2a: Slowking|atk|1
|-unboost|p2a: Slowking|spa|1
|
|t:|1743798346
|switch|p1a: PAS LUI|Samurott-Hisui, M|100/100|[from] Parting Shot
|
|upkeep
|turn|12
|
|t:|1743798353
|move|p1a: PAS LUI|Ceaseless Edge|p2a: Slowking
|-supereffective|p2a: Slowking
|-damage|p2a: Slowking|15/100
|-sidestart|p2: CHARMANDER12354|Spikes
|-prepare|p2a: Slowking|Chilly Reception|[premajor]
|move|p2a: Slowking|Chilly Reception|p2a: Slowking
|-weather|Snowscape
|
|t:|1743798358
|switch|p2a: Hawlucha|Hawlucha, F|100/100|[from] Chilly Reception
|
|-weather|Snowscape|[upkeep]
|upkeep
|turn|13
|
|t:|1743798366
|switch|p1a: Gna|Pecharunt|100/100
|-item|p1a: Gna|Air Balloon
|move|p2a: Hawlucha|Defog|p1a: Gna
|-unboost|p1a: Gna|evasion|1
|-sideend|p2: CHARMANDER12354|Spikes|[from] move: Defog|[of] p2a: Hawlucha
|-sideend|p2: CHARMANDER12354|Sticky Web|[from] move: Defog|[of] p2a: Hawlucha
|
|-weather|Snowscape|[upkeep]
|upkeep
|turn|14
|
|t:|1743798373
|switch|p2a: Slowking|Slowking-Galar, F|48/100
|move|p1a: Gna|Malignant Chain|p2a: Slowking
|-resisted|p2a: Slowking
|-damage|p2a: Slowking|39/100
|
|-weather|Snowscape|[upkeep]
|upkeep
|turn|15
|
|t:|1743798380
|move|p1a: Gna|Parting Shot|p2a: Slowking
|-unboost|p2a: Slowking|atk|1
|-unboost|p2a: Slowking|spa|1
|
|t:|1743798384
|switch|p1a: PAS LUI|Samurott-Hisui, M|100/100|[from] Parting Shot
|move|p2a: Slowking|Slack Off|p2a: Slowking
|-heal|p2a: Slowking|89/100
|
|-weather|Snowscape|[upkeep]
|upkeep
|turn|16
|
|t:|1743798393
|switch|p2a: Jolteon|Jolteon, F|100/100
|move|p1a: PAS LUI|Ceaseless Edge|p2a: Jolteon
|-damage|p2a: Jolteon|19/100
|-sidestart|p2: CHARMANDER12354|Spikes
|
|-weather|Snowscape|[upkeep]
|upkeep
|turn|17
|
|t:|1743798402
|move|p2a: Jolteon|Volt Switch|p1a: PAS LUI
|-supereffective|p1a: PAS LUI
|-damage|p1a: PAS LUI|0 fnt
|faint|p1a: PAS LUI
|
|t:|1743798406
|switch|p2a: Hawlucha|Hawlucha, F|100/100|[from] Volt Switch
|
|-weather|Snowscape|[upkeep]
|upkeep
|
|t:|1743798413
|switch|p1a: LA TUEUR|Regigigas|100/100
|-start|p1a: LA TUEUR|ability: Slow Start
|turn|18
|
|t:|1743798418
|move|p1a: LA TUEUR|Protect|p1a: LA TUEUR
|-singleturn|p1a: LA TUEUR|Protect
|move|p2a: Hawlucha|Swords Dance|p2a: Hawlucha
|-boost|p2a: Hawlucha|atk|2
|
|-weather|Snowscape|[upkeep]
|-status|p1a: LA TUEUR|brn|[from] item: Flame Orb
|upkeep
|turn|19
|
|t:|1743798425
|-terastallize|p1a: LA TUEUR|Ghost
|move|p2a: Hawlucha|Close Combat|p1a: LA TUEUR
|-immune|p1a: LA TUEUR
|move|p1a: LA TUEUR|Facade|p2a: Hawlucha
|-damage|p2a: Hawlucha|41/100
|
|-weather|none
|-damage|p1a: LA TUEUR|94/100 brn|[from] brn
|upkeep
|turn|20
|
|t:|1743798438
|move|p1a: LA TUEUR|Protect|p1a: LA TUEUR
|-singleturn|p1a: LA TUEUR|Protect
|move|p2a: Hawlucha|Acrobatics|p1a: LA TUEUR
|-activate|p1a: LA TUEUR|move: Protect
|
|-damage|p1a: LA TUEUR|88/100 brn|[from] brn
|upkeep
|turn|21
|
|t:|1743798441
|move|p2a: Hawlucha|Acrobatics|p1a: LA TUEUR
|-damage|p1a: LA TUEUR|46/100 brn
|move|p1a: LA TUEUR|Facade|p2a: Hawlucha
|-damage|p2a: Hawlucha|0 fnt
|faint|p2a: Hawlucha
|
|-damage|p1a: LA TUEUR|40/100 brn|[from] brn
|upkeep
|
|t:|1743798461
|switch|p2a: Slowking|Slowking-Galar, F|100/100
|-damage|p2a: Slowking|88/100|[from] Spikes
|turn|22
|
|t:|1743798466
|move|p1a: LA TUEUR|Rest|p1a: LA TUEUR
|-status|p1a: LA TUEUR|slp|[from] move: Rest
|-heal|p1a: LA TUEUR|100/100 slp|[silent]
|move|p2a: Slowking|Future Sight|p1a: LA TUEUR
|-start|p2a: Slowking|move: Future Sight
|
|-end|p1a: LA TUEUR|Slow Start
|upkeep
|turn|23
|
|t:|1743798473
|cant|p1a: LA TUEUR|slp
|-prepare|p2a: Slowking|Chilly Reception|[premajor]
|move|p2a: Slowking|Chilly Reception|p2a: Slowking
|-weather|Snowscape
|
|t:|1743798475
|switch|p2a: Jolteon|Jolteon, F|19/100|[from] Chilly Reception
|-damage|p2a: Jolteon|7/100|[from] Spikes
|
|-weather|Snowscape|[upkeep]
|upkeep
|turn|24
|
|t:|1743798479
|move|p2a: Jolteon|Thunderbolt|p1a: LA TUEUR
|-damage|p1a: LA TUEUR|67/100 slp
|cant|p1a: LA TUEUR|slp
|
|-weather|Snowscape|[upkeep]
|-end|p1a: LA TUEUR|move: Future Sight
|-damage|p1a: LA TUEUR|32/100 slp
|upkeep
|turn|25
|
|t:|1743798482
|move|p2a: Jolteon|Thunderbolt|p1a: LA TUEUR
|-damage|p1a: LA TUEUR|0 fnt
|faint|p1a: LA TUEUR
|-end|p1a: LA TUEUR|Slow Start|[silent]
|
|-weather|Snowscape|[upkeep]
|upkeep
|
|t:|1743798487
|switch|p1a: Gna|Pecharunt|100/100
|-item|p1a: Gna|Air Balloon
|turn|26
|
|t:|1743798492
|move|p2a: Jolteon|Weather Ball|p1a: Gna
|-damage|p1a: Gna|68/100
|-enditem|p1a: Gna|Air Balloon
|move|p1a: Gna|Malignant Chain|p2a: Jolteon
|-damage|p2a: Jolteon|0 fnt
|faint|p2a: Jolteon
|
|-weather|Snowscape|[upkeep]
|upkeep
|
|t:|1743798499
|switch|p2a: Porygon-Z|Porygon-Z|39/100 tox
|-damage|p2a: Porygon-Z|27/100 tox|[from] Spikes
|-ability|p2a: Porygon-Z|Download|boost
|-boost|p2a: Porygon-Z|spa|1
|turn|27
|
|t:|1743798506
|move|p2a: Porygon-Z|Shadow Ball|p1a: Gna
|-supereffective|p1a: Gna
|-damage|p1a: Gna|0 fnt
|faint|p1a: Gna
|
|-weather|Snowscape|[upkeep]
|-damage|p2a: Porygon-Z|20/100 tox|[from] psn
|upkeep
|
|t:|1743798509
|switch|p1a: Static 100%|Zapdos|19/100
|turn|28
|
|t:|1743798513
|move|p1a: Static 100%|Roost|p1a: Static 100%
|-heal|p1a: Static 100%|69/100
|-singleturn|p1a: Static 100%|move: Roost
|move|p2a: Porygon-Z|Shadow Ball|p1a: Static 100%
|-damage|p1a: Static 100%|0 fnt
|faint|p1a: Static 100%
|
|-weather|Snowscape|[upkeep]
|-damage|p2a: Porygon-Z|8/100 tox|[from] psn
|upkeep
|
|t:|1743798515
|switch|p1a: AHHHHHH|Ogerpon-Wellspring, F|100/100
|turn|29
|
|t:|1743798520
|move|p1a: AHHHHHH|Ivy Cudgel|p2a: Porygon-Z|[anim] Ivy Cudgel Water
|-damage|p2a: Porygon-Z|0 fnt
|faint|p2a: Porygon-Z
|
|-weather|Snowscape|[upkeep]
|upkeep
|
|t:|1743798523
|switch|p2a: Slowking|Slowking-Galar, F|100/100
|-damage|p2a: Slowking|88/100|[from] Spikes
|turn|30
|
|t:|1743798528
|move|p1a: AHHHHHH|Swords Dance|p1a: AHHHHHH
|-boost|p1a: AHHHHHH|atk|2
|move|p2a: Slowking|Future Sight|p1a: AHHHHHH
|-start|p2a: Slowking|move: Future Sight
|
|-weather|none
|upkeep
|turn|31
|
|t:|1743798535
|move|p1a: AHHHHHH|Power Whip|p2a: Slowking
|-resisted|p2a: Slowking
|-damage|p2a: Slowking|14/100
|move|p2a: Slowking|Slack Off|p2a: Slowking
|-heal|p2a: Slowking|64/100
|
|upkeep
|turn|32
|
|t:|1743798540
|move|p1a: AHHHHHH|Power Whip|p2a: Slowking
|-resisted|p2a: Slowking
|-damage|p2a: Slowking|0 fnt
|faint|p2a: Slowking
|
|win|Retien
|raw|Retien's rating: 1184 &rarr; <strong>1209</strong><br />(+25 for winning)
|raw|CHARMANDER12354's rating: 1190 &rarr; <strong>1165</strong><br />(-25 for losing)
|l|☆Retien
|player|p1|
|l|☆CHARMANDER12354
|player|p2|
