|j|☆alinare12
|j|☆shupple
|t:|1743827528
|gametype|singles
|player|p1|alinare12|pokemonrangerf-gen4|1156
|player|p2|shupple|lusamine-nihilego|1153
|teamsize|p1|6
|teamsize|p2|6
|gen|9
|tier|[Gen 9] OU
|rated|
|rule|HP Percentage Mod: HP is shown in percentages
|rule|Endless Battle Clause: Forcing endless battles is banned
|rule|Species Clause: Limit one of each Pokémon
|rule|OHKO Clause: OHKO moves are banned
|rule|Evasion Items Clause: Evasion items are banned
|rule|Evasion Moves Clause: Evasion moves are banned
|rule|Sleep Moves Clause: Sleep-inducing moves are banned
|clearpoke
|poke|p1|Garganacl, F|
|poke|p1|Glimmora, M|
|poke|p1|Iron Boulder|
|poke|p1|Tyranitar, M|
|poke|p1|Diancie|
|poke|p1|Ogerpon-Cornerstone, F|
|poke|p2|Bellibolt, M|
|poke|p2|Rillaboom, F|
|poke|p2|Tinkaton, F|
|poke|p2|Great Tusk|
|poke|p2|Dragapult, F|
|poke|p2|Kingambit, M|
|teampreview
|
|t:|1743827532
|start
|switch|p1a: Garganacl|Garganacl, F|100/100
|switch|p2a: Tinkaton|Tinkaton, F|100/100
|-item|p2a: Tinkaton|Air Balloon
|turn|1
|
|t:|1743827543
|move|p2a: Tinkaton|Stealth Rock|p1a: Garganacl
|-sidestart|p1: alinare12|move: Stealth Rock
|move|p1a: Garganacl|Salt Cure|p2a: Tinkaton
|-resisted|p2a: Tinkaton
|-damage|p2a: Tinkaton|92/100
|-start|p2a: Tinkaton|Salt Cure
|-enditem|p2a: Tinkaton|Air Balloon
|
|-damage|p2a: Tinkaton|68/100|[from] Salt Cure
|upkeep
|turn|2
|
|t:|1743827555
|move|p2a: Tinkaton|Gigaton Hammer|p1a: Garganacl
|-supereffective|p1a: Garganacl
|-damage|p1a: Garganacl|43/100
|move|p1a: Garganacl|Salt Cure|p2a: Tinkaton
|-resisted|p2a: Tinkaton
|-damage|p2a: Tinkaton|59/100
|
|-heal|p1a: Garganacl|49/100|[from] item: Leftovers
|-damage|p2a: Tinkaton|35/100|[from] Salt Cure
|upkeep
|turn|3
|
|t:|1743827565
|move|p2a: Tinkaton|Thunder Wave|p1a: Garganacl
|-immune|p1a: Garganacl|[from] ability: Purifying Salt
|move|p1a: Garganacl|Salt Cure|p2a: Tinkaton
|-resisted|p2a: Tinkaton
|-damage|p2a: Tinkaton|26/100
|
|-heal|p1a: Garganacl|55/100|[from] item: Leftovers
|-damage|p2a: Tinkaton|1/100|[from] Salt Cure
|upkeep
|turn|4
|
|t:|1743827570
|move|p1a: Garganacl|Protect|p1a: Garganacl
|-singleturn|p1a: Garganacl|Protect
|move|p2a: Tinkaton|Gigaton Hammer|p1a: Garganacl
|-activate|p1a: Garganacl|move: Protect
|
|-heal|p1a: Garganacl|61/100|[from] item: Leftovers
|-damage|p2a: Tinkaton|0 fnt|[from] Salt Cure
|faint|p2a: Tinkaton
|upkeep
|
|t:|1743827577
|switch|p2a: Rillaboom|Rillaboom, F|100/100
|-fieldstart|move: Grassy Terrain|[from] ability: Grassy Surge|[of] p2a: Rillaboom
|turn|5
|
|t:|1743827588
|switch|p1a: Glimmora|Glimmora, M|100/100
|-damage|p1a: Glimmora|88/100|[from] Stealth Rock
|move|p2a: Rillaboom|High Horsepower|p1a: Glimmora
|-supereffective|p1a: Glimmora
|-damage|p1a: Glimmora|0 fnt
|-activate|p1a: Glimmora|ability: Toxic Debris
|-sidestart|p2: shupple|move: Toxic Spikes
|faint|p1a: Glimmora
|-damage|p2a: Rillaboom|91/100|[from] item: Life Orb
|
|-heal|p2a: Rillaboom|97/100|[from] Grassy Terrain
|upkeep
|
|t:|1743827600
|switch|p1a: Diancie|Diancie|100/100
|-damage|p1a: Diancie|88/100|[from] Stealth Rock
|turn|6
|
|t:|1743827605
|-terastallize|p1a: Diancie|Fairy
|move|p2a: Rillaboom|High Horsepower|p1a: Diancie
|-damage|p1a: Diancie|54/100
|-damage|p2a: Rillaboom|87/100|[from] item: Life Orb
|move|p1a: Diancie|Diamond Storm|p2a: Rillaboom
|-damage|p2a: Rillaboom|43/100
|
|-heal|p2a: Rillaboom|50/100|[from] Grassy Terrain
|-heal|p1a: Diancie|60/100|[from] Grassy Terrain
|upkeep
|turn|7
|
|t:|1743827617
|move|p2a: Rillaboom|Wood Hammer|p1a: Diancie
|-damage|p1a: Diancie|0 fnt
|faint|p1a: Diancie
|-damage|p2a: Rillaboom|33/100|[from] Recoil
|-damage|p2a: Rillaboom|23/100|[from] item: Life Orb
|
|-heal|p2a: Rillaboom|29/100|[from] Grassy Terrain
|upkeep
|
|t:|1743827624
|switch|p1a: Iron Boulder|Iron Boulder|100/100
|-damage|p1a: Iron Boulder|88/100|[from] Stealth Rock
|-enditem|p1a: Iron Boulder|Booster Energy
|-activate|p1a: Iron Boulder|ability: Quark Drive|[fromitem]
|-start|p1a: Iron Boulder|quarkdrivespe
|turn|8
|
|t:|1743827632
|move|p2a: Rillaboom|Grassy Glide|p1a: Iron Boulder
|-supereffective|p1a: Iron Boulder
|-damage|p1a: Iron Boulder|0 fnt
|faint|p1a: Iron Boulder
|-end|p1a: Iron Boulder|Quark Drive|[silent]
|-damage|p2a: Rillaboom|19/100|[from] item: Life Orb
|
|-heal|p2a: Rillaboom|25/100|[from] Grassy Terrain
|upkeep
|
|t:|1743827635
|switch|p1a: Ogerpon|Ogerpon-Cornerstone, F|100/100
|-damage|p1a: Ogerpon|88/100|[from] Stealth Rock
|turn|9
|
|t:|1743827648
|switch|p2a: Bellibolt|Bellibolt, M, shiny|100/100
|move|p1a: Ogerpon|U-turn|p2a: Bellibolt
|-damage|p2a: Bellibolt|78/100
|-start|p2a: Bellibolt|Charge|U-turn|[from] ability: Electromorphosis
|
|t:|1743827657
|switch|p1a: Tyranitar|Tyranitar, M|100/100|[from] U-turn
|-damage|p1a: Tyranitar|88/100|[from] Stealth Rock
|-weather|Sandstorm|[from] ability: Sand Stream|[of] p1a: Tyranitar
|
|-weather|Sandstorm|[upkeep]
|-damage|p2a: Bellibolt|72/100|[from] Sandstorm
|-heal|p1a: Tyranitar|94/100|[from] Grassy Terrain
|-heal|p2a: Bellibolt|78/100|[from] Grassy Terrain
|-fieldend|move: Grassy Terrain
|upkeep
|turn|10
|
|t:|1743827694
|-terastallize|p2a: Bellibolt|Flying
|move|p1a: Tyranitar|Knock Off|p2a: Bellibolt
|-damage|p2a: Bellibolt|26/100
|-start|p2a: Bellibolt|Charge|Knock Off|[from] ability: Electromorphosis
|-enditem|p2a: Bellibolt|Heavy-Duty Boots|[from] move: Knock Off|[of] p1a: Tyranitar
|-damage|p1a: Tyranitar|84/100|[from] item: Life Orb
|move|p2a: Bellibolt|Toxic|p1a: Tyranitar
|-status|p1a: Tyranitar|tox
|
|-weather|Sandstorm|[upkeep]
|-damage|p2a: Bellibolt|20/100|[from] Sandstorm
|-damage|p1a: Tyranitar|78/100 tox|[from] psn
|upkeep
|turn|11
|
|t:|1743827708
|switch|p2a: Great Tusk|Great Tusk|100/100
|move|p1a: Tyranitar|Iron Head|p2a: Great Tusk
|-damage|p2a: Great Tusk|78/100
|-damage|p1a: Tyranitar|68/100 tox|[from] item: Life Orb
|
|-weather|Sandstorm|[upkeep]
|-damage|p1a: Tyranitar|56/100 tox|[from] psn
|upkeep
|turn|12
|
|t:|1743827714
|move|p2a: Great Tusk|Rapid Spin|p1a: Tyranitar
|-resisted|p1a: Tyranitar
|-damage|p1a: Tyranitar|50/100 tox
|-boost|p2a: Great Tusk|spe|1
|-sideend|p2: shupple|Toxic Spikes|[from] move: Rapid Spin|[of] p2a: Great Tusk
|move|p1a: Tyranitar|Knock Off|p2a: Great Tusk
|-resisted|p2a: Great Tusk
|-damage|p2a: Great Tusk|60/100
|-enditem|p2a: Great Tusk|Heavy-Duty Boots|[from] move: Knock Off|[of] p1a: Tyranitar
|-damage|p1a: Tyranitar|40/100 tox|[from] item: Life Orb
|
|-weather|Sandstorm|[upkeep]
|-damage|p1a: Tyranitar|21/100 tox|[from] psn
|upkeep
|turn|13
|
|t:|1743827725
|move|p1a: Tyranitar|Protect|p1a: Tyranitar
|-singleturn|p1a: Tyranitar|Protect
|move|p2a: Great Tusk|Ice Spinner|p1a: Tyranitar
|-activate|p1a: Tyranitar|move: Protect
|
|-weather|none
|-damage|p1a: Tyranitar|0 fnt|[from] psn
|faint|p1a: Tyranitar
|upkeep
|
|t:|1743827735
|switch|p1a: Garganacl|Garganacl, F|61/100
|-damage|p1a: Garganacl|49/100|[from] Stealth Rock
|turn|14
|
|t:|1743827744
|move|p2a: Great Tusk|Headlong Rush|p1a: Garganacl
|-supereffective|p1a: Garganacl
|-damage|p1a: Garganacl|0 fnt
|-unboost|p2a: Great Tusk|def|1
|-unboost|p2a: Great Tusk|spd|1
|faint|p1a: Garganacl
|
|upkeep
|
|t:|1743827746
|switch|p1a: Ogerpon|Ogerpon-Cornerstone, F|88/100
|-damage|p1a: Ogerpon|76/100|[from] Stealth Rock
|turn|15
|
|t:|1743827752
|move|p2a: Great Tusk|Close Combat|p1a: Ogerpon
|-supereffective|p1a: Ogerpon
|-damage|p1a: Ogerpon|0 fnt
|-unboost|p2a: Great Tusk|def|1
|-unboost|p2a: Great Tusk|spd|1
|faint|p1a: Ogerpon
|
|win|shupple
|raw|alinare12's rating: 1156 &rarr; <strong>1131</strong><br />(-25 for losing)
|raw|shupple's rating: 1153 &rarr; <strong>1178</strong><br />(+25 for winning)
|l|☆alinare12
|player|p1|
|l|☆shupple
|player|p2|
