|j|☆Futz1
|j|☆nhg445
|t:|1743866124
|gametype|singles
|player|p1|Futz1|iris|1493
|player|p2|nhg445|cynthia|1521
|teamsize|p1|6
|teamsize|p2|6
|gen|9
|tier|[Gen 9] OU
|rated|
|rule|HP Percentage Mod: HP is shown in percentages
|rule|Endless Battle Clause: Forcing endless battles is banned
|rule|Species Clause: Limit one of each Pokémon
|rule|OHKO Clause: OHKO moves are banned
|rule|Evasion Items Clause: Evasion items are banned
|rule|Evasion Moves Clause: Evasion moves are banned
|rule|Sleep Moves Clause: Sleep-inducing moves are banned
|clearpoke
|poke|p1|Landorus-Therian, M|
|poke|p1|Pawmot, F|
|poke|p1|Ogerpon-Wellspring, F|
|poke|p1|Heatran, F|
|poke|p1|Clefable, M|
|poke|p1|Iron Valiant|
|poke|p2|Samurott-Hisui, F|
|poke|p2|Dragonite, M|
|poke|p2|Iron Treads|
|poke|p2|Iron Crown|
|poke|p2|Moltres|
|poke|p2|Ogerpon-Wellspring, F|
|teampreview
|inactive|Battle timer is ON: inactive players will automatically lose when time's up. (requested by nhg445)
|
|t:|1743866133
|start
|switch|p1a: Ogerpon|Ogerpon-Wellspring, F|100/100
|switch|p2a: Samurott|Samurott-Hisui, F|100/100
|turn|1
|
|t:|1743866143
|switch|p2a: gliscor is a n@zi|Ogerpon-Wellspring, F|100/100
|move|p1a: Ogerpon|U-turn|p2a: gliscor is a n@zi
|-supereffective|p2a: gliscor is a n@zi
|-crit|p2a: gliscor is a n@zi
|-damage|p2a: gliscor is a n@zi|0 fnt
|faint|p2a: gliscor is a n@zi
|c|☆nhg445|damn
|c|☆nhg445|that was stupid of me
|
|t:|1743866160
|switch|p1a: Pawmot|Pawmot, F|100/100|[from] U-turn
|
|upkeep
|
|t:|1743866165
|switch|p2a: Iron Crown|Iron Crown|100/100
|turn|2
|
|t:|1743866171
|move|p1a: Pawmot|Volt Switch|p2a: Iron Crown
|-damage|p2a: Iron Crown|83/100
|
|t:|1743866176
|switch|p1a: Heatran|Heatran, F|100/100|[from] Volt Switch
|move|p2a: Iron Crown|Psyshock|p1a: Heatran
|-resisted|p1a: Heatran
|-damage|p1a: Heatran|77/100
|
|-heal|p1a: Heatran|84/100|[from] item: Leftovers
|upkeep
|turn|3
|
|t:|1743866182
|-end|p2a: Iron Crown|Quark Drive|[silent]
|switch|p2a: Samurott|Samurott-Hisui, F|100/100
|move|p1a: Heatran|Stealth Rock|p2a: Samurott
|-sidestart|p2: nhg445|move: Stealth Rock
|
|-heal|p1a: Heatran|90/100|[from] item: Leftovers
|upkeep
|turn|4
|
|t:|1743866186
|switch|p1a: Clefable|Clefable, M|100/100
|move|p2a: Samurott|Ceaseless Edge|p1a: Clefable
|-resisted|p1a: Clefable
|-damage|p1a: Clefable|82/100
|-damage|p2a: Samurott|84/100|[from] item: Rocky Helmet|[of] p1a: Clefable
|-sidestart|p1: Futz1|Spikes
|
|upkeep
|turn|5
|
|t:|1743866191
|move|p2a: Samurott|Razor Shell|p1a: Clefable
|-damage|p1a: Clefable|39/100
|-damage|p2a: Samurott|68/100|[from] item: Rocky Helmet|[of] p1a: Clefable
|move|p1a: Clefable|Knock Off|p2a: Samurott
|-resisted|p2a: Samurott
|-damage|p2a: Samurott|59/100
|-enditem|p2a: Samurott|Assault Vest|[from] move: Knock Off|[of] p1a: Clefable
|
|upkeep
|turn|6
|
|t:|1743866199
|switch|p1a: Ogerpon|Ogerpon-Wellspring, F|100/100
|-damage|p1a: Ogerpon|88/100|[from] Spikes
|move|p2a: Samurott|Razor Shell|p1a: Ogerpon
|-heal|p1a: Ogerpon|100/100|[from] ability: Water Absorb|[of] p2a: Samurott
|
|upkeep
|turn|7
|
|t:|1743866206
|switch|p2a: Moltres|Moltres|100/100
|move|p1a: Ogerpon|Ivy Cudgel|p2a: Moltres|[anim] Ivy Cudgel Water
|-supereffective|p2a: Moltres
|-damage|p2a: Moltres|14/100
|
|upkeep
|turn|8
|
|t:|1743866209
|move|p1a: Ogerpon|Ivy Cudgel|p2a: Moltres|[anim] Ivy Cudgel Water
|-supereffective|p2a: Moltres
|-damage|p2a: Moltres|0 fnt
|faint|p2a: Moltres
|
|upkeep
|
|t:|1743866215
|switch|p2a: shouting planet|Dragonite, M|100/100
|-damage|p2a: shouting planet|75/100|[from] Stealth Rock
|turn|9
|
|t:|1743866220
|move|p1a: Ogerpon|U-turn|p2a: shouting planet
|-resisted|p2a: shouting planet
|-damage|p2a: shouting planet|59/100
|
|t:|1743866225
|switch|p1a: Landorus|Landorus-Therian, M|100/100|[from] U-turn
|-ability|p1a: Landorus|Intimidate|boost
|-unboost|p2a: shouting planet|atk|1
|move|p2a: shouting planet|Dragon Dance|p2a: shouting planet
|-boost|p2a: shouting planet|atk|1
|-boost|p2a: shouting planet|spe|1
|
|upkeep
|turn|10
|
|t:|1743866236
|switch|p1a: Clefable|Clefable, M|39/100
|move|p2a: shouting planet|Dragon Dance|p2a: shouting planet
|-boost|p2a: shouting planet|atk|1
|-boost|p2a: shouting planet|spe|1
|
|upkeep
|turn|11
|
|t:|1743866245
|move|p2a: shouting planet|Dragon Dance|p2a: shouting planet
|-boost|p2a: shouting planet|atk|1
|-boost|p2a: shouting planet|spe|1
|move|p1a: Clefable|Moonblast|p2a: shouting planet
|-supereffective|p2a: shouting planet
|-damage|p2a: shouting planet|0 fnt
|faint|p2a: shouting planet
|
|upkeep
|
|t:|1743866248
|switch|p2a: Iron Crown|Iron Crown|83/100
|-damage|p2a: Iron Crown|77/100|[from] Stealth Rock
|turn|12
|
|t:|1743866253
|move|p2a: Iron Crown|Volt Switch|p1a: Clefable
|-damage|p1a: Clefable|5/100
|
|t:|1743866256
|-end|p2a: Iron Crown|Quark Drive|[silent]
|switch|p2a: Samurott|Samurott-Hisui, F|59/100|[from] Volt Switch
|-damage|p2a: Samurott|47/100|[from] Stealth Rock
|move|p1a: Clefable|Knock Off|p2a: Samurott
|-resisted|p2a: Samurott
|-damage|p2a: Samurott|41/100
|
|upkeep
|turn|13
|
|t:|1743866259
|move|p2a: Samurott|Knock Off|p1a: Clefable
|-resisted|p1a: Clefable
|-damage|p1a: Clefable|0 fnt
|-damage|p2a: Samurott|25/100|[from] item: Rocky Helmet|[of] p1a: Clefable
|-enditem|p1a: Clefable|Rocky Helmet|[from] move: Knock Off|[of] p2a: Samurott
|faint|p1a: Clefable
|
|upkeep
|
|t:|1743866265
|switch|p1a: Landorus|Landorus-Therian, M|100/100
|-ability|p1a: Landorus|Intimidate|boost
|-unboost|p2a: Samurott|atk|1
|turn|14
|c|☆nhg445|gg
|
|t:|1743866270
|move|p1a: Landorus|Earthquake|p2a: Samurott
|-damage|p2a: Samurott|0 fnt
|faint|p2a: Samurott
|
|upkeep
|-message|nhg445 forfeited.
|
|win|Futz1
|raw|Futz1's rating: 1493 &rarr; <strong>1515</strong><br />(+22 for winning)
|raw|nhg445's rating: 1521 &rarr; <strong>1499</strong><br />(-22 for losing)
|l|☆nhg445
|player|p2|
|l|☆Futz1
|player|p1|
