|j|☆Clefable1001
|j|☆Zorom123
|t:|1743785826
|gametype|singles
|player|p1|Clefable1001|psychic-gen4|1302
|player|p2|Zorom123|lance|1316
|teamsize|p1|6
|teamsize|p2|6
|gen|9
|tier|[Gen 9] OU
|rated|
|rule|HP Percentage Mod: HP is shown in percentages
|rule|Endless Battle Clause: Forcing endless battles is banned
|rule|Species Clause: Limit one of each Pokémon
|rule|OHKO Clause: OHKO moves are banned
|rule|Evasion Items Clause: Evasion items are banned
|rule|Evasion Moves Clause: Evasion moves are banned
|rule|Sleep Moves Clause: Sleep-inducing moves are banned
|clearpoke
|poke|p1|Clawitzer, M|
|poke|p1|Dragalge, F|
|poke|p1|Kingambit, M|
|poke|p1|Ribombee, F|
|poke|p1|Great Tusk|
|poke|p1|Landorus-Therian, M|
|poke|p2|Walking Wake|
|poke|p2|Meowscarada, F|
|poke|p2|Landorus-Therian, M|
|poke|p2|Hitmonlee, M|
|poke|p2|Slowking-Galar, M|
|poke|p2|Cinderace, M|
|teampreview
|inactive|Battle timer is ON: inactive players will automatically lose when time's up. (requested by Zorom123)
|
|t:|1743785846
|start
|switch|p1a: Landon|Landorus-Therian, M|100/100
|switch|p2a: Slowking|Slowking-Galar, M|100/100
|-ability|p1a: Landon|Intimidate|boost
|-unboost|p2a: Slowking|atk|1
|turn|1
|
|t:|1743785863
|switch|p2a: Landorus|Landorus-Therian, M|100/100
|-ability|p2a: Landorus|Intimidate|boost
|-unboost|p1a: Landon|atk|1
|move|p1a: Landon|Earthquake|p2a: Landorus
|-immune|p2a: Landorus
|
|upkeep
|turn|2
|
|t:|1743785873
|move|p1a: Landon|Taunt|p2a: Landorus
|-start|p2a: Landorus|move: Taunt
|move|p2a: Landorus|U-turn|p1a: Landon
|-resisted|p1a: Landon
|-damage|p1a: Landon|92/100
|-damage|p2a: Landorus|84/100|[from] item: Rocky Helmet|[of] p1a: Landon
|
|t:|1743785876
|switch|p2a: Walking Wake|Walking Wake|100/100|[from] U-turn
|
|upkeep
|turn|3
|
|t:|1743785883
|switch|p1a: Honse|Dragalge, F|100/100
|move|p2a: Walking Wake|Flip Turn|p1a: Honse
|-resisted|p1a: Honse
|-damage|p1a: Honse|92/100
|
|t:|1743785896
|-end|p2a: Walking Wake|Protosynthesis|[silent]
|switch|p2a: Meowscarada|Meowscarada, F, shiny|100/100|[from] Flip Turn
|
|upkeep
|turn|4
|
|t:|1743785902
|switch|p1a: Landon|Landorus-Therian, M|92/100
|-ability|p1a: Landon|Intimidate|boost
|-unboost|p2a: Meowscarada|atk|1
|move|p2a: Meowscarada|Triple Axel|p1a: Landon
|-start|p2a: Meowscarada|typechange|Ice|[from] ability: Protean
|-supereffective|p1a: Landon
|-damage|p1a: Landon|72/100
|-damage|p2a: Meowscarada|84/100|[from] item: Rocky Helmet|[of] p1a: Landon
|-hitcount|p1a: Landon|1
|
|upkeep
|turn|5
|
|t:|1743785914
|move|p2a: Meowscarada|Triple Axel|p1a: Landon
|-supereffective|p1a: Landon
|-crit|p1a: Landon
|-damage|p1a: Landon|22/100
|-damage|p2a: Meowscarada|68/100|[from] item: Rocky Helmet|[of] p1a: Landon
|-supereffective|p1a: Landon
|-damage|p1a: Landon|0 fnt
|-damage|p2a: Meowscarada|51/100|[from] item: Rocky Helmet|[of] p1a: Landon
|faint|p1a: Landon
|-hitcount|p1: Landon|2
|
|upkeep
|
|t:|1743785927
|switch|p1a: Ribombee|Ribombee, F|100/100
|turn|6
|
|t:|1743785936
|switch|p2a: Slowking|Slowking-Galar, M|100/100
|move|p1a: Ribombee|Sticky Web|p2a: Slowking
|-sidestart|p2: Zorom123|move: Sticky Web
|
|upkeep
|turn|7
|
|t:|1743785947
|move|p1a: Ribombee|Stun Spore|p2a: Slowking
|-status|p2a: Slowking|par
|cant|p2a: Slowking|par
|
|upkeep
|turn|8
|
|t:|1743785955
|move|p1a: Ribombee|Moonblast|p2a: Slowking
|-resisted|p2a: Slowking
|-damage|p2a: Slowking|89/100 par
|-prepare|p2a: Slowking|Chilly Reception|[premajor]
|move|p2a: Slowking|Chilly Reception|p2a: Slowking
|-weather|Snowscape
|
|t:|1743785968
|switch|p2a: Cinderace|Cinderace, M|100/100|[from] Chilly Reception
|
|-weather|Snowscape|[upkeep]
|upkeep
|turn|9
|
|t:|1743785973
|switch|p2a: Slowking|Slowking-Galar, M|100/100 par
|move|p1a: Ribombee|Stun Spore|p2a: Slowking
|-fail|p2a: Slowking|par
|
|-weather|Snowscape|[upkeep]
|upkeep
|turn|10
|
|t:|1743785979
|move|p1a: Ribombee|Moonblast|p2a: Slowking
|-resisted|p2a: Slowking
|-damage|p2a: Slowking|89/100 par
|move|p2a: Slowking|Future Sight|p1a: Ribombee
|-start|p2a: Slowking|move: Future Sight
|
|-weather|Snowscape|[upkeep]
|upkeep
|turn|11
|
|t:|1743785987
|move|p1a: Ribombee|Moonblast|p2a: Slowking
|-resisted|p2a: Slowking
|-damage|p2a: Slowking|76/100 par
|move|p2a: Slowking|Thunder Wave|p1a: Ribombee|[miss]
|-miss|p2a: Slowking|p1a: Ribombee
|
|-weather|Snowscape|[upkeep]
|upkeep
|turn|12
|
|t:|1743785997
|switch|p1a: CLOBBAH DAT KIRBY|Kingambit, M|100/100
|-activate|p1a: CLOBBAH DAT KIRBY|ability: Supreme Overlord
|-start|p1a: CLOBBAH DAT KIRBY|fallen1|[silent]
|-prepare|p2a: Slowking|Chilly Reception|[premajor]
|move|p2a: Slowking|Chilly Reception|p2a: Slowking
|
|t:|1743786017
|switch|p2a: Landorus|Landorus-Therian, M|84/100|[from] Chilly Reception
|-ability|p2a: Landorus|Intimidate|boost
|-unboost|p1a: CLOBBAH DAT KIRBY|atk|1
|
|-weather|none
|-end|p1a: CLOBBAH DAT KIRBY|move: Future Sight
|-immune|p1a: CLOBBAH DAT KIRBY
|upkeep
|turn|13
|
|t:|1743786043
|-end|p1a: CLOBBAH DAT KIRBY|fallen1|[silent]
|switch|p1a: Giraffe?|Great Tusk|100/100
|move|p2a: Landorus|Earth Power|p1a: Giraffe?
|-damage|p1a: Giraffe?|54/100
|
|upkeep
|turn|14
|
|t:|1743786057
|move|p2a: Landorus|Earth Power|p1a: Giraffe?
|-damage|p1a: Giraffe?|4/100
|-unboost|p1a: Giraffe?|spd|1
|move|p1a: Giraffe?|Ice Spinner|p2a: Landorus
|-supereffective|p2a: Landorus
|-damage|p2a: Landorus|0 fnt
|-damage|p1a: Giraffe?|0 fnt|[from] item: Rocky Helmet|[of] p2a: Landorus
|faint|p2a: Landorus
|faint|p1a: Giraffe?
|-end|p1a: Giraffe?|Protosynthesis|[silent]
|
|upkeep
|
|t:|1743786075
|switch|p2a: Slowking|Slowking-Galar, M|100/100 par
|switch|p1a: Cocktail|Clawitzer, M|100/100
|turn|15
|inactive|Zorom123 has 120 seconds left.
|inactive|Zorom123 has 90 seconds left.
|
|t:|1743786142
|switch|p2a: Meowscarada|Meowscarada, F, shiny|51/100
|-activate|p2a: Meowscarada|move: Sticky Web
|-unboost|p2a: Meowscarada|spe|1
|move|p1a: Cocktail|Dark Pulse|p2a: Meowscarada
|-resisted|p2a: Meowscarada
|-damage|p2a: Meowscarada|5/100
|
|upkeep
|turn|16
|inactive|Zorom123 has 90 seconds left.
|
|t:|1743786159
|switch|p1a: Ribombee|Ribombee, F|100/100
|move|p2a: Meowscarada|Flower Trick|p1a: Ribombee
|-start|p2a: Meowscarada|typechange|Grass|[from] ability: Protean
|-resisted|p1a: Ribombee
|-crit|p1a: Ribombee
|-damage|p1a: Ribombee|54/100
|
|upkeep
|turn|17
|inactive|Zorom123 has 90 seconds left.
|
|t:|1743786170
|move|p1a: Ribombee|Moonblast|p2a: Meowscarada
|-damage|p2a: Meowscarada|0 fnt
|faint|p2a: Meowscarada
|
|upkeep
|inactive|Zorom123 has 90 seconds left.
|
|t:|1743786180
|switch|p2a: Cinderace|Cinderace, M|100/100
|turn|18
|
|t:|1743786189
|move|p1a: Ribombee|Moonblast|p2a: Cinderace
|-resisted|p2a: Cinderace
|-damage|p2a: Cinderace|75/100
|move|p2a: Cinderace|Pyro Ball|p1a: Ribombee
|-supereffective|p1a: Ribombee
|-damage|p1a: Ribombee|0 fnt
|faint|p1a: Ribombee
|
|upkeep
|
|t:|1743786202
|switch|p1a: Cocktail|Clawitzer, M|100/100
|turn|19
|
|t:|1743786210
|move|p2a: Cinderace|U-turn|p1a: Cocktail
|-damage|p1a: Cocktail|81/100
|
|t:|1743786221
|switch|p2a: Slowking|Slowking-Galar, M|100/100 par|[from] U-turn
|move|p1a: Cocktail|Ice Beam|p2a: Slowking
|-damage|p2a: Slowking|74/100 par
|
|upkeep
|turn|20
|
|t:|1743786230
|move|p1a: Cocktail|Ice Beam|p2a: Slowking
|-damage|p2a: Slowking|46/100 par
|-prepare|p2a: Slowking|Chilly Reception|[premajor]
|cant|p2a: Slowking|par
|
|upkeep
|turn|21
|
|t:|1743786241
|move|p1a: Cocktail|Ice Beam|p2a: Slowking
|-damage|p2a: Slowking|21/100 par
|-prepare|p2a: Slowking|Chilly Reception|[premajor]
|move|p2a: Slowking|Chilly Reception|p2a: Slowking
|-weather|Snowscape
|
|t:|1743786251
|switch|p2a: Leeman|Hitmonlee, M|100/100|[from] Chilly Reception
|-activate|p2a: Leeman|move: Sticky Web
|-unboost|p2a: Leeman|spe|1
|
|-weather|Snowscape|[upkeep]
|upkeep
|turn|22
|inactive|Clefable1001 has 120 seconds left.
|
|t:|1743786306
|switch|p1a: Honse|Dragalge, F|92/100
|move|p2a: Leeman|High Jump Kick|p1a: Honse
|-resisted|p1a: Honse
|-damage|p1a: Honse|25/100
|
|-weather|Snowscape|[upkeep]
|upkeep
|turn|23
|
|t:|1743786313
|move|p2a: Leeman|High Jump Kick|p1a: Honse|[miss]
|-miss|p2a: Leeman|p1a: Honse
|-damage|p2a: Leeman|51/100|[from] highjumpkick
|move|p1a: Honse|Sludge Bomb|p2a: Leeman
|-damage|p2a: Leeman|0 fnt
|faint|p2a: Leeman
|
|-weather|Snowscape|[upkeep]
|upkeep
|inactive|Zorom123 has 120 seconds left.
|
|t:|1743786328
|switch|p2a: Cinderace|Cinderace, M|75/100
|turn|24
|
|t:|1743786338
|move|p2a: Cinderace|Pyro Ball|p1a: Honse
|-resisted|p1a: Honse
|-damage|p1a: Honse|0 fnt
|faint|p1a: Honse
|
|-weather|Snowscape|[upkeep]
|upkeep
|
|t:|1743786344
|switch|p1a: Cocktail|Clawitzer, M|81/100
|turn|25
|
|t:|1743786355
|move|p2a: Cinderace|Court Change|p2a: Cinderace
|-swapsideconditions
|-activate|p2a: Cinderace|move: Court Change
|move|p1a: Cocktail|Dark Pulse|p2a: Cinderace
|-damage|p2a: Cinderace|0 fnt
|faint|p2a: Cinderace
|
|-weather|none
|upkeep
|
|t:|1743786359
|switch|p2a: Walking Wake|Walking Wake|100/100
|turn|26
|
|t:|1743786370
|move|p2a: Walking Wake|Draco Meteor|p1a: Cocktail
|-damage|p1a: Cocktail|0 fnt
|-unboost|p2a: Walking Wake|spa|2
|faint|p1a: Cocktail
|
|upkeep
|
|t:|1743786375
|switch|p1a: CLOBBAH DAT KIRBY|Kingambit, M|100/100
|-activate|p1a: CLOBBAH DAT KIRBY|move: Sticky Web
|-unboost|p1a: CLOBBAH DAT KIRBY|spe|1
|-activate|p1a: CLOBBAH DAT KIRBY|ability: Supreme Overlord
|-start|p1a: CLOBBAH DAT KIRBY|fallen5|[silent]
|turn|27
|
|t:|1743786380
|-end|p2a: Walking Wake|Protosynthesis|[silent]
|switch|p2a: Slowking|Slowking-Galar, M|55/100 par
|move|p1a: CLOBBAH DAT KIRBY|Swords Dance|p1a: CLOBBAH DAT KIRBY
|-boost|p1a: CLOBBAH DAT KIRBY|atk|2
|
|upkeep
|turn|28
|
|t:|1743786386
|move|p1a: CLOBBAH DAT KIRBY|Kowtow Cleave|p2a: Slowking
|-supereffective|p2a: Slowking
|-damage|p2a: Slowking|0 fnt
|faint|p2a: Slowking
|
|upkeep
|
|t:|1743786388
|switch|p2a: Walking Wake|Walking Wake|100/100
|turn|29
|
|t:|1743786393
|move|p1a: CLOBBAH DAT KIRBY|Sucker Punch|p2a: Walking Wake
|-damage|p2a: Walking Wake|0 fnt
|faint|p2a: Walking Wake
|-end|p2a: Walking Wake|Protosynthesis|[silent]
|
|win|Clefable1001
|raw|Clefable1001's rating: 1302 &rarr; <strong>1323</strong><br />(+21 for winning)
|raw|Zorom123's rating: 1316 &rarr; <strong>1295</strong><br />(-21 for losing)
|l|☆Clefable1001
|player|p1|
|l|☆Zorom123
|player|p2|
