|j|☆Flex Plays Only
|j|☆bade bunningham
|t:|1743864323
|gametype|singles
|player|p1|Flex Plays Only|miku-water|1705
|player|p2|bade bunningham|1|1702
|teamsize|p1|6
|teamsize|p2|6
|gen|9
|tier|[Gen 9] OU
|rated|
|rule|HP Percentage Mod: HP is shown in percentages
|rule|Endless Battle Clause: Forcing endless battles is banned
|rule|Species Clause: Limit one of each Pokémon
|rule|OHKO Clause: OHKO moves are banned
|rule|Evasion Items Clause: Evasion items are banned
|rule|Evasion Moves Clause: Evasion moves are banned
|rule|Sleep Moves Clause: Sleep-inducing moves are banned
|clearpoke
|poke|p1|Great Tusk|
|poke|p1|Raging Bolt|
|poke|p1|Landorus-Therian, M|
|poke|p1|Heatran, M|
|poke|p1|Ogerpon-Wellspring, F|
|poke|p1|Pecharunt|
|poke|p2|Zapdos|
|poke|p2|Iron Crown|
|poke|p2|Garganacl, M|
|poke|p2|Great Tusk|
|poke|p2|Samurott-Hisui, M|
|poke|p2|Dragapult, M|
|teampreview
|inactive|Battle timer is ON: inactive players will automatically lose when time's up. (requested by Flex Plays Only)
|
|t:|1743864339
|start
|switch|p1a: Landorus|Landorus-Therian, M|100/100
|switch|p2a: Dragapult|Dragapult, M|100/100
|-ability|p1a: Landorus|Intimidate|boost
|-unboost|p2a: Dragapult|atk|1
|turn|1
|
|t:|1743864349
|switch|p2a: Zapdos|Zapdos|100/100
|move|p1a: Landorus|Earthquake|p2a: Zapdos
|-immune|p2a: Zapdos
|
|upkeep
|turn|2
|
|t:|1743864367
|switch|p1a: Raging Bolt|Raging Bolt|100/100
|switch|p2a: Great Tusk|Great Tusk|100/100
|
|upkeep
|turn|3
|inactive|bade bunningham has 120 seconds left.
|
|t:|1743864411
|-end|p1a: Raging Bolt|Protosynthesis|[silent]
|switch|p1a: Ogerpon|Ogerpon-Wellspring, F|100/100
|move|p2a: Great Tusk|Headlong Rush|p1a: Ogerpon
|-resisted|p1a: Ogerpon
|-damage|p1a: Ogerpon|56/100
|-unboost|p2a: Great Tusk|def|1
|-unboost|p2a: Great Tusk|spd|1
|
|upkeep
|turn|4
|
|t:|1743864429
|-end|p2a: Great Tusk|Protosynthesis|[silent]
|switch|p2a: Dragapult|Dragapult, M|100/100
|move|p1a: Ogerpon|Ivy Cudgel|p2a: Dragapult|[anim] Ivy Cudgel Water
|-resisted|p2a: Dragapult
|-damage|p2a: Dragapult|54/100
|
|upkeep
|turn|5
|
|t:|1743864435
|switch|p1a: Great Tusk|Great Tusk|100/100
|move|p2a: Dragapult|U-turn|p1a: Great Tusk
|-resisted|p1a: Great Tusk
|-damage|p1a: Great Tusk|93/100
|
|t:|1743864446
|switch|p2a: Iron Crown|Iron Crown|100/100|[from] U-turn
|
|upkeep
|turn|6
|
|t:|1743864452
|move|p2a: Iron Crown|Psychic Noise|p1a: Great Tusk
|-supereffective|p1a: Great Tusk
|-damage|p1a: Great Tusk|10/100
|-start|p1a: Great Tusk|move: Heal Block
|move|p1a: Great Tusk|Headlong Rush|p2a: Iron Crown
|-supereffective|p2a: Iron Crown
|-damage|p2a: Iron Crown|0 fnt
|-unboost|p1a: Great Tusk|def|1
|-unboost|p1a: Great Tusk|spd|1
|faint|p2a: Iron Crown
|-end|p2a: Iron Crown|Quark Drive|[silent]
|
|upkeep
|
|t:|1743864463
|switch|p2a: Dragapult|Dragapult, M|54/100
|turn|7
|
|t:|1743864469
|-end|p1a: Great Tusk|Protosynthesis|[silent]
|switch|p1a: Landorus|Landorus-Therian, M|100/100
|-ability|p1a: Landorus|Intimidate|boost
|-unboost|p2a: Dragapult|atk|1
|move|p2a: Dragapult|U-turn|p1a: Landorus
|-resisted|p1a: Landorus
|-damage|p1a: Landorus|92/100
|
|t:|1743864476
|switch|p2a: Great Tusk|Great Tusk|100/100|[from] U-turn
|
|upkeep
|turn|8
|
|t:|1743864483
|switch|p1a: Pecharunt|Pecharunt|100/100
|move|p2a: Great Tusk|Stealth Rock|p1a: Pecharunt
|-sidestart|p1: Flex Plays Only|move: Stealth Rock
|
|upkeep
|turn|9
|
|t:|1743864489
|move|p1a: Pecharunt|Malignant Chain|p2a: Great Tusk
|-resisted|p2a: Great Tusk
|-damage|p2a: Great Tusk|77/100
|-status|p2a: Great Tusk|tox
|-start|p2a: Great Tusk|confusion|[from] ability: Poison Puppeteer|[of] p1a: Pecharunt
|-activate|p2a: Great Tusk|confusion
|-damage|p2a: Great Tusk|66/100 tox|[from] confusion
|
|-damage|p2a: Great Tusk|60/100 tox|[from] psn
|upkeep
|turn|10
|
|t:|1743864500
|-end|p2a: Great Tusk|Protosynthesis|[silent]
|switch|p2a: Samurott|Samurott-Hisui, M|100/100
|move|p1a: Pecharunt|Parting Shot|p2a: Samurott
|-unboost|p2a: Samurott|atk|1
|-unboost|p2a: Samurott|spa|1
|
|t:|1743864509
|switch|p1a: Great Tusk|Great Tusk|10/100|[from] Parting Shot
|-damage|p1a: Great Tusk|7/100|[from] Stealth Rock
|
|upkeep
|turn|11
|
|t:|1743864517
|switch|p2a: Great Tusk|Great Tusk|60/100 tox
|move|p1a: Great Tusk|Rapid Spin|p2a: Great Tusk
|-damage|p2a: Great Tusk|50/100 tox
|-boost|p1a: Great Tusk|spe|1
|-damage|p1a: Great Tusk|0 fnt|[from] item: Rocky Helmet|[of] p2a: Great Tusk
|faint|p1a: Great Tusk
|-end|p1a: Great Tusk|Protosynthesis|[silent]
|
|-damage|p2a: Great Tusk|43/100 tox|[from] psn
|upkeep
|
|t:|1743864519
|switch|p1a: Ogerpon|Ogerpon-Wellspring, F|56/100
|-damage|p1a: Ogerpon|44/100|[from] Stealth Rock
|turn|12
|
|t:|1743864538
|move|p1a: Ogerpon|Ivy Cudgel|p2a: Great Tusk|[anim] Ivy Cudgel Water
|-supereffective|p2a: Great Tusk
|-damage|p2a: Great Tusk|0 fnt
|faint|p2a: Great Tusk
|-end|p2a: Great Tusk|Protosynthesis|[silent]
|
|upkeep
|
|t:|1743864541
|switch|p2a: Zapdos|Zapdos|100/100
|turn|13
|
|t:|1743864544
|switch|p1a: Raging Bolt|Raging Bolt|100/100
|-damage|p1a: Raging Bolt|88/100|[from] Stealth Rock
|move|p2a: Zapdos|Volt Switch|p1a: Raging Bolt
|-resisted|p1a: Raging Bolt
|-damage|p1a: Raging Bolt|81/100
|
|t:|1743864551
|switch|p2a: Dragapult|Dragapult, M|54/100|[from] Volt Switch
|
|upkeep
|turn|14
|
|t:|1743864560
|-end|p1a: Raging Bolt|Protosynthesis|[silent]
|switch|p1a: Heatran|Heatran, M|100/100
|-damage|p1a: Heatran|88/100|[from] Stealth Rock
|-item|p1a: Heatran|Air Balloon
|move|p2a: Dragapult|U-turn|p1a: Heatran
|-resisted|p1a: Heatran
|-damage|p1a: Heatran|84/100
|-enditem|p1a: Heatran|Air Balloon
|
|t:|1743864562
|switch|p2a: Samurott|Samurott-Hisui, M|100/100|[from] U-turn
|
|upkeep
|turn|15
|
|t:|1743864565
|-terastallize|p1a: Heatran|Fairy
|move|p2a: Samurott|Ceaseless Edge|p1a: Heatran
|-resisted|p1a: Heatran
|-damage|p1a: Heatran|65/100
|-sidestart|p1: Flex Plays Only|Spikes
|move|p1a: Heatran|Tera Blast|p2a: Samurott|[anim] Tera Blast Fairy
|-supereffective|p2a: Samurott
|-damage|p2a: Samurott|27/100
|
|upkeep
|turn|16
|inactive|bade bunningham has 120 seconds left.
|
|t:|1743864599
|move|p2a: Samurott|Razor Shell|p1a: Heatran
|-damage|p1a: Heatran|20/100
|move|p1a: Heatran|Tera Blast|p2a: Samurott|[anim] Tera Blast Fairy
|-supereffective|p2a: Samurott
|-damage|p2a: Samurott|0 fnt
|faint|p2a: Samurott
|
|upkeep
|inactive|bade bunningham has 120 seconds left.
|
|t:|1743864624
|switch|p2a: Dragapult|Dragapult, M|54/100
|turn|17
|
|t:|1743864626
|move|p2a: Dragapult|Hex|p1a: Heatran
|-damage|p1a: Heatran|0 fnt
|faint|p1a: Heatran
|
|upkeep
|
|t:|1743864630
|switch|p1a: Landorus|Landorus-Therian, M|92/100
|-damage|p1a: Landorus|80/100|[from] Stealth Rock
|-ability|p1a: Landorus|Intimidate|boost
|-unboost|p2a: Dragapult|atk|1
|turn|18
|
|t:|1743864633
|switch|p2a: Zapdos|Zapdos|100/100
|move|p1a: Landorus|Earthquake|p2a: Zapdos
|-immune|p2a: Zapdos
|
|upkeep
|turn|19
|
|t:|1743864639
|switch|p1a: Pecharunt|Pecharunt|100/100
|move|p2a: Zapdos|Volt Switch|p1a: Pecharunt
|-damage|p1a: Pecharunt|73/100
|inactive|bade bunningham has 120 seconds left.
|
|t:|1743864656
|switch|p2a: Dragapult|Dragapult, M|54/100|[from] Volt Switch
|
|upkeep
|turn|20
|inactive|bade bunningham has 120 seconds left.
|
|t:|1743864677
|move|p2a: Dragapult|U-turn|p1a: Pecharunt
|-resisted|p1a: Pecharunt
|-crit|p1a: Pecharunt
|-damage|p1a: Pecharunt|69/100
|
|t:|1743864679
|switch|p2a: Zapdos|Zapdos|100/100|[from] U-turn
|move|p1a: Pecharunt|Foul Play|p2a: Zapdos
|-damage|p2a: Zapdos|90/100
|
|upkeep
|turn|21
|
|t:|1743864681
|move|p1a: Pecharunt|Malignant Chain|p2a: Zapdos
|-damage|p2a: Zapdos|57/100
|move|p2a: Zapdos|Thunder Wave|p1a: Pecharunt
|-status|p1a: Pecharunt|par
|
|upkeep
|turn|22
|
|t:|1743864692
|move|p2a: Zapdos|Volt Switch|p1a: Pecharunt
|-damage|p1a: Pecharunt|41/100 par
|
|t:|1743864694
|switch|p2a: Garganacl|Garganacl, M|100/100|[from] Volt Switch
|cant|p1a: Pecharunt|par
|
|upkeep
|turn|23
|
|t:|1743864697
|move|p1a: Pecharunt|Recover|p1a: Pecharunt
|-heal|p1a: Pecharunt|91/100 par
|move|p2a: Garganacl|Curse|p2a: Garganacl
|-unboost|p2a: Garganacl|spe|1
|-boost|p2a: Garganacl|atk|1
|-boost|p2a: Garganacl|def|1
|
|upkeep
|turn|24
|
|t:|1743864700
|cant|p1a: Pecharunt|par
|move|p2a: Garganacl|Curse|p2a: Garganacl
|-unboost|p2a: Garganacl|spe|1
|-boost|p2a: Garganacl|atk|1
|-boost|p2a: Garganacl|def|1
|
|upkeep
|turn|25
|j| rei husabnd
|
|t:|1743864719
|move|p1a: Pecharunt|Parting Shot|p2a: Garganacl
|-unboost|p2a: Garganacl|atk|1
|-unboost|p2a: Garganacl|spa|1
|
|t:|1743864721
|switch|p1a: Landorus|Landorus-Therian, M|80/100|[from] Parting Shot
|-damage|p1a: Landorus|67/100|[from] Stealth Rock
|-ability|p1a: Landorus|Intimidate|boost
|-unboost|p2a: Garganacl|atk|1
|move|p2a: Garganacl|Salt Cure|p1a: Landorus
|-damage|p1a: Landorus|50/100
|-start|p1a: Landorus|Salt Cure
|
|-damage|p1a: Landorus|38/100|[from] Salt Cure
|upkeep
|turn|26
|
|t:|1743864731
|move|p1a: Landorus|U-turn|p2a: Garganacl
|-damage|p2a: Garganacl|91/100
|
|t:|1743864739
|switch|p1a: Pecharunt|Pecharunt|91/100 par|[from] U-turn
|move|p2a: Garganacl|Curse|p2a: Garganacl
|-unboost|p2a: Garganacl|spe|1
|-boost|p2a: Garganacl|atk|1
|-boost|p2a: Garganacl|def|1
|
|-heal|p2a: Garganacl|97/100|[from] item: Leftovers
|upkeep
|turn|27
|
|t:|1743864743
|move|p1a: Pecharunt|Parting Shot|p2a: Garganacl
|-unboost|p2a: Garganacl|atk|1
|-unboost|p2a: Garganacl|spa|1
|j| TheTyranitard
|
|t:|1743864744
|switch|p1a: Landorus|Landorus-Therian, M|38/100|[from] Parting Shot
|-damage|p1a: Landorus|25/100|[from] Stealth Rock
|-ability|p1a: Landorus|Intimidate|boost
|-unboost|p2a: Garganacl|atk|1
|move|p2a: Garganacl|Curse|p2a: Garganacl
|-unboost|p2a: Garganacl|spe|1
|-boost|p2a: Garganacl|atk|1
|-boost|p2a: Garganacl|def|1
|
|-heal|p2a: Garganacl|100/100|[from] item: Leftovers
|upkeep
|turn|28
|
|t:|1743864748
|move|p1a: Landorus|Earthquake|p2a: Garganacl
|-supereffective|p2a: Garganacl
|-damage|p2a: Garganacl|76/100
|move|p2a: Garganacl|Salt Cure|p1a: Landorus
|-damage|p1a: Landorus|10/100
|-start|p1a: Landorus|Salt Cure
|
|-heal|p2a: Garganacl|82/100|[from] item: Leftovers
|-damage|p1a: Landorus|0 fnt|[from] Salt Cure
|faint|p1a: Landorus
|upkeep
|
|t:|1743864752
|switch|p1a: Raging Bolt|Raging Bolt|81/100
|-damage|p1a: Raging Bolt|69/100|[from] Stealth Rock
|-damage|p1a: Raging Bolt|57/100|[from] Spikes
|turn|29
|
|t:|1743864755
|move|p1a: Raging Bolt|Draco Meteor|p2a: Garganacl
|-damage|p2a: Garganacl|4/100
|-unboost|p1a: Raging Bolt|spa|2
|move|p2a: Garganacl|Salt Cure|p1a: Raging Bolt
|-damage|p1a: Raging Bolt|42/100
|-start|p1a: Raging Bolt|Salt Cure
|
|-heal|p2a: Garganacl|10/100|[from] item: Leftovers
|-damage|p1a: Raging Bolt|30/100|[from] Salt Cure
|upkeep
|turn|30
|
|t:|1743864768
|move|p1a: Raging Bolt|Draco Meteor|p2a: Garganacl
|-damage|p2a: Garganacl|0 fnt
|-unboost|p1a: Raging Bolt|spa|2
|faint|p2a: Garganacl
|
|-damage|p1a: Raging Bolt|18/100|[from] Salt Cure
|upkeep
|
|t:|1743864770
|switch|p2a: Dragapult|Dragapult, M|54/100
|turn|31
|
|t:|1743864774
|move|p2a: Dragapult|Hex|p1a: Raging Bolt
|-damage|p1a: Raging Bolt|0 fnt
|faint|p1a: Raging Bolt
|-end|p1a: Raging Bolt|Protosynthesis|[silent]
|
|upkeep
|
|t:|1743864776
|switch|p1a: Pecharunt|Pecharunt|91/100 par
|turn|32
|
|t:|1743864789
|-terastallize|p2a: Dragapult|Fairy
|move|p2a: Dragapult|Hex|p1a: Pecharunt
|-supereffective|p1a: Pecharunt
|-damage|p1a: Pecharunt|0 fnt
|faint|p1a: Pecharunt
|
|upkeep
|-message|Flex Plays Only forfeited.
|
|win|bade bunningham
|raw|Flex Plays Only's rating: 1705 &rarr; <strong>1685</strong><br />(-20 for losing)
|raw|bade bunningham's rating: 1702 &rarr; <strong>1722</strong><br />(+20 for winning)
|l|☆Flex Plays Only
|player|p1|
|l|☆bade bunningham
|player|p2|
|l| TheTyranitard
