|j|☆sigonian
|j|☆Celepimp
|t:|1743893306
|gametype|singles
|player|p1|sigonian|argenta|1424
|player|p2|Celepimp|benga|1434
|teamsize|p1|6
|teamsize|p2|6
|gen|9
|tier|[Gen 9] OU
|rated|
|rule|HP Percentage Mod: HP is shown in percentages
|rule|Endless Battle Clause: Forcing endless battles is banned
|rule|Species Clause: Limit one of each Pokémon
|rule|OHKO Clause: OHKO moves are banned
|rule|Evasion Items Clause: Evasion items are banned
|rule|Evasion Moves Clause: Evasion moves are banned
|rule|Sleep Moves Clause: Sleep-inducing moves are banned
|clearpoke
|poke|p1|Zamazenta-*|
|poke|p1|Slowking-Galar, F|
|poke|p1|Ogerpon-Wellspring, F|
|poke|p1|Landorus-Therian, M|
|poke|p1|Enamorus, F|
|poke|p1|Cinderace, F|
|poke|p2|Primarina, F|
|poke|p2|Great Tusk|
|poke|p2|Hydrapple, M|
|poke|p2|Rillaboom, M|
|poke|p2|Corviknight, M|
|poke|p2|Kingambit, M|
|teampreview
|inactive|Battle timer is ON: inactive players will automatically lose when time's up. (requested by sigonian)
|
|t:|1743893322
|start
|switch|p1a: Landorus|Landorus-Therian, M|100/100
|switch|p2a: Hydrapple|Hydrapple, M|100/100
|-ability|p1a: Landorus|Intimidate|boost
|-unboost|p2a: Hydrapple|atk|1
|turn|1
|
|t:|1743893331
|move|p1a: Landorus|U-turn|p2a: Hydrapple
|-supereffective|p2a: Hydrapple
|-damage|p2a: Hydrapple|70/100
|
|t:|1743893334
|switch|p1a: Slowking|Slowking-Galar, F, shiny|100/100|[from] U-turn
|move|p2a: Hydrapple|Fickle Beam|p1a: Slowking
|-damage|p1a: Slowking|76/100
|
|upkeep
|turn|2
|
|t:|1743893346
|switch|p2a: Kingambit|Kingambit, M|100/100
|move|p1a: Slowking|Future Sight|p2a: Kingambit
|-start|p1a: Slowking|move: Future Sight
|
|upkeep
|turn|3
|
|t:|1743893365
|-end|p2a: Kingambit|fallenundefined|[silent]
|switch|p2a: Primarina|Primarina, F, shiny|100/100
|switch|p1a: Zamazenta|Zamazenta|100/100
|-ability|p1a: Zamazenta|Dauntless Shield|boost
|-boost|p1a: Zamazenta|def|1
|
|upkeep
|turn|4
|
|t:|1743893372
|switch|p1a: Slowking|Slowking-Galar, F, shiny|100/100
|move|p2a: Primarina|Substitute|p2a: Primarina
|-start|p2a: Primarina|Substitute
|-damage|p2a: Primarina|76/100
|
|-end|p2a: Primarina|move: Future Sight
|-end|p2a: Primarina|Substitute
|-heal|p2a: Primarina|82/100|[from] item: Leftovers
|upkeep
|turn|5
|
|t:|1743893384
|switch|p2a: Kingambit|Kingambit, M|100/100
|-prepare|p1a: Slowking|Chilly Reception|[premajor]
|move|p1a: Slowking|Chilly Reception|p1a: Slowking
|-weather|Snowscape
|inactive|sigonian has 120 seconds left.
|
|t:|1743893416
|switch|p1a: Cinderace|Cinderace, F|100/100|[from] Chilly Reception
|
|-weather|Snowscape|[upkeep]
|upkeep
|turn|6
|
|t:|1743893421
|-end|p2a: Kingambit|fallenundefined|[silent]
|switch|p2a: Great Tusk|Great Tusk|100/100
|move|p1a: Cinderace|Pyro Ball|p2a: Great Tusk
|-damage|p2a: Great Tusk|66/100
|
|-weather|Snowscape|[upkeep]
|upkeep
|turn|7
|
|t:|1743893429
|switch|p1a: Landorus|Landorus-Therian, M|100/100
|-ability|p1a: Landorus|Intimidate|boost
|-unboost|p2a: Great Tusk|atk|1
|move|p2a: Great Tusk|Knock Off|p1a: Landorus
|-damage|p1a: Landorus|83/100
|-damage|p2a: Great Tusk|49/100|[from] item: Rocky Helmet|[of] p1a: Landorus
|-enditem|p1a: Landorus|Rocky Helmet|[from] move: Knock Off|[of] p2a: Great Tusk
|
|-weather|Snowscape|[upkeep]
|upkeep
|turn|8
|
|t:|1743893438
|move|p1a: Landorus|Earth Power|p2a: Great Tusk
|-damage|p2a: Great Tusk|6/100
|move|p2a: Great Tusk|Ice Spinner|p1a: Landorus
|-supereffective|p1a: Landorus
|-crit|p1a: Landorus
|-damage|p1a: Landorus|0 fnt
|faint|p1a: Landorus
|
|-weather|Snowscape|[upkeep]
|upkeep
|
|t:|1743893451
|switch|p1a: Ogerpon|Ogerpon-Wellspring, F|100/100
|turn|9
|
|t:|1743893458
|move|p1a: Ogerpon|Knock Off|p2a: Great Tusk
|-resisted|p2a: Great Tusk
|-damage|p2a: Great Tusk|0 fnt
|-enditem|p2a: Great Tusk|Heavy-Duty Boots|[from] move: Knock Off|[of] p1a: Ogerpon
|faint|p2a: Great Tusk
|-end|p2a: Great Tusk|Protosynthesis|[silent]
|
|-weather|none
|upkeep
|
|t:|1743893465
|switch|p2a: Hydrapple|Hydrapple, M|100/100
|turn|10
|
|t:|1743893469
|move|p1a: Ogerpon|Play Rough|p2a: Hydrapple
|-supereffective|p2a: Hydrapple
|-damage|p2a: Hydrapple|45/100
|move|p2a: Hydrapple|Nasty Plot|p2a: Hydrapple
|-boost|p2a: Hydrapple|spa|2
|
|upkeep
|turn|11
|
|t:|1743893477
|switch|p2a: Corviknight|Corviknight, M|100/100
|-ability|p2a: Corviknight|Pressure
|move|p1a: Ogerpon|Play Rough|p2a: Corviknight
|-resisted|p2a: Corviknight
|-damage|p2a: Corviknight|89/100
|-damage|p1a: Ogerpon|84/100|[from] item: Rocky Helmet|[of] p2a: Corviknight
|
|upkeep
|turn|12
|
|t:|1743893487
|switch|p1a: Slowking|Slowking-Galar, F, shiny|100/100
|move|p2a: Corviknight|U-turn|p1a: Slowking
|-damage|p1a: Slowking|85/100
|
|t:|1743893492
|switch|p2a: Kingambit|Kingambit, M|100/100|[from] U-turn
|-activate|p2a: Kingambit|ability: Supreme Overlord
|-start|p2a: Kingambit|fallen1|[silent]
|
|upkeep
|turn|13
|
|t:|1743893498
|switch|p1a: Zamazenta|Zamazenta|100/100
|move|p2a: Kingambit|Kowtow Cleave|p1a: Zamazenta
|-resisted|p1a: Zamazenta
|-damage|p1a: Zamazenta|72/100
|
|upkeep
|turn|14
|
|t:|1743893510
|-end|p2a: Kingambit|fallen1|[silent]
|switch|p2a: Primarina|Primarina, F, shiny|82/100
|move|p1a: Zamazenta|Close Combat|p2a: Primarina
|-resisted|p2a: Primarina
|-damage|p2a: Primarina|58/100
|-unboost|p1a: Zamazenta|def|1
|-unboost|p1a: Zamazenta|spd|1
|
|-heal|p2a: Primarina|64/100|[from] item: Leftovers
|upkeep
|turn|15
|
|t:|1743893525
|switch|p1a: Slowking|Slowking-Galar, F, shiny|100/100
|move|p2a: Primarina|Substitute|p2a: Primarina
|-start|p2a: Primarina|Substitute
|-damage|p2a: Primarina|39/100
|
|-heal|p2a: Primarina|45/100|[from] item: Leftovers
|upkeep
|turn|16
|
|t:|1743893532
|move|p2a: Primarina|Calm Mind|p2a: Primarina
|-boost|p2a: Primarina|spa|1
|-boost|p2a: Primarina|spd|1
|move|p1a: Slowking|Sludge Bomb|p2a: Primarina
|-supereffective|p2a: Primarina
|-end|p2a: Primarina|Substitute
|
|-heal|p2a: Primarina|51/100|[from] item: Leftovers
|upkeep
|turn|17
|
|t:|1743893543
|-terastallize|p2a: Primarina|Steel
|move|p2a: Primarina|Substitute|p2a: Primarina
|-start|p2a: Primarina|Substitute
|-damage|p2a: Primarina|26/100
|move|p1a: Slowking|Sludge Bomb|p2a: Primarina
|-immune|p2a: Primarina
|
|-heal|p2a: Primarina|32/100|[from] item: Leftovers
|upkeep
|turn|18
|
|t:|1743893552
|move|p2a: Primarina|Calm Mind|p2a: Primarina
|-boost|p2a: Primarina|spa|1
|-boost|p2a: Primarina|spd|1
|move|p1a: Slowking|Future Sight|p2a: Primarina
|-start|p1a: Slowking|move: Future Sight
|
|-heal|p2a: Primarina|39/100|[from] item: Leftovers
|upkeep
|turn|19
|
|t:|1743893559
|move|p2a: Primarina|Calm Mind|p2a: Primarina
|-boost|p2a: Primarina|spa|1
|-boost|p2a: Primarina|spd|1
|-prepare|p1a: Slowking|Chilly Reception|[premajor]
|move|p1a: Slowking|Chilly Reception|p1a: Slowking
|-weather|Snowscape
|
|t:|1743893565
|switch|p1a: Ogerpon|Ogerpon-Wellspring, F|84/100|[from] Chilly Reception
|
|-weather|Snowscape|[upkeep]
|-heal|p2a: Primarina|45/100|[from] item: Leftovers
|upkeep
|turn|20
|
|t:|1743893571
|move|p1a: Ogerpon|Ivy Cudgel|p2a: Primarina|[anim] Ivy Cudgel Water
|-end|p2a: Primarina|Substitute
|move|p2a: Primarina|Draining Kiss|p1a: Ogerpon
|-damage|p1a: Ogerpon|19/100
|-heal|p2a: Primarina|85/100|[from] drain|[of] p1a: Ogerpon
|
|-weather|Snowscape|[upkeep]
|-end|p2a: Primarina|move: Future Sight
|-resisted|p2a: Primarina
|-damage|p2a: Primarina|77/100
|-heal|p2a: Primarina|83/100|[from] item: Leftovers
|upkeep
|turn|21
|
|t:|1743893581
|move|p1a: Ogerpon|Ivy Cudgel|p2a: Primarina|[anim] Ivy Cudgel Water
|-crit|p2a: Primarina
|-damage|p2a: Primarina|3/100
|move|p2a: Primarina|Draining Kiss|p1a: Ogerpon
|-damage|p1a: Ogerpon|0 fnt
|-heal|p2a: Primarina|14/100|[from] drain|[of] p1a: Ogerpon
|faint|p1a: Ogerpon
|
|-weather|Snowscape|[upkeep]
|-heal|p2a: Primarina|20/100|[from] item: Leftovers
|upkeep
|
|t:|1743893587
|switch|p1a: Cinderace|Cinderace, F|100/100
|turn|22
|
|t:|1743893607
|move|p1a: Cinderace|Pyro Ball|p2a: Primarina
|-supereffective|p2a: Primarina
|-damage|p2a: Primarina|0 fnt
|faint|p2a: Primarina
|
|-weather|Snowscape|[upkeep]
|upkeep
|
|t:|1743893616
|switch|p2a: Rillaboom|Rillaboom, M|100/100
|-fieldstart|move: Grassy Terrain|[from] ability: Grassy Surge|[of] p2a: Rillaboom
|turn|23
|
|t:|1743893624
|move|p1a: Cinderace|U-turn|p2a: Rillaboom
|-start|p1a: Cinderace|typechange|Bug|[from] ability: Libero
|-supereffective|p2a: Rillaboom
|-damage|p2a: Rillaboom|36/100
|
|t:|1743893630
|switch|p1a: Slowking|Slowking-Galar, F, shiny|100/100|[from] U-turn
|move|p2a: Rillaboom|Knock Off|p1a: Slowking
|-supereffective|p1a: Slowking
|-damage|p1a: Slowking|28/100
|-enditem|p1a: Slowking|Heavy-Duty Boots|[from] move: Knock Off|[of] p2a: Rillaboom
|
|-weather|none
|-heal|p2a: Rillaboom|42/100|[from] Grassy Terrain
|-heal|p1a: Slowking|34/100|[from] Grassy Terrain
|upkeep
|turn|24
|
|t:|1743893641
|switch|p1a: Zamazenta|Zamazenta|72/100
|move|p2a: Rillaboom|U-turn|p1a: Zamazenta
|-resisted|p1a: Zamazenta
|-damage|p1a: Zamazenta|59/100
|
|t:|1743893650
|switch|p2a: Hydrapple|Hydrapple, M|78/100|[from] U-turn
|
|-heal|p1a: Zamazenta|65/100|[from] Grassy Terrain
|-heal|p2a: Hydrapple|84/100|[from] Grassy Terrain
|upkeep
|turn|25
|
|t:|1743893660
|move|p1a: Zamazenta|Close Combat|p2a: Hydrapple
|-damage|p2a: Hydrapple|42/100
|-unboost|p1a: Zamazenta|def|1
|-unboost|p1a: Zamazenta|spd|1
|move|p2a: Hydrapple|Fickle Beam|p1a: Zamazenta|[anim] Fickle Beam All Out
|-activate|p2a: Hydrapple|move: Fickle Beam
|-damage|p1a: Zamazenta|0 fnt
|faint|p1a: Zamazenta
|
|-heal|p2a: Hydrapple|48/100|[from] Grassy Terrain
|upkeep
|
|t:|1743893672
|switch|p1a: Enamorus|Enamorus, F|100/100
|turn|26
|
|t:|1743893676
|switch|p2a: Corviknight|Corviknight, M|89/100
|-ability|p2a: Corviknight|Pressure
|move|p1a: Enamorus|Mystical Fire|p2a: Corviknight
|-supereffective|p2a: Corviknight
|-damage|p2a: Corviknight|40/100
|-unboost|p2a: Corviknight|spa|1
|
|upkeep
|turn|27
|
|t:|1743893688
|move|p1a: Enamorus|Mystical Fire|p2a: Corviknight
|-supereffective|p2a: Corviknight
|-damage|p2a: Corviknight|0 fnt
|faint|p2a: Corviknight
|
|-fieldend|move: Grassy Terrain
|upkeep
|
|t:|1743893695
|switch|p2a: Kingambit|Kingambit, M|100/100
|-activate|p2a: Kingambit|ability: Supreme Overlord
|-start|p2a: Kingambit|fallen3|[silent]
|turn|28
|
|t:|1743893705
|move|p1a: Enamorus|Mystical Fire|p2a: Kingambit
|-supereffective|p2a: Kingambit
|-damage|p2a: Kingambit|50/100
|-unboost|p2a: Kingambit|spa|1
|move|p2a: Kingambit|Iron Head|p1a: Enamorus
|-supereffective|p1a: Enamorus
|-damage|p1a: Enamorus|0 fnt
|faint|p1a: Enamorus
|
|upkeep
|
|t:|1743893710
|switch|p1a: Cinderace|Cinderace, F|100/100
|turn|29
|
|t:|1743893716
|-end|p2a: Kingambit|fallen3|[silent]
|switch|p2a: Rillaboom|Rillaboom, M|42/100
|-fieldstart|move: Grassy Terrain|[from] ability: Grassy Surge|[of] p2a: Rillaboom
|move|p1a: Cinderace|Pyro Ball|p2a: Rillaboom
|-supereffective|p2a: Rillaboom
|-damage|p2a: Rillaboom|0 fnt
|faint|p2a: Rillaboom
|
|upkeep
|
|t:|1743893724
|switch|p2a: Kingambit|Kingambit, M|50/100
|-activate|p2a: Kingambit|ability: Supreme Overlord
|-start|p2a: Kingambit|fallen4|[silent]
|turn|30
|
|t:|1743893731
|move|p1a: Cinderace|Sucker Punch|p2a: Kingambit
|-start|p1a: Cinderace|typechange|Dark|[from] ability: Libero
|-resisted|p2a: Kingambit
|-damage|p2a: Kingambit|38/100
|move|p2a: Kingambit|Sucker Punch||[still]
|-fail|p2a: Kingambit
|
|-heal|p2a: Kingambit|44/100|[from] Grassy Terrain
|upkeep
|turn|31
|
|t:|1743893739
|-end|p2a: Kingambit|fallen4|[silent]
|switch|p2a: Hydrapple|Hydrapple, M|81/100
|-terastallize|p1a: Cinderace|Fire
|move|p1a: Cinderace|Pyro Ball|p2a: Hydrapple
|-damage|p2a: Hydrapple|37/100
|
|-heal|p2a: Hydrapple|43/100|[from] Grassy Terrain
|upkeep
|turn|32
|
|t:|1743893751
|move|p1a: Cinderace|Pyro Ball|p2a: Hydrapple
|-damage|p2a: Hydrapple|0 fnt
|faint|p2a: Hydrapple
|
|upkeep
|
|t:|1743893756
|switch|p2a: Kingambit|Kingambit, M|44/100
|-activate|p2a: Kingambit|ability: Supreme Overlord
|-start|p2a: Kingambit|fallen5|[silent]
|turn|33
|
|t:|1743893763
|move|p1a: Cinderace|Sucker Punch||[still]
|-fail|p1a: Cinderace
|move|p2a: Kingambit|Swords Dance|p2a: Kingambit
|-boost|p2a: Kingambit|atk|2
|
|-heal|p2a: Kingambit|50/100|[from] Grassy Terrain
|-fieldend|move: Grassy Terrain
|upkeep
|turn|34
|
|t:|1743893769
|move|p1a: Cinderace|Sucker Punch|p2a: Kingambit
|-resisted|p2a: Kingambit
|-damage|p2a: Kingambit|38/100
|move|p2a: Kingambit|Sucker Punch||[still]
|-fail|p2a: Kingambit
|
|upkeep
|turn|35
|
|t:|1743893778
|move|p1a: Cinderace|Sucker Punch|p2a: Kingambit
|-resisted|p2a: Kingambit
|-damage|p2a: Kingambit|25/100
|move|p2a: Kingambit|Sucker Punch||[still]
|-fail|p2a: Kingambit
|
|upkeep
|turn|36
|
|t:|1743893785
|move|p1a: Cinderace|Pyro Ball|p2a: Kingambit
|-supereffective|p2a: Kingambit
|-damage|p2a: Kingambit|0 fnt
|faint|p2a: Kingambit
|-end|p2a: Kingambit|fallen5|[silent]
|
|win|sigonian
|raw|sigonian's rating: 1424 &rarr; <strong>1445</strong><br />(+21 for winning)
|raw|Celepimp's rating: 1434 &rarr; <strong>1413</strong><br />(-21 for losing)
|c|☆Celepimp|gg
|l|☆Celepimp
|player|p2|
|c|☆sigonian|gg
