|j|☆ahmijahh
|j|☆eeekkkk
|t:|1743826635
|gametype|singles
|player|p1|ahmijahh|101|1060
|player|p2|eeekkkk|169|1090
|teamsize|p1|6
|teamsize|p2|6
|gen|9
|tier|[Gen 9] OU
|rated|
|rule|HP Percentage Mod: HP is shown in percentages
|rule|Endless Battle Clause: Forcing endless battles is banned
|rule|Species Clause: Limit one of each Pokémon
|rule|OHKO Clause: OHKO moves are banned
|rule|Evasion Items Clause: Evasion items are banned
|rule|Evasion Moves Clause: Evasion moves are banned
|rule|Sleep Moves Clause: Sleep-inducing moves are banned
|clearpoke
|poke|p1|Toxapex, M|
|poke|p1|Ting-Lu|
|poke|p1|Deoxys-Defense|
|poke|p1|Clodsire, F|
|poke|p1|Glimmora, F|
|poke|p1|Alomomola, M|
|poke|p2|Quaquaval, F|
|poke|p2|Hydrapple, F|
|poke|p2|Grimmsnarl, M|
|poke|p2|Ceruledge, M|
|poke|p2|Corviknight, M|
|poke|p2|Thundurus-Therian, M|
|teampreview
|inactive|Battle timer is ON: inactive players will automatically lose when time's up. (requested by eeekkkk)
|
|t:|1743826663
|start
|switch|p1a: Toxapex|Toxapex, M|100/100
|switch|p2a: Grimmsnarl|Grimmsnarl, M|100/100
|turn|1
|
|t:|1743826673
|move|p2a: Grimmsnarl|Taunt|p1a: Toxapex
|-start|p1a: Toxapex|move: Taunt
|cant|p1a: Toxapex|move: Taunt|Toxic
|
|upkeep
|turn|2
|
|t:|1743826679
|move|p2a: Grimmsnarl|Parting Shot|p1a: Toxapex
|-unboost|p1a: Toxapex|atk|1
|-unboost|p1a: Toxapex|spa|1
|
|t:|1743826687
|switch|p2a: Thundurus|Thundurus-Therian, M|100/100|[from] Parting Shot
|move|p1a: Toxapex|Venoshock|p2a: Thundurus
|-damage|p2a: Thundurus|82/100
|
|upkeep
|turn|3
|
|t:|1743826713
|switch|p1a: Deoxys|Deoxys-Defense|100/100
|-ability|p1a: Deoxys|Pressure
|move|p2a: Thundurus|Thunderbolt|p1a: Deoxys
|-damage|p1a: Deoxys|58/100
|
|-heal|p1a: Deoxys|64/100|[from] item: Leftovers
|upkeep
|turn|4
|
|t:|1743826722
|move|p2a: Thundurus|Dark Pulse|p1a: Deoxys
|-supereffective|p1a: Deoxys
|-damage|p1a: Deoxys|0 fnt
|faint|p1a: Deoxys
|
|upkeep
|
|t:|1743826740
|switch|p1a: Glimmora|Glimmora, F|100/100
|turn|5
|
|t:|1743826745
|switch|p2a: Corviknight|Corviknight, M|100/100
|move|p1a: Glimmora|Power Gem|p2a: Corviknight
|-damage|p2a: Corviknight|66/100
|
|-heal|p2a: Corviknight|72/100|[from] item: Leftovers
|upkeep
|turn|6
|
|t:|1743826753
|move|p1a: Glimmora|Power Gem|p2a: Corviknight
|-damage|p2a: Corviknight|41/100
|move|p2a: Corviknight|Iron Defense|p2a: Corviknight
|-boost|p2a: Corviknight|def|2
|
|-heal|p2a: Corviknight|48/100|[from] item: Leftovers
|upkeep
|turn|7
|
|t:|1743826761
|move|p1a: Glimmora|Power Gem|p2a: Corviknight
|-damage|p2a: Corviknight|16/100
|move|p2a: Corviknight|Body Press|p1a: Glimmora
|-damage|p1a: Glimmora|55/100
|-activate|p1a: Glimmora|ability: Toxic Debris
|-sidestart|p2: eeekkkk|move: Toxic Spikes
|
|-heal|p2a: Corviknight|22/100|[from] item: Leftovers
|upkeep
|turn|8
|
|t:|1743826772
|move|p1a: Glimmora|Power Gem|p2a: Corviknight
|-damage|p2a: Corviknight|0 fnt
|faint|p2a: Corviknight
|
|upkeep
|
|t:|1743826779
|switch|p2a: Quaquaval|Quaquaval, F|100/100
|-status|p2a: Quaquaval|psn
|turn|9
|
|t:|1743826795
|move|p2a: Quaquaval|U-turn|p1a: Glimmora
|-resisted|p1a: Glimmora
|-damage|p1a: Glimmora|44/100
|-activate|p1a: Glimmora|ability: Toxic Debris
|-sidestart|p2: eeekkkk|move: Toxic Spikes
|-message|eeekkkk forfeited.
|
|win|ahmijahh
|raw|ahmijahh's rating: 1060 &rarr; <strong>1094</strong><br />(+34 for winning)
|raw|eeekkkk's rating: 1090 &rarr; <strong>1064</strong><br />(-26 for losing)
|l|☆eeekkkk
|player|p2|
|l|☆ahmijahh
|player|p1|
