|j|☆Blueyamadafr
|j|☆bug bestiary
|t:|1743914338
|gametype|singles
|player|p1|Blueyamadafr|will|1063
|player|p2|bug bestiary|roxie|1093
|teamsize|p1|6
|teamsize|p2|6
|gen|9
|tier|[Gen 9] OU
|rated|
|rule|HP Percentage Mod: HP is shown in percentages
|rule|Endless Battle Clause: Forcing endless battles is banned
|rule|Species Clause: Limit one of each Pokémon
|rule|OHKO Clause: OHKO moves are banned
|rule|Evasion Items Clause: Evasion items are banned
|rule|Evasion Moves Clause: Evasion moves are banned
|rule|Sleep Moves Clause: Sleep-inducing moves are banned
|clearpoke
|poke|p1|Abomasnow, M|
|poke|p1|Entei|
|poke|p1|Azumarill, M|
|poke|p1|Tyranitar, F|
|poke|p1|Lokix, M|
|poke|p1|Hydreigon, F|
|poke|p2|Araquanid, F|
|poke|p2|Meowstic, M|
|poke|p2|Tsareena, F|
|poke|p2|Beartic, M|
|poke|p2|Braviary, M|
|poke|p2|Magneton|
|teampreview
|inactive|Battle timer is ON: inactive players will automatically lose when time's up. (requested by bug bestiary)
|inactive|Blueyamadafr also wants the timer to be on.
|
|t:|1743914349
|start
|switch|p1a: Entei|Entei|100/100
|switch|p2a: Araquanid|Araquanid, F, shiny|100/100
|turn|1
|
|t:|1743914360
|switch|p1a: Abomasnow|Abomasnow, M|100/100
|-weather|Snowscape|[from] ability: Snow Warning|[of] p1a: Abomasnow
|move|p2a: Araquanid|Sticky Web|p1a: Abomasnow
|-sidestart|p1: Blueyamadafr|move: Sticky Web
|
|-weather|Snowscape|[upkeep]
|upkeep
|turn|2
|
|t:|1743914372
|move|p1a: Abomasnow|Aurora Veil|p1a: Abomasnow
|-sidestart|p1: Blueyamadafr|move: Aurora Veil
|move|p2a: Araquanid|Leech Life|p1a: Abomasnow
|-supereffective|p1a: Abomasnow
|-crit|p1a: Abomasnow
|-damage|p1a: Abomasnow|38/100
|
|-weather|Snowscape|[upkeep]
|upkeep
|turn|3
|
|t:|1743914378
|move|p1a: Abomasnow|Blizzard|p2a: Araquanid
|-resisted|p2a: Araquanid
|-damage|p2a: Araquanid|79/100
|move|p2a: Araquanid|Leech Life|p1a: Abomasnow
|-supereffective|p1a: Abomasnow
|-damage|p1a: Abomasnow|16/100
|-heal|p2a: Araquanid|93/100|[from] drain|[of] p1a: Abomasnow
|
|-weather|Snowscape|[upkeep]
|-heal|p2a: Araquanid|99/100|[from] item: Leftovers
|upkeep
|turn|4
|
|t:|1743914387
|move|p1a: Abomasnow|Energy Ball|p2a: Araquanid
|-damage|p2a: Araquanid|62/100
|move|p2a: Araquanid|Liquidation|p1a: Abomasnow
|-resisted|p1a: Abomasnow
|-damage|p1a: Abomasnow|10/100
|
|-weather|Snowscape|[upkeep]
|-heal|p2a: Araquanid|68/100|[from] item: Leftovers
|upkeep
|turn|5
|
|t:|1743914393
|move|p1a: Abomasnow|Energy Ball|p2a: Araquanid
|-damage|p2a: Araquanid|34/100
|move|p2a: Araquanid|Leech Life|p1a: Abomasnow
|-supereffective|p1a: Abomasnow
|-damage|p1a: Abomasnow|0 fnt
|-heal|p2a: Araquanid|40/100|[from] drain|[of] p1a: Abomasnow
|faint|p1a: Abomasnow
|
|-weather|none
|-heal|p2a: Araquanid|46/100|[from] item: Leftovers
|upkeep
|
|t:|1743914400
|switch|p1a: Hydreigon|Hydreigon, F|100/100
|turn|6
|
|t:|1743914410
|move|p2a: Araquanid|Protect|p2a: Araquanid
|-singleturn|p2a: Araquanid|Protect
|move|p1a: Hydreigon|Dark Pulse|p2a: Araquanid
|-activate|p2a: Araquanid|move: Protect
|
|-heal|p2a: Araquanid|52/100|[from] item: Leftovers
|upkeep
|turn|7
|
|t:|1743914418
|move|p1a: Hydreigon|Dark Pulse|p2a: Araquanid
|-damage|p2a: Araquanid|5/100
|-damage|p1a: Hydreigon|91/100|[from] item: Life Orb
|cant|p2a: Araquanid|flinch
|
|-heal|p2a: Araquanid|11/100|[from] item: Leftovers
|upkeep
|turn|8
|
|t:|1743914425
|move|p2a: Araquanid|Protect|p2a: Araquanid
|-singleturn|p2a: Araquanid|Protect
|move|p1a: Hydreigon|Focus Energy|p1a: Hydreigon
|-start|p1a: Hydreigon|move: Focus Energy
|
|-heal|p2a: Araquanid|17/100|[from] item: Leftovers
|upkeep
|turn|9
|
|t:|1743914428
|move|p1a: Hydreigon|Dark Pulse|p2a: Araquanid
|-damage|p2a: Araquanid|0 fnt
|faint|p2a: Araquanid
|-damage|p1a: Hydreigon|81/100|[from] item: Life Orb
|
|-sideend|p1: Blueyamadafr|move: Aurora Veil
|upkeep
|
|t:|1743914435
|switch|p2a: Beartic|Beartic, M|100/100
|turn|10
|
|t:|1743914440
|-terastallize|p1a: Hydreigon|Steel
|move|p1a: Hydreigon|Flash Cannon|p2a: Beartic
|-supereffective|p2a: Beartic
|-crit|p2a: Beartic
|-damage|p2a: Beartic|0 fnt
|faint|p2a: Beartic
|-damage|p1a: Hydreigon|71/100|[from] item: Life Orb
|
|upkeep
|
|t:|1743914448
|switch|p2a: Tsareena|Tsareena, F|100/100
|turn|11
|
|t:|1743914453
|move|p1a: Hydreigon|Dark Pulse|p2a: Tsareena
|-damage|p2a: Tsareena|41/100
|-damage|p1a: Hydreigon|61/100|[from] item: Life Orb
|move|p2a: Tsareena|High Jump Kick|p1a: Hydreigon
|-supereffective|p1a: Hydreigon
|-damage|p1a: Hydreigon|0 fnt
|faint|p1a: Hydreigon
|
|upkeep
|
|t:|1743914465
|switch|p1a: Lokix|Lokix, M|100/100
|turn|12
|
|t:|1743914469
|switch|p2a: Braviary|Braviary, M|100/100
|move|p1a: Lokix|First Impression|p2a: Braviary
|-resisted|p2a: Braviary
|-damage|p2a: Braviary|48/100
|
|-heal|p2a: Braviary|54/100|[from] item: Leftovers
|upkeep
|turn|13
|
|t:|1743914479
|move|p1a: Lokix|Sucker Punch||[still]
|-fail|p1a: Lokix
|move|p2a: Braviary|Tailwind|p2a: Braviary
|-sidestart|p2: bug bestiary|move: Tailwind
|
|-heal|p2a: Braviary|60/100|[from] item: Leftovers
|upkeep
|turn|14
|
|t:|1743914484
|switch|p2a: Magneton|Magneton|100/100
|move|p1a: Lokix|U-turn|p2a: Magneton
|-resisted|p2a: Magneton
|-damage|p2a: Magneton|51/100
|
|t:|1743914490
|switch|p1a: Azumarill|Azumarill, M|100/100|[from] U-turn
|-activate|p1a: Azumarill|move: Sticky Web
|-unboost|p1a: Azumarill|spe|1
|
|upkeep
|turn|15
|
|t:|1743914494
|move|p1a: Azumarill|Aqua Jet|p2a: Magneton
|-damage|p2a: Magneton|0 fnt
|faint|p2a: Magneton
|
|upkeep
|
|t:|1743914503
|switch|p2a: Braviary|Braviary, M|60/100
|turn|16
|
|t:|1743914510
|-terastallize|p2a: Braviary|Steel
|move|p1a: Azumarill|Aqua Jet|p2a: Braviary
|-damage|p2a: Braviary|13/100
|move|p2a: Braviary|Iron Head|p1a: Azumarill
|-damage|p1a: Azumarill|47/100
|
|-heal|p2a: Braviary|19/100|[from] item: Leftovers
|-sideend|p2: bug bestiary|move: Tailwind
|upkeep
|turn|17
|
|t:|1743914519
|move|p1a: Azumarill|Aqua Jet|p2a: Braviary
|-damage|p2a: Braviary|0 fnt
|faint|p2a: Braviary
|
|upkeep
|
|t:|1743914520
|switch|p2a: Meowstic|Meowstic, M|100/100
|turn|18
|
|t:|1743914523
|move|p2a: Meowstic|Light Screen|p2a: Meowstic
|-sidestart|p2: bug bestiary|move: Light Screen
|move|p1a: Azumarill|Aqua Jet|p2a: Meowstic
|-damage|p2a: Meowstic|44/100
|
|upkeep
|turn|19
|
|t:|1743914531
|switch|p2a: Tsareena|Tsareena, F|41/100
|move|p1a: Azumarill|Aqua Jet||[still]
|cant|p2a: Tsareena|ability: Queenly Majesty|Aqua Jet|[of] p1a: Azumarill
|
|upkeep
|turn|20
|
|t:|1743914536
|switch|p1a: Entei|Entei|100/100
|-activate|p1a: Entei|move: Sticky Web
|-unboost|p1a: Entei|spe|1
|move|p2a: Tsareena|Acupressure|p2a: Tsareena
|-boost|p2a: Tsareena|evasion|2
|
|upkeep
|turn|21
|
|t:|1743914541
|move|p1a: Entei|Sacred Fire|p2a: Tsareena
|-supereffective|p2a: Tsareena
|-damage|p2a: Tsareena|0 fnt
|faint|p2a: Tsareena
|
|upkeep
|
|t:|1743914544
|switch|p2a: Meowstic|Meowstic, M|44/100
|turn|22
|-message|bug bestiary forfeited.
|
|win|Blueyamadafr
|raw|Blueyamadafr's rating: 1063 &rarr; <strong>1096</strong><br />(+33 for winning)
|raw|bug bestiary's rating: 1093 &rarr; <strong>1067</strong><br />(-26 for losing)
|l|☆bug bestiary
|player|p2|
|l|☆Blueyamadafr
|player|p1|
