|j|☆caijin
|j|☆SweatGod420
|t:|1743917472
|gametype|singles
|player|p1|caijin|bianca|1081
|player|p2|SweatGod420|266|1000
|teamsize|p1|6
|teamsize|p2|6
|gen|9
|tier|[Gen 9] OU
|rated|
|rule|HP Percentage Mod: HP is shown in percentages
|rule|Endless Battle Clause: Forcing endless battles is banned
|rule|Species Clause: Limit one of each Pokémon
|rule|OHKO Clause: OHKO moves are banned
|rule|Evasion Items Clause: Evasion items are banned
|rule|Evasion Moves Clause: Evasion moves are banned
|rule|Sleep Moves Clause: Sleep-inducing moves are banned
|clearpoke
|poke|p1|Serperior, F|
|poke|p1|Meowstic, M|
|poke|p1|Alcremie-Rainbow-Swirl, F|
|poke|p1|Cinccino, F|
|poke|p1|Chandelure, M|
|poke|p1|Umbreon, F|
|poke|p2|Dondozo, M|
|poke|p2|Hydrapple, F|
|poke|p2|Entei|
|poke|p2|Ursaluna, F|
|poke|p2|Klefki, F|
|poke|p2|Slowking, F|
|teampreview
|inactive|Battle timer is ON: inactive players will automatically lose when time's up. (requested by caijin)
|
|t:|1743917480
|start
|switch|p1a: Meowstic|Meowstic, M|100/100
|switch|p2a: Slowking|Slowking, F|100/100
|turn|1
|
|t:|1743917490
|move|p1a: Meowstic|Thunder Wave|p2a: Slowking
|-status|p2a: Slowking|par
|cant|p2a: Slowking|par
|
|upkeep
|turn|2
|
|t:|1743917498
|move|p1a: Meowstic|Light Screen|p1a: Meowstic
|-sidestart|p1: caijin|move: Light Screen
|move|p2a: Slowking|Disable|p1a: Meowstic
|-start|p1a: Meowstic|Disable|Light Screen
|
|upkeep
|turn|3
|
|t:|1743917507
|switch|p2a: Klefki|Klefki, F, shiny|100/100
|move|p1a: Meowstic|Reflect|p1a: Meowstic
|-sidestart|p1: caijin|Reflect
|
|upkeep
|turn|4
|
|t:|1743917518
|switch|p1a: Chandelure|Chandelure, M|100/100
|-terastallize|p2a: Klefki|Dark
|move|p2a: Klefki|Tera Blast|p1a: Chandelure|[anim] Tera Blast Dark
|-supereffective|p1a: Chandelure
|-damage|p1a: Chandelure|55/100
|
|upkeep
|turn|5
|
|t:|1743917531
|switch|p1a: Serperior|Serperior, F|100/100
|move|p2a: Klefki|Thunder Wave|p1a: Serperior
|-status|p1a: Serperior|par
|
|upkeep
|turn|6
|
|t:|1743917538
|move|p1a: Serperior|Glare|p2a: Klefki
|-status|p2a: Klefki|par
|move|p2a: Klefki|Trick Room|p2a: Klefki
|-fieldstart|move: Trick Room|[of] p2a: Klefki
|-enditem|p2a: Klefki|Room Service
|-unboost|p2a: Klefki|spe|1|[from] item: Room Service
|
|upkeep
|turn|7
|
|t:|1743917549
|switch|p2a: Ursaluna|Ursaluna, F|100/100
|move|p1a: Serperior|Knock Off|p2a: Ursaluna
|-crit|p2a: Ursaluna
|-damage|p2a: Ursaluna|77/100
|-enditem|p2a: Ursaluna|Choice Band|[from] move: Knock Off|[of] p1a: Serperior
|
|upkeep
|turn|8
|
|t:|1743917559
|move|p2a: Ursaluna|Earthquake|p1a: Serperior
|-resisted|p1a: Serperior
|-damage|p1a: Serperior|81/100 par
|cant|p1a: Serperior|par
|
|upkeep
|turn|9
|
|t:|1743917565
|move|p2a: Ursaluna|Fire Punch|p1a: Serperior
|-supereffective|p1a: Serperior
|-damage|p1a: Serperior|42/100 par
|move|p1a: Serperior|Knock Off|p2a: Ursaluna
|-damage|p2a: Ursaluna|67/100
|
|-sideend|p1: caijin|move: Light Screen
|upkeep
|turn|10
|
|t:|1743917580
|move|p1a: Serperior|Leaf Blade|p2a: Ursaluna
|-supereffective|p2a: Ursaluna
|-damage|p2a: Ursaluna|17/100
|move|p2a: Ursaluna|Avalanche|p1a: Serperior
|-supereffective|p1a: Serperior
|-damage|p1a: Serperior|0 fnt
|faint|p1a: Serperior
|
|-sideend|p1: caijin|Reflect
|-fieldend|move: Trick Room
|upkeep
|
|t:|1743917594
|switch|p1a: Umbreon|Umbreon, F|100/100
|turn|11
|
|t:|1743917619
|switch|p2a: Klefki|Klefki, F, shiny, tera:Dark|100/100 par
|move|p1a: Umbreon|Toxic||[still]
|-fail|p1a: Umbreon
|
|upkeep
|turn|12
|
|t:|1743917627
|switch|p1a: Cinccino|Cinccino, F|100/100
|move|p2a: Klefki|Dazzling Gleam|p1a: Cinccino
|-damage|p1a: Cinccino|39/100
|
|upkeep
|turn|13
|inactive|SweatGod420 has 120 seconds left.
|
|t:|1743917658
|move|p1a: Cinccino|Tail Slap|p2a: Klefki
|-damage|p2a: Klefki|88/100 par
|-damage|p2a: Klefki|75/100 par
|-damage|p2a: Klefki|62/100 par
|-damage|p2a: Klefki|50/100 par
|-damage|p2a: Klefki|37/100 par
|-hitcount|p2a: Klefki|5
|cant|p2a: Klefki|par
|
|upkeep
|turn|14
|inactive|SweatGod420 has 120 seconds left.
|
|t:|1743917672
|move|p2a: Klefki|Thunder Wave|p1a: Cinccino
|-status|p1a: Cinccino|par
|move|p1a: Cinccino|Tail Slap|p2a: Klefki
|-damage|p2a: Klefki|26/100 par
|-damage|p2a: Klefki|13/100 par
|-damage|p2a: Klefki|1/100 par
|-damage|p2a: Klefki|0 fnt
|faint|p2a: Klefki
|-hitcount|p2: Klefki|4
|
|upkeep
|
|t:|1743917681
|switch|p2a: Slowking|Slowking, F|100/100 par
|turn|15
|inactive|SweatGod420 has 120 seconds left.
|
|t:|1743917690
|move|p1a: Cinccino|Tidy Up|p1a: Cinccino
|-boost|p1a: Cinccino|atk|1
|-boost|p1a: Cinccino|spe|1
|move|p2a: Slowking|Focus Blast|p1a: Cinccino
|-supereffective|p1a: Cinccino
|-damage|p1a: Cinccino|0 fnt
|faint|p1a: Cinccino
|
|upkeep
|
|t:|1743917704
|switch|p1a: Umbreon|Umbreon, F|100/100
|turn|16
|
|t:|1743917709
|move|p1a: Umbreon|Foul Play|p2a: Slowking
|-supereffective|p2a: Slowking
|-damage|p2a: Slowking|53/100 par
|move|p2a: Slowking|Focus Blast|p1a: Umbreon
|-supereffective|p1a: Umbreon
|-damage|p1a: Umbreon|50/100
|-enditem|p1a: Umbreon|Sitrus Berry|[eat]
|-heal|p1a: Umbreon|75/100|[from] item: Sitrus Berry
|
|upkeep
|turn|17
|
|t:|1743917723
|move|p1a: Umbreon|Foul Play|p2a: Slowking
|-supereffective|p2a: Slowking
|-damage|p2a: Slowking|6/100 par
|move|p2a: Slowking|Disable|p1a: Umbreon
|-start|p1a: Umbreon|Disable|Foul Play
|
|upkeep
|turn|18
|
|t:|1743917735
|switch|p2a: Dondozo|Dondozo, M|100/100
|move|p1a: Umbreon|Wish|p1a: Umbreon
|
|upkeep
|turn|19
|
|t:|1743917751
|move|p1a: Umbreon|Toxic|p2a: Dondozo
|-status|p2a: Dondozo|tox
|move|p2a: Dondozo|Wave Crash|p1a: Umbreon
|-damage|p1a: Umbreon|40/100
|-damage|p2a: Dondozo|91/100 tox|[from] Recoil
|
|-heal|p1a: Umbreon|90/100|[from] move: Wish|[wisher] Umbreon
|-heal|p2a: Dondozo|98/100 tox|[from] item: Leftovers
|-damage|p2a: Dondozo|91/100 tox|[from] psn
|upkeep
|turn|20
|inactive|SweatGod420 has 120 seconds left.
|
|t:|1743917768
|switch|p1a: Alcremie|Alcremie-Rainbow-Swirl, F|100/100
|move|p2a: Dondozo|Avalanche|p1a: Alcremie
|-damage|p1a: Alcremie|83/100
|
|-heal|p1a: Alcremie|89/100|[from] item: Leftovers
|-heal|p2a: Dondozo|98/100 tox|[from] item: Leftovers
|-damage|p2a: Dondozo|85/100 tox|[from] psn
|upkeep
|turn|21
|inactive|SweatGod420 has 120 seconds left.
|
|t:|1743917785
|switch|p2a: Entei|Entei|100/100
|-ability|p2a: Entei|Pressure
|move|p1a: Alcremie|Acid Armor|p1a: Alcremie
|-boost|p1a: Alcremie|def|2
|
|-heal|p1a: Alcremie|95/100|[from] item: Leftovers
|upkeep
|turn|22
|inactive|SweatGod420 has 120 seconds left.
|
|t:|1743917794
|move|p2a: Entei|Iron Head|p1a: Alcremie
|-supereffective|p1a: Alcremie
|-damage|p1a: Alcremie|69/100
|move|p1a: Alcremie|Calm Mind|p1a: Alcremie
|-boost|p1a: Alcremie|spa|1
|-boost|p1a: Alcremie|spd|1
|
|-heal|p1a: Alcremie|75/100|[from] item: Leftovers
|upkeep
|turn|23
|inactive|SweatGod420 has 120 seconds left.
|
|t:|1743917806
|move|p2a: Entei|Iron Head|p1a: Alcremie
|-supereffective|p1a: Alcremie
|-damage|p1a: Alcremie|50/100
|move|p1a: Alcremie|Acid Armor|p1a: Alcremie
|-boost|p1a: Alcremie|def|2
|
|-heal|p1a: Alcremie|56/100|[from] item: Leftovers
|upkeep
|turn|24
|
|t:|1743917815
|move|p1a: Alcremie|Acid Armor|p1a: Alcremie
|-boost|p1a: Alcremie|def|2
|move|p2a: Entei|Roar|p1a: Alcremie
|drag|p1a: Chandelure|Chandelure, M|55/100
|
|upkeep
|turn|25
|
|t:|1743917826
|switch|p1a: Umbreon|Umbreon, F|90/100
|move|p2a: Entei|Extreme Speed|p1a: Umbreon
|-damage|p1a: Umbreon|76/100
|
|upkeep
|turn|26
|
|t:|1743917839
|move|p2a: Entei|Iron Head|p1a: Umbreon
|-damage|p1a: Umbreon|62/100
|move|p1a: Umbreon|Toxic|p2a: Entei
|-status|p2a: Entei|tox
|
|-damage|p2a: Entei|94/100 tox|[from] psn
|upkeep
|turn|27
|
|t:|1743917851
|move|p2a: Entei|Iron Head|p1a: Umbreon
|-damage|p1a: Umbreon|48/100
|move|p1a: Umbreon|Wish|p1a: Umbreon
|
|-damage|p2a: Entei|82/100 tox|[from] psn
|upkeep
|turn|28
|
|t:|1743917858
|move|p1a: Umbreon|Protect|p1a: Umbreon
|-singleturn|p1a: Umbreon|Protect
|move|p2a: Entei|Iron Head|p1a: Umbreon
|-activate|p1a: Umbreon|move: Protect
|
|-heal|p1a: Umbreon|98/100|[from] move: Wish|[wisher] Umbreon
|-damage|p2a: Entei|63/100 tox|[from] psn
|upkeep
|turn|29
|inactive|caijin has 120 seconds left.
|
|t:|1743917903
|move|p2a: Entei|Iron Head|p1a: Umbreon
|-damage|p1a: Umbreon|84/100
|move|p1a: Umbreon|Foul Play|p2a: Entei
|-damage|p2a: Entei|15/100 tox
|-enditem|p2a: Entei|Salac Berry|[eat]
|-boost|p2a: Entei|spe|1|[from] item: Salac Berry
|
|-damage|p2a: Entei|0 fnt|[from] psn
|faint|p2a: Entei
|upkeep
|inactive|SweatGod420 has 120 seconds left.
|
|t:|1743917918
|switch|p2a: Slowking|Slowking, F|6/100 par
|turn|30
|inactive|caijin has 120 seconds left.
|
|t:|1743917933
|move|p1a: Umbreon|Foul Play|p2a: Slowking
|-supereffective|p2a: Slowking
|-damage|p2a: Slowking|0 fnt
|faint|p2a: Slowking
|
|upkeep
|inactive|SweatGod420 has 120 seconds left.
|
|t:|1743917948
|switch|p2a: Hydrapple|Hydrapple, F, shiny|100/100
|turn|31
|inactive|SweatGod420 has 120 seconds left.
|
|t:|1743917960
|move|p1a: Umbreon|Toxic|p2a: Hydrapple
|-status|p2a: Hydrapple|tox
|-enditem|p2a: Hydrapple|Lum Berry|[eat]
|-curestatus|p2a: Hydrapple|tox|[msg]
|move|p2a: Hydrapple|Body Press|p1a: Umbreon
|-supereffective|p1a: Umbreon
|-damage|p1a: Umbreon|61/100
|
|upkeep
|turn|32
|inactive|SweatGod420 has 120 seconds left.
|
|t:|1743917982
|move|p1a: Umbreon|Toxic|p2a: Hydrapple
|-status|p2a: Hydrapple|tox
|move|p2a: Hydrapple|Body Press|p1a: Umbreon
|-supereffective|p1a: Umbreon
|-damage|p1a: Umbreon|35/100
|
|-damage|p2a: Hydrapple|94/100 tox|[from] psn
|upkeep
|turn|33
|inactive|caijin has 120 seconds left.
|
|t:|1743918003
|move|p1a: Umbreon|Wish|p1a: Umbreon
|move|p2a: Hydrapple|Body Press|p1a: Umbreon
|-supereffective|p1a: Umbreon
|-damage|p1a: Umbreon|9/100
|
|-damage|p2a: Hydrapple|82/100 tox|[from] psn
|upkeep
|turn|34
|inactive|caijin has 120 seconds left.
|inactive|SweatGod420 has 120 seconds left.
|
|t:|1743918018
|switch|p2a: Ursaluna|Ursaluna, F|17/100
|move|p1a: Umbreon|Protect||[still]
|-fail|p1a: Umbreon
|
|-heal|p1a: Umbreon|59/100|[from] move: Wish|[wisher] Umbreon
|upkeep
|turn|35
|inactive|SweatGod420 has 120 seconds left.
|
|t:|1743918029
|move|p1a: Umbreon|Foul Play|p2a: Ursaluna
|-damage|p2a: Ursaluna|0 fnt
|faint|p2a: Ursaluna
|
|upkeep
|
|t:|1743918034
|switch|p2a: Dondozo|Dondozo, M|85/100 tox
|turn|36
|inactive|SweatGod420 has 120 seconds left.
|
|t:|1743918048
|move|p1a: Umbreon|Foul Play|p2a: Dondozo
|-damage|p2a: Dondozo|56/100 tox
|move|p2a: Dondozo|Wave Crash|p1a: Umbreon
|-damage|p1a: Umbreon|25/100
|-damage|p2a: Dondozo|48/100 tox|[from] Recoil
|
|-heal|p2a: Dondozo|54/100 tox|[from] item: Leftovers
|-damage|p2a: Dondozo|48/100 tox|[from] psn
|upkeep
|turn|37
|inactive|SweatGod420 has 120 seconds left.
|
|t:|1743918061
|move|p1a: Umbreon|Protect|p1a: Umbreon
|-singleturn|p1a: Umbreon|Protect
|move|p2a: Dondozo|Rest|p2a: Dondozo
|-status|p2a: Dondozo|slp|[from] move: Rest
|-heal|p2a: Dondozo|100/100 slp|[silent]
|
|upkeep
|turn|38
|
|t:|1743918076
|move|p1a: Umbreon|Wish|p1a: Umbreon
|cant|p2a: Dondozo|slp
|move|p2a: Dondozo|Sleep Talk|p2a: Dondozo
|move|p2a: Dondozo|Rest||[from] move: Sleep Talk|[still]
|-fail|p2a: Dondozo
|
|upkeep
|turn|39
|
|t:|1743918088
|move|p1a: Umbreon|Protect|p1a: Umbreon
|-singleturn|p1a: Umbreon|Protect
|cant|p2a: Dondozo|slp
|move|p2a: Dondozo|Sleep Talk|p2a: Dondozo
|move|p2a: Dondozo|Wave Crash|p1a: Umbreon|[from] move: Sleep Talk
|-activate|p1a: Umbreon|move: Protect
|
|-heal|p1a: Umbreon|75/100|[from] move: Wish|[wisher] Umbreon
|upkeep
|turn|40
|inactive|SweatGod420 has 120 seconds left.
|
|t:|1743918104
|move|p1a: Umbreon|Foul Play|p2a: Dondozo
|-damage|p2a: Dondozo|75/100 slp
|-curestatus|p2a: Dondozo|slp|[msg]
|move|p2a: Dondozo|Sleep Talk||[still]
|-fail|p2a: Dondozo
|
|-heal|p2a: Dondozo|81/100|[from] item: Leftovers
|upkeep
|turn|41
|
|t:|1743918113
|move|p1a: Umbreon|Toxic|p2a: Dondozo
|-status|p2a: Dondozo|tox
|move|p2a: Dondozo|Wave Crash|p1a: Umbreon
|-damage|p1a: Umbreon|41/100
|-damage|p2a: Dondozo|72/100 tox|[from] Recoil
|
|-heal|p2a: Dondozo|78/100 tox|[from] item: Leftovers
|-damage|p2a: Dondozo|72/100 tox|[from] psn
|upkeep
|turn|42
|
|t:|1743918133
|move|p1a: Umbreon|Wish|p1a: Umbreon
|move|p2a: Dondozo|Avalanche|p1a: Umbreon
|-damage|p1a: Umbreon|29/100
|
|-heal|p2a: Dondozo|78/100 tox|[from] item: Leftovers
|-damage|p2a: Dondozo|66/100 tox|[from] psn
|upkeep
|turn|43
|
|t:|1743918148
|move|p1a: Umbreon|Protect|p1a: Umbreon
|-singleturn|p1a: Umbreon|Protect
|move|p2a: Dondozo|Wave Crash|p1a: Umbreon
|-activate|p1a: Umbreon|move: Protect
|
|-heal|p1a: Umbreon|79/100|[from] move: Wish|[wisher] Umbreon
|-heal|p2a: Dondozo|72/100 tox|[from] item: Leftovers
|-damage|p2a: Dondozo|54/100 tox|[from] psn
|upkeep
|turn|44
|
|t:|1743918161
|move|p1a: Umbreon|Foul Play|p2a: Dondozo
|-damage|p2a: Dondozo|25/100 tox
|move|p2a: Dondozo|Rest|p2a: Dondozo
|-status|p2a: Dondozo|slp|[from] move: Rest
|-heal|p2a: Dondozo|100/100 slp|[silent]
|
|upkeep
|turn|45
|
|t:|1743918168
|move|p1a: Umbreon|Foul Play|p2a: Dondozo
|-damage|p2a: Dondozo|73/100 slp
|cant|p2a: Dondozo|slp
|move|p2a: Dondozo|Sleep Talk|p2a: Dondozo
|move|p2a: Dondozo|Wave Crash|p1a: Umbreon|[from] move: Sleep Talk
|-damage|p1a: Umbreon|48/100
|-damage|p2a: Dondozo|64/100 slp|[from] Recoil
|
|-heal|p2a: Dondozo|71/100 slp|[from] item: Leftovers
|upkeep
|turn|46
|
|t:|1743918185
|move|p1a: Umbreon|Wish|p1a: Umbreon
|cant|p2a: Dondozo|slp
|move|p2a: Dondozo|Sleep Talk|p2a: Dondozo
|move|p2a: Dondozo|Wave Crash|p1a: Umbreon|[from] move: Sleep Talk
|-damage|p1a: Umbreon|14/100
|-damage|p2a: Dondozo|62/100 slp|[from] Recoil
|
|-heal|p2a: Dondozo|68/100 slp|[from] item: Leftovers
|upkeep
|turn|47
|inactive|caijin has 120 seconds left.
|
|t:|1743918209
|move|p1a: Umbreon|Protect|p1a: Umbreon
|-singleturn|p1a: Umbreon|Protect
|-curestatus|p2a: Dondozo|slp|[msg]
|move|p2a: Dondozo|Wave Crash|p1a: Umbreon
|-activate|p1a: Umbreon|move: Protect
|
|-heal|p1a: Umbreon|64/100|[from] move: Wish|[wisher] Umbreon
|-heal|p2a: Dondozo|74/100|[from] item: Leftovers
|upkeep
|turn|48
|inactive|caijin has 120 seconds left.
|
|t:|1743918221
|move|p1a: Umbreon|Wish|p1a: Umbreon
|move|p2a: Dondozo|Avalanche|p1a: Umbreon
|-damage|p1a: Umbreon|52/100
|
|-heal|p2a: Dondozo|80/100|[from] item: Leftovers
|upkeep
|turn|49
|inactive|caijin has 120 seconds left.
|
|t:|1743918233
|move|p1a: Umbreon|Protect|p1a: Umbreon
|-singleturn|p1a: Umbreon|Protect
|move|p2a: Dondozo|Avalanche|p1a: Umbreon
|-activate|p1a: Umbreon|move: Protect
|
|-heal|p1a: Umbreon|100/100|[from] move: Wish|[wisher] Umbreon
|-heal|p2a: Dondozo|86/100|[from] item: Leftovers
|upkeep
|turn|50
|inactive|caijin has 120 seconds left.
|
|t:|1743918245
|move|p1a: Umbreon|Toxic|p2a: Dondozo
|-status|p2a: Dondozo|tox
|move|p2a: Dondozo|Wave Crash|p1a: Umbreon
|-damage|p1a: Umbreon|64/100
|-damage|p2a: Dondozo|77/100 tox|[from] Recoil
|
|-heal|p2a: Dondozo|83/100 tox|[from] item: Leftovers
|-damage|p2a: Dondozo|77/100 tox|[from] psn
|upkeep
|turn|51
|inactive|caijin has 120 seconds left.
|
|t:|1743918266
|switch|p1a: Alcremie|Alcremie-Rainbow-Swirl, F|56/100
|move|p2a: Dondozo|Wave Crash|p1a: Alcremie
|-damage|p1a: Alcremie|0 fnt
|faint|p1a: Alcremie
|-damage|p2a: Dondozo|65/100 tox|[from] Recoil
|
|-heal|p2a: Dondozo|71/100 tox|[from] item: Leftovers
|-damage|p2a: Dondozo|59/100 tox|[from] psn
|upkeep
|
|t:|1743918278
|switch|p1a: Umbreon|Umbreon, F|64/100
|turn|52
|
|t:|1743918299
|move|p1a: Umbreon|Wish|p1a: Umbreon
|move|p2a: Dondozo|Rest|p2a: Dondozo
|-status|p2a: Dondozo|slp|[from] move: Rest
|-heal|p2a: Dondozo|100/100 slp|[silent]
|
|upkeep
|turn|53
|
|t:|1743918311
|move|p1a: Umbreon|Foul Play|p2a: Dondozo
|-damage|p2a: Dondozo|71/100 slp
|cant|p2a: Dondozo|slp
|move|p2a: Dondozo|Sleep Talk|p2a: Dondozo
|move|p2a: Dondozo|Wave Crash|p1a: Umbreon|[from] move: Sleep Talk
|-damage|p1a: Umbreon|33/100
|-damage|p2a: Dondozo|63/100 slp|[from] Recoil
|
|-heal|p1a: Umbreon|83/100|[from] move: Wish|[wisher] Umbreon
|-heal|p2a: Dondozo|69/100 slp|[from] item: Leftovers
|upkeep
|turn|54
|
|t:|1743918329
|move|p1a: Umbreon|Foul Play|p2a: Dondozo
|-damage|p2a: Dondozo|41/100 slp
|cant|p2a: Dondozo|slp
|move|p2a: Dondozo|Sleep Talk|p2a: Dondozo
|move|p2a: Dondozo|Rest||[from] move: Sleep Talk|[still]
|-fail|p2a: Dondozo
|
|-heal|p2a: Dondozo|47/100 slp|[from] item: Leftovers
|upkeep
|turn|55
|
|t:|1743918341
|move|p1a: Umbreon|Foul Play|p2a: Dondozo
|-damage|p2a: Dondozo|21/100 slp
|-curestatus|p2a: Dondozo|slp|[msg]
|move|p2a: Dondozo|Rest|p2a: Dondozo
|-status|p2a: Dondozo|slp|[from] move: Rest
|-heal|p2a: Dondozo|100/100 slp|[silent]
|
|upkeep
|turn|56
|
|t:|1743918351
|move|p1a: Umbreon|Foul Play|p2a: Dondozo
|-damage|p2a: Dondozo|72/100 slp
|cant|p2a: Dondozo|slp
|move|p2a: Dondozo|Sleep Talk|p2a: Dondozo
|move|p2a: Dondozo|Avalanche|p1a: Umbreon|[from] move: Sleep Talk
|-damage|p1a: Umbreon|62/100
|
|-heal|p2a: Dondozo|78/100 slp|[from] item: Leftovers
|upkeep
|turn|57
|
|t:|1743918367
|move|p1a: Umbreon|Foul Play|p2a: Dondozo
|-damage|p2a: Dondozo|49/100 slp
|cant|p2a: Dondozo|slp
|move|p2a: Dondozo|Sleep Talk|p2a: Dondozo
|move|p2a: Dondozo|Rest||[from] move: Sleep Talk|[still]
|-fail|p2a: Dondozo
|
|-heal|p2a: Dondozo|55/100 slp|[from] item: Leftovers
|upkeep
|turn|58
|
|t:|1743918387
|move|p1a: Umbreon|Foul Play|p2a: Dondozo
|-damage|p2a: Dondozo|29/100 slp
|-curestatus|p2a: Dondozo|slp|[msg]
|move|p2a: Dondozo|Wave Crash|p1a: Umbreon
|-damage|p1a: Umbreon|28/100
|-damage|p2a: Dondozo|21/100|[from] Recoil
|
|-heal|p2a: Dondozo|27/100|[from] item: Leftovers
|upkeep
|turn|59
|inactive|caijin has 90 seconds left.
|
|t:|1743918406
|switch|p2a: Hydrapple|Hydrapple, F, shiny|100/100 tox
|move|p1a: Umbreon|Wish|p1a: Umbreon
|
|-damage|p2a: Hydrapple|94/100 tox|[from] psn
|upkeep
|turn|60
|inactive|caijin has 90 seconds left.
|
|t:|1743918422
|move|p1a: Umbreon|Protect|p1a: Umbreon
|-singleturn|p1a: Umbreon|Protect
|move|p2a: Hydrapple|Body Press|p1a: Umbreon
|-activate|p1a: Umbreon|move: Protect
|
|-heal|p1a: Umbreon|78/100|[from] move: Wish|[wisher] Umbreon
|-damage|p2a: Hydrapple|82/100 tox|[from] psn
|upkeep
|turn|61
|inactive|caijin has 90 seconds left.
|
|t:|1743918436
|move|p1a: Umbreon|Foul Play|p2a: Hydrapple
|-damage|p2a: Hydrapple|66/100 tox
|move|p2a: Hydrapple|Giga Drain|p1a: Umbreon
|-damage|p1a: Umbreon|53/100
|-heal|p2a: Hydrapple|79/100 tox|[from] drain|[of] p1a: Umbreon
|
|-damage|p2a: Hydrapple|60/100 tox|[from] psn
|upkeep
|turn|62
|inactive|caijin has 90 seconds left.
|
|t:|1743918455
|move|p1a: Umbreon|Foul Play|p2a: Hydrapple
|-damage|p2a: Hydrapple|46/100 tox
|move|p2a: Hydrapple|Giga Drain|p1a: Umbreon
|-damage|p1a: Umbreon|26/100
|-heal|p2a: Hydrapple|59/100 tox|[from] drain|[of] p1a: Umbreon
|
|-damage|p2a: Hydrapple|34/100 tox|[from] psn
|upkeep
|turn|63
|
|t:|1743918472
|switch|p2a: Dondozo|Dondozo, M|27/100
|move|p1a: Umbreon|Wish|p1a: Umbreon
|
|-heal|p2a: Dondozo|33/100|[from] item: Leftovers
|upkeep
|turn|64
|
|t:|1743918479
|move|p1a: Umbreon|Protect|p1a: Umbreon
|-singleturn|p1a: Umbreon|Protect
|move|p2a: Dondozo|Rest|p2a: Dondozo
|-status|p2a: Dondozo|slp|[from] move: Rest
|-heal|p2a: Dondozo|100/100 slp|[silent]
|
|-heal|p1a: Umbreon|76/100|[from] move: Wish|[wisher] Umbreon
|upkeep
|turn|65
|
|t:|1743918499
|move|p1a: Umbreon|Wish|p1a: Umbreon
|cant|p2a: Dondozo|slp
|move|p2a: Dondozo|Sleep Talk|p2a: Dondozo
|move|p2a: Dondozo|Wave Crash|p1a: Umbreon|[from] move: Sleep Talk
|-damage|p1a: Umbreon|42/100
|-damage|p2a: Dondozo|92/100 slp|[from] Recoil
|
|-heal|p2a: Dondozo|98/100 slp|[from] item: Leftovers
|upkeep
|turn|66
|
|t:|1743918512
|switch|p2a: Hydrapple|Hydrapple, F, shiny|67/100 tox
|move|p1a: Umbreon|Protect||[still]
|-fail|p1a: Umbreon
|
|-heal|p1a: Umbreon|92/100|[from] move: Wish|[wisher] Umbreon
|-damage|p2a: Hydrapple|61/100 tox|[from] psn
|upkeep
|turn|67
|
|t:|1743918530
|move|p1a: Umbreon|Foul Play|p2a: Hydrapple
|-damage|p2a: Hydrapple|45/100 tox
|move|p2a: Hydrapple|Giga Drain|p1a: Umbreon
|-damage|p1a: Umbreon|63/100
|-heal|p2a: Hydrapple|59/100 tox|[from] drain|[of] p1a: Umbreon
|
|-damage|p2a: Hydrapple|46/100 tox|[from] psn
|upkeep
|turn|68
|inactive|caijin has 60 seconds left.
|
|t:|1743918554
|switch|p2a: Dondozo|Dondozo, M|98/100 slp
|move|p1a: Umbreon|Wish|p1a: Umbreon
|
|-heal|p2a: Dondozo|100/100 slp|[from] item: Leftovers
|upkeep
|turn|69
|inactive|caijin has 60 seconds left.
|
|t:|1743918562
|switch|p1a: Chandelure|Chandelure, M|55/100
|cant|p2a: Dondozo|slp
|move|p2a: Dondozo|Sleep Talk|p2a: Dondozo
|move|p2a: Dondozo|Avalanche|p1a: Chandelure|[from] move: Sleep Talk
|-resisted|p1a: Chandelure
|-damage|p1a: Chandelure|42/100
|
|-heal|p1a: Chandelure|100/100|[from] move: Wish|[wisher] Umbreon
|upkeep
|turn|70
|inactive|caijin has 60 seconds left.
|
|t:|1743918574
|move|p1a: Chandelure|Energy Ball|p2a: Dondozo
|-supereffective|p2a: Dondozo
|-damage|p2a: Dondozo|0 fnt
|faint|p2a: Dondozo
|
|upkeep
|
|t:|1743918579
|switch|p2a: Hydrapple|Hydrapple, F, shiny|80/100 tox
|turn|71
|
|t:|1743918586
|switch|p1a: Meowstic|Meowstic, M|100/100
|move|p2a: Hydrapple|Earth Power|p1a: Meowstic
|-damage|p1a: Meowstic|60/100
|
|-damage|p2a: Hydrapple|74/100 tox|[from] psn
|upkeep
|turn|72
|
|t:|1743918598
|move|p1a: Meowstic|Light Screen|p1a: Meowstic
|-sidestart|p1: caijin|move: Light Screen
|move|p2a: Hydrapple|Giga Drain|p1a: Meowstic
|-damage|p1a: Meowstic|35/100
|-heal|p2a: Hydrapple|84/100 tox|[from] drain|[of] p1a: Meowstic
|
|-damage|p2a: Hydrapple|72/100 tox|[from] psn
|upkeep
|turn|73
|
|t:|1743918607
|switch|p1a: Chandelure|Chandelure, M|100/100
|move|p2a: Hydrapple|Earth Power|p1a: Chandelure
|-supereffective|p1a: Chandelure
|-damage|p1a: Chandelure|51/100
|
|-damage|p2a: Hydrapple|53/100 tox|[from] psn
|upkeep
|turn|74
|
|t:|1743918617
|move|p1a: Chandelure|Overheat|p2a: Hydrapple
|-damage|p2a: Hydrapple|0 fnt
|-unboost|p1a: Chandelure|spa|2
|faint|p2a: Hydrapple
|
|win|caijin
|raw|caijin's rating: 1081 &rarr; <strong>1102</strong><br />(+21 for winning)
|raw|SweatGod420's rating: 1000 &rarr; <strong>1000</strong><br />(+0 for losing)
