|j|☆RosaJG
|j|☆Jimmyscrimmy
|t:|1743877765
|gametype|singles
|player|p1|RosaJG|psychicf|1369
|player|p2|Jimmyscrimmy|hoopster|1322
|teamsize|p1|6
|teamsize|p2|6
|gen|9
|tier|[Gen 9] OU
|rated|
|rule|HP Percentage Mod: HP is shown in percentages
|rule|Endless Battle Clause: Forcing endless battles is banned
|rule|Species Clause: Limit one of each Pokémon
|rule|OHKO Clause: OHKO moves are banned
|rule|Evasion Items Clause: Evasion items are banned
|rule|Evasion Moves Clause: Evasion moves are banned
|rule|Sleep Moves Clause: Sleep-inducing moves are banned
|clearpoke
|poke|p1|Ting-Lu|
|poke|p1|Gliscor, F|
|poke|p1|Sinistcha|
|poke|p1|Keldeo|
|poke|p1|Tinkaton, F|
|poke|p1|Dragonite, M|
|poke|p2|Ting-Lu|
|poke|p2|Pecharunt|
|poke|p2|Iron Valiant|
|poke|p2|Garganacl, M|
|poke|p2|Lokix, M|
|poke|p2|Hydrapple, M|
|teampreview
|inactive|Battle timer is ON: inactive players will automatically lose when time's up. (requested by Jimmyscrimmy)
|inactive|RosaJG also wants the timer to be on.
|c|☆Jimmyscrimmy|Gl gf
|c|☆Jimmyscrimmy|hf
|c|☆RosaJG|gl hf
|
|t:|1743877798
|start
|switch|p1a: Tinkki Minaj|Tinkaton, F|100/100
|switch|p2a: Iron Valiant|Iron Valiant|100/100
|-item|p1a: Tinkki Minaj|Air Balloon
|turn|1
|
|t:|1743877807
|-end|p2a: Iron Valiant|Quark Drive|[silent]
|switch|p2a: Ting-Lu|Ting-Lu|100/100
|-ability|p2a: Ting-Lu|Vessel of Ruin
|move|p1a: Tinkki Minaj|Stealth Rock|p2a: Ting-Lu
|-sidestart|p2: Jimmyscrimmy|move: Stealth Rock
|
|upkeep
|turn|2
|
|t:|1743877817
|switch|p1a: Cuphead|Ting-Lu|100/100
|-ability|p1a: Cuphead|Vessel of Ruin
|move|p2a: Ting-Lu|Ruination|p1a: Cuphead
|-damage|p1a: Cuphead|50/100
|
|-heal|p1a: Cuphead|57/100|[from] item: Leftovers
|upkeep
|turn|3
|
|t:|1743877828
|switch|p2a: Iron Valiant|Iron Valiant|100/100
|move|p1a: Cuphead|Spikes|p2a: Iron Valiant
|-sidestart|p2: Jimmyscrimmy|Spikes
|
|-heal|p1a: Cuphead|63/100|[from] item: Leftovers
|upkeep
|turn|4
|
|t:|1743877834
|move|p2a: Iron Valiant|Close Combat|p1a: Cuphead
|-supereffective|p1a: Cuphead
|-damage|p1a: Cuphead|5/100
|-unboost|p2a: Iron Valiant|def|1
|-unboost|p2a: Iron Valiant|spd|1
|move|p1a: Cuphead|Whirlwind|p2a: Iron Valiant
|-end|p2a: Iron Valiant|Quark Drive|[silent]
|drag|p2a: Ting-Lu|Ting-Lu|100/100
|-damage|p2a: Ting-Lu|94/100|[from] Stealth Rock
|-damage|p2a: Ting-Lu|82/100|[from] Spikes
|-ability|p2a: Ting-Lu|Vessel of Ruin
|
|-heal|p1a: Cuphead|12/100|[from] item: Leftovers
|-heal|p2a: Ting-Lu|88/100|[from] item: Leftovers
|upkeep
|turn|5
|
|t:|1743877848
|move|p1a: Cuphead|Spikes|p2a: Ting-Lu
|-sidestart|p2: Jimmyscrimmy|Spikes
|move|p2a: Ting-Lu|Earthquake|p1a: Cuphead
|-crit|p1a: Cuphead
|-damage|p1a: Cuphead|0 fnt
|faint|p1a: Cuphead
|
|-heal|p2a: Ting-Lu|94/100|[from] item: Leftovers
|upkeep
|
|t:|1743877867
|switch|p1a: My Little Pwny|Keldeo|100/100
|turn|6
|
|t:|1743877875
|switch|p2a: Hydrapple|Hydrapple, M|100/100
|move|p1a: My Little Pwny|Surf|p2a: Hydrapple
|-resisted|p2a: Hydrapple
|-damage|p2a: Hydrapple|88/100
|
|upkeep
|turn|7
|
|t:|1743877882
|move|p1a: My Little Pwny|Flip Turn|p2a: Hydrapple
|-resisted|p2a: Hydrapple
|-damage|p2a: Hydrapple|86/100
|
|t:|1743877889
|switch|p1a: Tinkki Minaj|Tinkaton, F|100/100|[from] Flip Turn
|-item|p1a: Tinkki Minaj|Air Balloon
|move|p2a: Hydrapple|Giga Drain|p1a: Tinkki Minaj
|-resisted|p1a: Tinkki Minaj
|-damage|p1a: Tinkki Minaj|86/100
|-heal|p2a: Hydrapple|93/100|[from] drain|[of] p1a: Tinkki Minaj
|-enditem|p1a: Tinkki Minaj|Air Balloon
|
|upkeep
|turn|8
|
|t:|1743877904
|switch|p1a: Dance Armstrong|Gliscor, F|100/100
|switch|p2a: Ting-Lu|Ting-Lu|94/100
|-damage|p2a: Ting-Lu|88/100|[from] Stealth Rock
|-damage|p2a: Ting-Lu|72/100|[from] Spikes
|-ability|p2a: Ting-Lu|Vessel of Ruin
|
|-heal|p2a: Ting-Lu|78/100|[from] item: Leftovers
|-status|p1a: Dance Armstrong|tox|[from] item: Toxic Orb
|upkeep
|turn|9
|
|t:|1743877915
|move|p1a: Dance Armstrong|Swords Dance|p1a: Dance Armstrong
|-boost|p1a: Dance Armstrong|atk|2
|move|p2a: Ting-Lu|Whirlwind|p1a: Dance Armstrong
|drag|p1a: My Little Pwny|Keldeo|100/100
|
|-heal|p2a: Ting-Lu|84/100|[from] item: Leftovers
|upkeep
|turn|10
|
|t:|1743877919
|switch|p2a: Hydrapple|Hydrapple, M|100/100
|move|p1a: My Little Pwny|Surf|p2a: Hydrapple
|-resisted|p2a: Hydrapple
|-damage|p2a: Hydrapple|90/100
|
|upkeep
|turn|11
|
|t:|1743877923
|move|p1a: My Little Pwny|Flip Turn|p2a: Hydrapple
|-resisted|p2a: Hydrapple
|-crit|p2a: Hydrapple
|-damage|p2a: Hydrapple|87/100
|
|t:|1743877926
|switch|p1a: Tinkki Minaj|Tinkaton, F|86/100|[from] Flip Turn
|move|p2a: Hydrapple|Draco Meteor|p1a: Tinkki Minaj
|-immune|p1a: Tinkki Minaj
|
|upkeep
|turn|12
|
|t:|1743877929
|switch|p1a: My Little Pwny|Keldeo|100/100
|move|p2a: Hydrapple|Earth Power|p1a: My Little Pwny
|-damage|p1a: My Little Pwny|72/100
|
|upkeep
|turn|13
|
|t:|1743877938
|switch|p1a: Tchavis Scott|Sinistcha|100/100
|move|p2a: Hydrapple|Draco Meteor|p1a: Tchavis Scott|[miss]
|-miss|p2a: Hydrapple|p1a: Tchavis Scott
|
|upkeep
|turn|14
|
|t:|1743877949
|move|p1a: Tchavis Scott|Calm Mind|p1a: Tchavis Scott
|-boost|p1a: Tchavis Scott|spa|1
|-boost|p1a: Tchavis Scott|spd|1
|move|p2a: Hydrapple|Nasty Plot|p2a: Hydrapple
|-boost|p2a: Hydrapple|spa|2
|
|upkeep
|turn|15
|
|t:|1743877955
|switch|p1a: Tinkki Minaj|Tinkaton, F|86/100
|move|p2a: Hydrapple|Nasty Plot|p2a: Hydrapple
|-boost|p2a: Hydrapple|spa|2
|
|upkeep
|turn|16
|
|t:|1743877957
|move|p1a: Tinkki Minaj|Encore|p2a: Hydrapple
|-start|p2a: Hydrapple|Encore
|move|p2a: Hydrapple|Nasty Plot|p2a: Hydrapple
|-boost|p2a: Hydrapple|spa|2
|
|upkeep
|turn|17
|
|t:|1743877964
|switch|p2a: Ting-Lu|Ting-Lu|84/100
|-damage|p2a: Ting-Lu|78/100|[from] Stealth Rock
|-damage|p2a: Ting-Lu|61/100|[from] Spikes
|-ability|p2a: Ting-Lu|Vessel of Ruin
|move|p1a: Tinkki Minaj|Gigaton Hammer|p2a: Ting-Lu
|-damage|p2a: Ting-Lu|37/100
|
|-heal|p2a: Ting-Lu|43/100|[from] item: Leftovers
|upkeep
|turn|18
|
|t:|1743877969
|switch|p1a: Dance Armstrong|Gliscor, F|100/100 tox
|move|p2a: Ting-Lu|Spikes|p1a: Dance Armstrong
|-sidestart|p1: RosaJG|Spikes
|
|-heal|p2a: Ting-Lu|50/100|[from] item: Leftovers
|upkeep
|turn|19
|
|t:|1743877974
|move|p1a: Dance Armstrong|Knock Off|p2a: Ting-Lu
|-resisted|p2a: Ting-Lu
|-damage|p2a: Ting-Lu|43/100
|-enditem|p2a: Ting-Lu|Leftovers|[from] move: Knock Off|[of] p1a: Dance Armstrong
|move|p2a: Ting-Lu|Whirlwind|p1a: Dance Armstrong
|drag|p1a: Tinkki Minaj|Tinkaton, F|86/100
|-damage|p1a: Tinkki Minaj|74/100|[from] Spikes
|
|upkeep
|turn|20
|
|t:|1743877979
|move|p1a: Tinkki Minaj|Gigaton Hammer|p2a: Ting-Lu
|-damage|p2a: Ting-Lu|20/100
|move|p2a: Ting-Lu|Spikes|p1a: Tinkki Minaj
|-sidestart|p1: RosaJG|Spikes
|
|upkeep
|turn|21
|
|t:|1743877983
|switch|p1a: Dance Armstrong|Gliscor, F|100/100 tox
|move|p2a: Ting-Lu|Spikes|p1a: Dance Armstrong
|-sidestart|p1: RosaJG|Spikes
|
|upkeep
|turn|22
|
|t:|1743877987
|move|p1a: Dance Armstrong|Facade|p2a: Ting-Lu
|-damage|p2a: Ting-Lu|4/100
|move|p2a: Ting-Lu|Whirlwind|p1a: Dance Armstrong
|drag|p1a: Secret Service|Dragonite, M|100/100
|
|upkeep
|turn|23
|
|t:|1743877994
|move|p1a: Secret Service|Earthquake|p2a: Ting-Lu
|-damage|p2a: Ting-Lu|0 fnt
|faint|p2a: Ting-Lu
|
|upkeep
|
|t:|1743878003
|switch|p2a: Lokix|Lokix, M|100/100
|turn|24
|
|t:|1743878014
|switch|p1a: Dance Armstrong|Gliscor, F|100/100 tox
|move|p2a: Lokix|U-turn|p1a: Dance Armstrong
|-resisted|p1a: Dance Armstrong
|-crit|p1a: Dance Armstrong
|-damage|p1a: Dance Armstrong|57/100 tox
|
|t:|1743878033
|switch|p2a: Garganacl|Garganacl, M|100/100|[from] U-turn
|
|-heal|p1a: Dance Armstrong|69/100 tox|[from] ability: Poison Heal
|upkeep
|turn|25
|
|t:|1743878040
|move|p1a: Dance Armstrong|Protect|p1a: Dance Armstrong
|-singleturn|p1a: Dance Armstrong|Protect
|move|p2a: Garganacl|Ice Punch|p1a: Dance Armstrong
|-activate|p1a: Dance Armstrong|move: Protect
|
|-heal|p1a: Dance Armstrong|82/100 tox|[from] ability: Poison Heal
|upkeep
|turn|26
|
|t:|1743878051
|switch|p1a: My Little Pwny|Keldeo|72/100
|move|p2a: Garganacl|Stealth Rock|p1a: My Little Pwny
|-sidestart|p1: RosaJG|move: Stealth Rock
|
|upkeep
|turn|27
|
|t:|1743878057
|switch|p2a: Hydrapple|Hydrapple, M|100/100
|move|p1a: My Little Pwny|Surf|p2a: Hydrapple
|-resisted|p2a: Hydrapple
|-damage|p2a: Hydrapple|88/100
|
|upkeep
|turn|28
|
|t:|1743878064
|switch|p1a: Tchavis Scott|Sinistcha|100/100
|move|p2a: Hydrapple|Earth Power|p1a: Tchavis Scott
|-resisted|p1a: Tchavis Scott
|-damage|p1a: Tchavis Scott|85/100
|
|upkeep
|turn|29
|
|t:|1743878070
|move|p1a: Tchavis Scott|Calm Mind|p1a: Tchavis Scott
|-boost|p1a: Tchavis Scott|spa|1
|-boost|p1a: Tchavis Scott|spd|1
|move|p2a: Hydrapple|Draco Meteor|p1a: Tchavis Scott
|-damage|p1a: Tchavis Scott|43/100
|-unboost|p2a: Hydrapple|spa|2
|
|upkeep
|turn|30
|
|t:|1743878074
|move|p1a: Tchavis Scott|Strength Sap|p2a: Hydrapple
|-unboost|p2a: Hydrapple|atk|1
|-heal|p1a: Tchavis Scott|85/100
|move|p2a: Hydrapple|Nasty Plot|p2a: Hydrapple
|-boost|p2a: Hydrapple|spa|2
|
|upkeep
|turn|31
|
|t:|1743878079
|move|p1a: Tchavis Scott|Shadow Ball|p2a: Hydrapple
|-damage|p2a: Hydrapple|43/100
|move|p2a: Hydrapple|Nasty Plot|p2a: Hydrapple
|-boost|p2a: Hydrapple|spa|2
|
|upkeep
|turn|32
|
|t:|1743878095
|move|p1a: Tchavis Scott|Shadow Ball|p2a: Hydrapple
|-damage|p2a: Hydrapple|0 fnt
|faint|p2a: Hydrapple
|
|upkeep
|
|t:|1743878099
|switch|p2a: Lokix|Lokix, M|100/100
|turn|33
|
|t:|1743878103
|move|p2a: Lokix|U-turn|p1a: Tchavis Scott
|-damage|p1a: Tchavis Scott|61/100
|
|t:|1743878107
|switch|p2a: Garganacl|Garganacl, M|100/100|[from] U-turn
|move|p1a: Tchavis Scott|Strength Sap|p2a: Garganacl
|-unboost|p2a: Garganacl|atk|1
|-heal|p1a: Tchavis Scott|100/100
|
|upkeep
|turn|34
|
|t:|1743878118
|move|p1a: Tchavis Scott|Matcha Gotcha|p2a: Garganacl
|-supereffective|p2a: Garganacl
|-damage|p2a: Garganacl|33/100
|move|p2a: Garganacl|Salt Cure|p1a: Tchavis Scott
|-damage|p1a: Tchavis Scott|94/100
|-start|p1a: Tchavis Scott|Salt Cure
|
|-damage|p1a: Tchavis Scott|82/100|[from] Salt Cure
|upkeep
|turn|35
|
|t:|1743878130
|switch|p2a: Lokix|Lokix, M|100/100
|move|p1a: Tchavis Scott|Matcha Gotcha|p2a: Lokix
|-resisted|p2a: Lokix
|-damage|p2a: Lokix|57/100
|-heal|p1a: Tchavis Scott|99/100|[from] drain|[of] p2a: Lokix
|
|-damage|p1a: Tchavis Scott|87/100|[from] Salt Cure
|upkeep
|turn|36
|
|t:|1743878139
|move|p2a: Lokix|Knock Off|p1a: Tchavis Scott
|-supereffective|p1a: Tchavis Scott
|-damage|p1a: Tchavis Scott|18/100
|-enditem|p1a: Tchavis Scott|Heavy-Duty Boots|[from] move: Knock Off|[of] p2a: Lokix
|move|p1a: Tchavis Scott|Strength Sap|p2a: Lokix
|-unboost|p2a: Lokix|atk|1
|-heal|p1a: Tchavis Scott|100/100
|
|-damage|p1a: Tchavis Scott|88/100|[from] Salt Cure
|upkeep
|turn|37
|
|t:|1743878145
|move|p2a: Lokix|U-turn|p1a: Tchavis Scott
|-damage|p1a: Tchavis Scott|73/100
|
|t:|1743878148
|switch|p2a: Garganacl|Garganacl, M|33/100|[from] U-turn
|move|p1a: Tchavis Scott|Matcha Gotcha|p2a: Garganacl
|-supereffective|p2a: Garganacl
|-damage|p2a: Garganacl|0 fnt
|-heal|p1a: Tchavis Scott|92/100|[from] drain|[of] p2a: Garganacl
|faint|p2a: Garganacl
|
|-damage|p1a: Tchavis Scott|80/100|[from] Salt Cure
|upkeep
|
|t:|1743878156
|switch|p2a: Lokix|Lokix, M|57/100
|turn|38
|
|t:|1743878163
|-terastallize|p2a: Lokix|Bug
|move|p2a: Lokix|First Impression|p1a: Tchavis Scott
|-damage|p1a: Tchavis Scott|40/100
|move|p1a: Tchavis Scott|Strength Sap|p2a: Lokix
|-unboost|p2a: Lokix|atk|1
|-heal|p1a: Tchavis Scott|100/100
|
|-damage|p1a: Tchavis Scott|88/100|[from] Salt Cure
|upkeep
|turn|39
|
|t:|1743878168
|move|p2a: Lokix|U-turn|p1a: Tchavis Scott
|-damage|p1a: Tchavis Scott|68/100
|
|t:|1743878171
|switch|p2a: Iron Valiant|Iron Valiant|100/100|[from] U-turn
|move|p1a: Tchavis Scott|Shadow Ball|p2a: Iron Valiant
|-damage|p2a: Iron Valiant|9/100
|
|-damage|p1a: Tchavis Scott|56/100|[from] Salt Cure
|upkeep
|turn|40
|
|t:|1743878175
|move|p2a: Iron Valiant|Knock Off|p1a: Tchavis Scott
|-supereffective|p1a: Tchavis Scott
|-damage|p1a: Tchavis Scott|29/100
|move|p1a: Tchavis Scott|Strength Sap|p2a: Iron Valiant
|-unboost|p2a: Iron Valiant|atk|1
|-heal|p1a: Tchavis Scott|100/100
|
|-damage|p1a: Tchavis Scott|88/100|[from] Salt Cure
|upkeep
|turn|41
|
|t:|1743878179
|move|p2a: Iron Valiant|Encore|p1a: Tchavis Scott
|-start|p1a: Tchavis Scott|Encore
|move|p1a: Tchavis Scott|Strength Sap|p2a: Iron Valiant
|-unboost|p2a: Iron Valiant|atk|1
|-heal|p1a: Tchavis Scott|100/100
|
|-damage|p1a: Tchavis Scott|88/100|[from] Salt Cure
|upkeep
|turn|42
|
|t:|1743878189
|-end|p2a: Iron Valiant|Quark Drive|[silent]
|switch|p2a: Pecharunt|Pecharunt|100/100
|switch|p1a: Tinkki Minaj|Tinkaton, F|74/100
|-damage|p1a: Tinkki Minaj|49/100|[from] Spikes
|-damage|p1a: Tinkki Minaj|43/100|[from] Stealth Rock
|
|upkeep
|turn|43
|
|t:|1743878197
|switch|p2a: Lokix|Lokix, M, tera:Bug|57/100
|move|p1a: Tinkki Minaj|Thunder Wave|p2a: Lokix
|-status|p2a: Lokix|par
|
|upkeep
|turn|44
|
|t:|1743878204
|move|p1a: Tinkki Minaj|Gigaton Hammer|p2a: Lokix
|-damage|p2a: Lokix|0 fnt
|faint|p2a: Lokix
|
|upkeep
|-message|Jimmyscrimmy forfeited.
|
|win|RosaJG
|raw|RosaJG's rating: 1369 &rarr; <strong>1386</strong><br />(+17 for winning)
|raw|Jimmyscrimmy's rating: 1322 &rarr; <strong>1305</strong><br />(-17 for losing)
|l|☆Jimmyscrimmy
|player|p2|
|c|☆RosaJG|gg
