|j|☆browoo42
|j|☆Hellokity1
|t:|1743873520
|gametype|singles
|player|p1|browoo42|1|1497
|player|p2|Hellokity1|twins-gen4|1500
|teamsize|p1|6
|teamsize|p2|6
|gen|9
|tier|[Gen 9] OU
|rated|
|rule|HP Percentage Mod: HP is shown in percentages
|rule|Endless Battle Clause: Forcing endless battles is banned
|rule|Species Clause: Limit one of each Pokémon
|rule|OHKO Clause: OHKO moves are banned
|rule|Evasion Items Clause: Evasion items are banned
|rule|Evasion Moves Clause: Evasion moves are banned
|rule|Sleep Moves Clause: Sleep-inducing moves are banned
|clearpoke
|poke|p1|Jirachi|
|poke|p1|Dragonite, M|
|poke|p1|Crawdaunt, F|
|poke|p1|Mew|
|poke|p1|Corviknight, F|
|poke|p1|Dragapult, F|
|poke|p2|Blissey, F|
|poke|p2|Clefable, F|
|poke|p2|Gliscor, F|
|poke|p2|Ting-Lu|
|poke|p2|Dondozo, F|
|poke|p2|Amoonguss, F|
|teampreview
|inactive|Battle timer is ON: inactive players will automatically lose when time's up. (requested by Hellokity1)
|inactive|browoo42 has 120 seconds left.
|
|t:|1743873571
|start
|switch|p1a: Mew|Mew|100/100
|switch|p2a: Gliscor|Gliscor, F|100/100
|turn|1
|inactive|browoo42 has 120 seconds left.
|
|t:|1743873614
|move|p2a: Gliscor|Protect|p2a: Gliscor
|-singleturn|p2a: Gliscor|Protect
|move|p1a: Mew|Volt Switch|p2a: Gliscor
|-activate|p2a: Gliscor|move: Protect
|
|-status|p2a: Gliscor|tox|[from] item: Toxic Orb
|upkeep
|turn|2
|
|t:|1743873624
|switch|p2a: Ting-Lu|Ting-Lu|100/100
|-ability|p2a: Ting-Lu|Vessel of Ruin
|move|p1a: Mew|Ice Beam|p2a: Ting-Lu
|-supereffective|p2a: Ting-Lu
|-damage|p2a: Ting-Lu|73/100
|-damage|p1a: Mew|91/100|[from] item: Life Orb
|
|upkeep
|turn|3
|
|t:|1743873635
|move|p1a: Mew|Giga Drain|p2a: Ting-Lu
|-supereffective|p2a: Ting-Lu
|-damage|p2a: Ting-Lu|50/100
|-heal|p1a: Mew|100/100|[from] drain|[of] p2a: Ting-Lu
|-damage|p1a: Mew|91/100|[from] item: Life Orb
|move|p2a: Ting-Lu|Stealth Rock|p1a: Mew
|-sidestart|p1: browoo42|move: Stealth Rock
|
|upkeep
|turn|4
|inactive|browoo42 has 120 seconds left.
|
|t:|1743873647
|switch|p2a: Blissey|Blissey, F|100/100
|move|p1a: Mew|Ice Beam|p2a: Blissey
|-damage|p2a: Blissey|89/100
|-damage|p1a: Mew|81/100|[from] item: Life Orb
|
|upkeep
|turn|5
|
|t:|1743873656
|switch|p1a: Corviknight|Corviknight, F|100/100
|-damage|p1a: Corviknight|88/100|[from] Stealth Rock
|move|p2a: Blissey|Seismic Toss|p1a: Corviknight
|-damage|p1a: Corviknight|63/100
|-damage|p2a: Blissey|73/100|[from] item: Rocky Helmet|[of] p1a: Corviknight
|
|upkeep
|turn|6
|inactive|browoo42 has 120 seconds left.
|
|t:|1743873678
|switch|p2a: Clefable|Clefable, F|100/100
|move|p1a: Corviknight|Defog|p2a: Clefable
|-unboost|p2a: Clefable|evasion|1
|-sideend|p1: browoo42|Stealth Rock|[from] move: Defog|[of] p1a: Corviknight
|
|upkeep
|turn|7
|inactive|browoo42 has 120 seconds left.
|
|t:|1743873690
|move|p1a: Corviknight|Roost|p1a: Corviknight
|-heal|p1a: Corviknight|100/100
|-singleturn|p1a: Corviknight|move: Roost
|move|p2a: Clefable|Knock Off|p1a: Corviknight
|-damage|p1a: Corviknight|92/100
|-enditem|p1a: Corviknight|Rocky Helmet|[from] move: Knock Off|[of] p2a: Clefable
|
|upkeep
|turn|8
|inactive|browoo42 has 120 seconds left.
|
|t:|1743873716
|move|p1a: Corviknight|U-turn|p2a: Clefable
|-resisted|p2a: Clefable
|-damage|p2a: Clefable|95/100
|
|t:|1743873721
|switch|p1a: Jirachi|Jirachi|100/100|[from] U-turn
|move|p2a: Clefable|Wish|p2a: Clefable
|
|upkeep
|turn|9
|
|t:|1743873729
|switch|p2a: Ting-Lu|Ting-Lu|50/100
|-ability|p2a: Ting-Lu|Vessel of Ruin
|move|p1a: Jirachi|Trick|p2a: Ting-Lu
|-activate|p1a: Jirachi|move: Trick|[of] p2a: Ting-Lu
|-item|p2a: Ting-Lu|Choice Scarf|[from] move: Trick
|-item|p1a: Jirachi|Heavy-Duty Boots|[from] move: Trick
|
|-heal|p2a: Ting-Lu|88/100|[from] move: Wish|[wisher] Clefable
|upkeep
|turn|10
|
|t:|1743873741
|move|p1a: Jirachi|Trick|p2a: Ting-Lu
|-activate|p1a: Jirachi|move: Trick|[of] p2a: Ting-Lu
|-item|p2a: Ting-Lu|Heavy-Duty Boots|[from] move: Trick
|-item|p1a: Jirachi|Choice Scarf|[from] move: Trick
|move|p2a: Ting-Lu|Stealth Rock|p1a: Jirachi
|-sidestart|p1: browoo42|move: Stealth Rock
|
|upkeep
|turn|11
|
|t:|1743873748
|switch|p1a: Corviknight|Corviknight, F|92/100
|-damage|p1a: Corviknight|80/100|[from] Stealth Rock
|move|p2a: Ting-Lu|Protect||[still]
|-fail|p2a: Ting-Lu
|
|-damage|p1a: Corviknight|67/100|[from] item: Sticky Barb
|upkeep
|turn|12
|inactive|browoo42 has 120 seconds left.
|
|t:|1743873759
|switch|p2a: Gliscor|Gliscor, F|100/100 tox
|move|p1a: Corviknight|Defog|p2a: Gliscor
|-unboost|p2a: Gliscor|evasion|1
|-sideend|p1: browoo42|Stealth Rock|[from] move: Defog|[of] p1a: Corviknight
|
|-damage|p1a: Corviknight|55/100|[from] item: Sticky Barb
|upkeep
|turn|13
|inactive|browoo42 has 120 seconds left.
|
|t:|1743873779
|switch|p1a: Mew|Mew|81/100
|move|p2a: Gliscor|Spikes|p1a: Mew
|-sidestart|p1: browoo42|Spikes
|
|upkeep
|turn|14
|
|t:|1743873787
|switch|p1a: Dragonite|Dragonite, M|100/100
|switch|p2a: Blissey|Blissey, F|73/100
|
|upkeep
|turn|15
|
|t:|1743873793
|switch|p2a: Clefable|Clefable, F|95/100
|move|p1a: Dragonite|Outrage|p2a: Clefable
|-immune|p2a: Clefable
|
|upkeep
|turn|16
|-message|browoo42 forfeited.
|
|win|Hellokity1
|raw|browoo42's rating: 1497 &rarr; <strong>1477</strong><br />(-20 for losing)
|raw|Hellokity1's rating: 1500 &rarr; <strong>1520</strong><br />(+20 for winning)
|l|☆browoo42
|player|p1|
|l|☆Hellokity1
|player|p2|
