|j|☆Savingo
|j|☆KillElonMusk
|t:|1743911869
|gametype|singles
|player|p1|Savingo|169|1224
|player|p2|KillElonMusk|265|1184
|teamsize|p1|6
|teamsize|p2|6
|gen|9
|tier|[Gen 9] OU
|rated|
|rule|HP Percentage Mod: HP is shown in percentages
|rule|Endless Battle Clause: Forcing endless battles is banned
|rule|Species Clause: Limit one of each Pokémon
|rule|OHKO Clause: OHKO moves are banned
|rule|Evasion Items Clause: Evasion items are banned
|rule|Evasion Moves Clause: Evasion moves are banned
|rule|Sleep Moves Clause: Sleep-inducing moves are banned
|clearpoke
|poke|p1|Yanmega, M|
|poke|p1|Excadrill, M|
|poke|p1|Arcanine-Hisui, F|
|poke|p1|Primarina, M|
|poke|p1|Latios, M|
|poke|p1|Chesnaught, M|
|poke|p2|Alomomola, F|
|poke|p2|Blissey, F|
|poke|p2|Dondozo, M|
|poke|p2|Corviknight, F|
|poke|p2|Clodsire, F|
|poke|p2|Gholdengo|
|teampreview
|
|t:|1743911876
|start
|switch|p1a: Excadrill|Excadrill, M|100/100
|switch|p2a: Blissey|Blissey, F|100/100
|-ability|p1a: Excadrill|Mold Breaker
|turn|1
|
|t:|1743911892
|switch|p2a: Corviknight|Corviknight, F|100/100
|-ability|p2a: Corviknight|Pressure
|move|p1a: Excadrill|Stealth Rock|p2a: Corviknight
|-sidestart|p2: KillElonMusk|move: Stealth Rock
|
|upkeep
|turn|2
|
|t:|1743911901
|switch|p1a: Arcanine|Arcanine-Hisui, F|100/100
|move|p2a: Corviknight|Defog|p1a: Arcanine
|-unboost|p1a: Arcanine|evasion|1
|-sideend|p2: KillElonMusk|Stealth Rock|[from] move: Defog|[of] p2a: Corviknight
|
|upkeep
|turn|3
|
|t:|1743911908
|switch|p2a: Alomomola|Alomomola, F|100/100
|move|p1a: Arcanine|Head Smash|p2a: Alomomola
|-damage|p2a: Alomomola|42/100
|-damage|p1a: Arcanine|84/100|[from] item: Rocky Helmet|[of] p2a: Alomomola
|
|upkeep
|turn|4
|
|t:|1743911915
|move|p2a: Alomomola|Protect|p2a: Alomomola
|-singleturn|p2a: Alomomola|Protect
|move|p1a: Arcanine|Head Smash|p2a: Alomomola
|-activate|p2a: Alomomola|move: Protect
|
|upkeep
|turn|5
|
|t:|1743911923
|switch|p1a: Yanmega|Yanmega, M|100/100
|switch|p2a: Dondozo|Dondozo, M, shiny|100/100
|
|upkeep
|turn|6
|
|t:|1743911931
|switch|p2a: Blissey|Blissey, F|100/100
|move|p1a: Yanmega|Bug Buzz|p2a: Blissey
|-damage|p2a: Blissey|72/100
|
|upkeep
|turn|7
|
|t:|1743911937
|switch|p1a: Chesnaught|Chesnaught, M|100/100
|move|p2a: Blissey|Stealth Rock|p1a: Chesnaught
|-sidestart|p1: Savingo|move: Stealth Rock
|
|upkeep
|turn|8
|
|t:|1743911942
|switch|p2a: Corviknight|Corviknight, F|100/100
|-ability|p2a: Corviknight|Pressure
|move|p1a: Chesnaught|Leech Seed|p2a: Corviknight
|-start|p2a: Corviknight|move: Leech Seed
|
|-damage|p2a: Corviknight|88/100|[from] Leech Seed|[of] p1a: Chesnaught
|upkeep
|turn|9
|
|t:|1743911950
|switch|p2a: Gholdengo|Gholdengo|100/100
|switch|p1a: Arcanine|Arcanine-Hisui, F|84/100
|-damage|p1a: Arcanine|59/100|[from] Stealth Rock
|
|upkeep
|turn|10
|
|t:|1743911965
|switch|p2a: Dondozo|Dondozo, M, shiny|100/100
|move|p1a: Arcanine|Flare Blitz|p2a: Dondozo
|-resisted|p2a: Dondozo
|-damage|p2a: Dondozo|78/100
|
|-heal|p2a: Dondozo|84/100|[from] item: Leftovers
|upkeep
|turn|11
|inactive|Battle timer is ON: inactive players will automatically lose when time's up. (requested by KillElonMusk)
|
|t:|1743911998
|switch|p1a: Chesnaught|Chesnaught, M|100/100
|-damage|p1a: Chesnaught|94/100|[from] Stealth Rock
|move|p2a: Dondozo|Body Press|p1a: Chesnaught
|-damage|p1a: Chesnaught|79/100
|-damage|p2a: Dondozo|67/100|[from] item: Rocky Helmet|[of] p1a: Chesnaught
|
|-heal|p2a: Dondozo|74/100|[from] item: Leftovers
|upkeep
|turn|12
|
|t:|1743912011
|switch|p2a: Corviknight|Corviknight, F|88/100
|-ability|p2a: Corviknight|Pressure
|move|p1a: Chesnaught|Leech Seed|p2a: Corviknight
|-start|p2a: Corviknight|move: Leech Seed
|
|-heal|p2a: Corviknight|94/100|[from] item: Leftovers
|-damage|p2a: Corviknight|82/100|[from] Leech Seed|[of] p1a: Chesnaught
|-heal|p1a: Chesnaught|92/100|[silent]
|upkeep
|turn|13
|
|t:|1743912020
|switch|p2a: Gholdengo|Gholdengo|100/100
|switch|p1a: Excadrill|Excadrill, M|100/100
|-damage|p1a: Excadrill|97/100|[from] Stealth Rock
|-ability|p1a: Excadrill|Mold Breaker
|
|-heal|p1a: Excadrill|100/100|[from] item: Leftovers
|upkeep
|turn|14
|
|t:|1743912029
|switch|p2a: Corviknight|Corviknight, F|82/100
|-ability|p2a: Corviknight|Pressure
|move|p1a: Excadrill|Earthquake|p2a: Corviknight
|-immune|p2a: Corviknight
|
|-heal|p2a: Corviknight|88/100|[from] item: Leftovers
|upkeep
|turn|15
|
|t:|1743912036
|move|p1a: Excadrill|Rapid Spin|p2a: Corviknight
|-resisted|p2a: Corviknight
|-damage|p2a: Corviknight|82/100
|-boost|p1a: Excadrill|spe|1
|-sideend|p1: Savingo|Stealth Rock|[from] move: Rapid Spin|[of] p1a: Excadrill
|move|p2a: Corviknight|Body Press|p1a: Excadrill
|-supereffective|p1a: Excadrill
|-damage|p1a: Excadrill|51/100
|
|-heal|p1a: Excadrill|58/100|[from] item: Leftovers
|-heal|p2a: Corviknight|88/100|[from] item: Leftovers
|upkeep
|turn|16
|
|t:|1743912046
|switch|p1a: Chesnaught|Chesnaught, M|92/100
|move|p2a: Corviknight|Body Press|p1a: Chesnaught
|-damage|p1a: Chesnaught|81/100
|-damage|p2a: Corviknight|72/100|[from] item: Rocky Helmet|[of] p1a: Chesnaught
|
|-heal|p2a: Corviknight|78/100|[from] item: Leftovers
|upkeep
|turn|17
|
|t:|1743912054
|switch|p2a: Gholdengo|Gholdengo|100/100
|move|p1a: Chesnaught|Knock Off|p2a: Gholdengo
|-supereffective|p2a: Gholdengo
|-damage|p2a: Gholdengo|71/100
|-enditem|p2a: Gholdengo|Choice Specs|[from] move: Knock Off|[of] p1a: Chesnaught
|
|upkeep
|turn|18
|
|t:|1743912062
|move|p1a: Chesnaught|Spiky Shield|p1a: Chesnaught
|-singleturn|p1a: Chesnaught|move: Protect
|move|p2a: Gholdengo|Thunder Wave|p1a: Chesnaught
|-activate|p1a: Chesnaught|move: Protect
|
|upkeep
|turn|19
|
|t:|1743912068
|switch|p1a: Excadrill|Excadrill, M|58/100
|-ability|p1a: Excadrill|Mold Breaker
|move|p2a: Gholdengo|Shadow Ball|p1a: Excadrill
|-damage|p1a: Excadrill|28/100
|
|-heal|p1a: Excadrill|34/100|[from] item: Leftovers
|upkeep
|turn|20
|
|t:|1743912077
|switch|p2a: Corviknight|Corviknight, F|78/100
|-ability|p2a: Corviknight|Pressure
|move|p1a: Excadrill|Stealth Rock|p2a: Corviknight
|-sidestart|p2: KillElonMusk|move: Stealth Rock
|
|-heal|p1a: Excadrill|40/100|[from] item: Leftovers
|-heal|p2a: Corviknight|84/100|[from] item: Leftovers
|upkeep
|turn|21
|
|t:|1743912085
|switch|p1a: Primarina|Primarina, M|100/100
|move|p2a: Corviknight|Defog|p1a: Primarina
|-unboost|p1a: Primarina|evasion|1
|-sideend|p2: KillElonMusk|Stealth Rock|[from] move: Defog|[of] p2a: Corviknight
|
|-heal|p2a: Corviknight|90/100|[from] item: Leftovers
|upkeep
|turn|22
|
|t:|1743912094
|switch|p2a: Blissey|Blissey, F|72/100
|move|p1a: Primarina|Sparkling Aria|p2a: Blissey
|-damage|p2a: Blissey|53/100
|
|upkeep
|turn|23
|
|t:|1743912099
|move|p1a: Primarina|Flip Turn|p2a: Blissey
|-damage|p2a: Blissey|41/100
|
|t:|1743912101
|switch|p1a: Excadrill|Excadrill, M|40/100|[from] Flip Turn
|-ability|p1a: Excadrill|Mold Breaker
|move|p2a: Blissey|Soft-Boiled|p2a: Blissey
|-heal|p2a: Blissey|91/100
|
|-heal|p1a: Excadrill|46/100|[from] item: Leftovers
|upkeep
|turn|24
|
|t:|1743912111
|switch|p2a: Alomomola|Alomomola, F|75/100
|move|p1a: Excadrill|Stealth Rock|p2a: Alomomola
|-sidestart|p2: KillElonMusk|move: Stealth Rock
|
|-heal|p1a: Excadrill|53/100|[from] item: Leftovers
|upkeep
|turn|25
|
|t:|1743912118
|switch|p1a: Chesnaught|Chesnaught, M|81/100
|move|p2a: Alomomola|Flip Turn|p1a: Chesnaught
|-resisted|p1a: Chesnaught
|-damage|p1a: Chesnaught|77/100
|-damage|p2a: Alomomola|59/100|[from] item: Rocky Helmet|[of] p1a: Chesnaught
|
|t:|1743912124
|switch|p2a: Gholdengo|Gholdengo|71/100|[from] Flip Turn
|-damage|p2a: Gholdengo|65/100|[from] Stealth Rock
|
|upkeep
|turn|26
|
|t:|1743912130
|move|p1a: Chesnaught|Spiky Shield|p1a: Chesnaught
|-singleturn|p1a: Chesnaught|move: Protect
|move|p2a: Gholdengo|Trick|p1a: Chesnaught
|-activate|p1a: Chesnaught|move: Protect
|
|upkeep
|turn|27
|
|t:|1743912146
|switch|p1a: Arcanine|Arcanine-Hisui, F|59/100
|move|p2a: Gholdengo|Trick|p1a: Arcanine
|-activate|p2a: Gholdengo|move: Trick|[of] p1a: Arcanine
|-enditem|p1a: Arcanine|Choice Band|[silent]|[from] move: Trick
|-item|p2a: Gholdengo|Choice Band|[from] move: Trick
|
|upkeep
|turn|28
|
|t:|1743912152
|switch|p2a: Alomomola|Alomomola, F|92/100
|-damage|p2a: Alomomola|80/100|[from] Stealth Rock
|move|p1a: Arcanine|Head Smash|p2a: Alomomola
|-damage|p2a: Alomomola|34/100
|-damage|p1a: Arcanine|42/100|[from] item: Rocky Helmet|[of] p2a: Alomomola
|
|upkeep
|turn|29
|
|t:|1743912160
|move|p2a: Alomomola|Protect|p2a: Alomomola
|-singleturn|p2a: Alomomola|Protect
|move|p1a: Arcanine|Head Smash|p2a: Alomomola
|-activate|p2a: Alomomola|move: Protect
|
|upkeep
|turn|30
|c|☆KillElonMusk|wait why did rock head not activate
|c|☆KillElonMusk|oh nvm rocky helmet
|c|☆KillElonMusk|lmao
|
|t:|1743912186
|switch|p2a: Dondozo|Dondozo, M, shiny|74/100
|-damage|p2a: Dondozo|61/100|[from] Stealth Rock
|move|p1a: Arcanine|Head Smash|p2a: Dondozo
|-damage|p2a: Dondozo|26/100
|
|-heal|p2a: Dondozo|32/100|[from] item: Leftovers
|upkeep
|turn|31
|
|t:|1743912196
|switch|p2a: Alomomola|Alomomola, F|68/100
|-damage|p2a: Alomomola|55/100|[from] Stealth Rock
|move|p1a: Arcanine|Head Smash|p2a: Alomomola
|-damage|p2a: Alomomola|12/100
|-damage|p1a: Arcanine|26/100|[from] item: Rocky Helmet|[of] p2a: Alomomola
|
|upkeep
|turn|32
|
|t:|1743912204
|move|p2a: Alomomola|Protect|p2a: Alomomola
|-singleturn|p2a: Alomomola|Protect
|move|p1a: Arcanine|Head Smash|p2a: Alomomola
|-activate|p2a: Alomomola|move: Protect
|
|upkeep
|turn|33
|
|t:|1743912210
|switch|p2a: Corviknight|Corviknight, F|90/100
|-damage|p2a: Corviknight|78/100|[from] Stealth Rock
|-ability|p2a: Corviknight|Pressure
|move|p1a: Arcanine|Head Smash|p2a: Corviknight
|-damage|p2a: Corviknight|12/100
|
|-heal|p2a: Corviknight|18/100|[from] item: Leftovers
|upkeep
|turn|34
|-message|KillElonMusk forfeited.
|
|win|Savingo
|raw|Savingo's rating: 1224 &rarr; <strong>1246</strong><br />(+22 for winning)
|raw|KillElonMusk's rating: 1184 &rarr; <strong>1162</strong><br />(-22 for losing)
|l|☆KillElonMusk
|player|p2|
|l|☆Savingo
|player|p1|
