|j|‽MyLifeHasNoMeaning
|j|☆dang21
|t:|1743793031
|gametype|singles
|player|p1|MyLifeHasNoMeaning|unknown|1259
|player|p2|dang21|265|1242
|teamsize|p1|6
|teamsize|p2|6
|gen|9
|tier|[Gen 9] OU
|rated|
|rule|HP Percentage Mod: HP is shown in percentages
|rule|Endless Battle Clause: Forcing endless battles is banned
|rule|Species Clause: Limit one of each Pokémon
|rule|OHKO Clause: OHKO moves are banned
|rule|Evasion Items Clause: Evasion items are banned
|rule|Evasion Moves Clause: Evasion moves are banned
|rule|Sleep Moves Clause: Sleep-inducing moves are banned
|clearpoke
|poke|p1|Heatran, M|
|poke|p1|Landorus-Therian, M|
|poke|p1|Greninja-*, M|
|poke|p1|Toxapex, M|
|poke|p1|Garchomp, F|
|poke|p1|Tsareena, F|
|poke|p2|Iron Valiant|
|poke|p2|Sylveon, F|
|poke|p2|Iron Moth|
|poke|p2|Kingambit, F|
|poke|p2|Ogerpon-Wellspring, F|
|poke|p2|Landorus-Therian, M|
|teampreview
|
|t:|1743793042
|start
|switch|p1a: Heatran|Heatran, M|100/100
|switch|p2a: Ogerpon|Ogerpon-Wellspring, F|100/100
|turn|1
|
|t:|1743793050
|switch|p2a: Landorus|Landorus-Therian, M|100/100
|-ability|p2a: Landorus|Intimidate|boost
|-unboost|p1a: Heatran|atk|1
|switch|p1a: Toxapex|Toxapex, M|100/100
|
|upkeep
|turn|2
|
|t:|1743793074
|switch|p1a: Landorus|Landorus-Therian, M|100/100
|-ability|p1a: Landorus|Intimidate|boost
|-unboost|p2a: Landorus|atk|1
|move|p2a: Landorus|Taunt|p1a: Landorus
|-start|p1a: Landorus|move: Taunt
|
|upkeep
|turn|3
|
|t:|1743793097
|move|p1a: Landorus|U-turn|p2a: Landorus
|-resisted|p2a: Landorus
|-crit|p2a: Landorus
|-damage|p2a: Landorus|79/100
|-damage|p1a: Landorus|84/100|[from] item: Rocky Helmet|[of] p2a: Landorus
|
|t:|1743793111
|switch|p1a: Toxapex|Toxapex, M|100/100|[from] U-turn
|move|p2a: Landorus|U-turn|p1a: Toxapex
|-resisted|p1a: Toxapex
|-damage|p1a: Toxapex|95/100
|-damage|p2a: Landorus|62/100|[from] item: Rocky Helmet|[of] p1a: Toxapex
|
|t:|1743793128
|switch|p2a: Kingambit|Kingambit, F|100/100|[from] U-turn
|
|upkeep
|turn|4
|
|t:|1743793137
|switch|p1a: Landorus|Landorus-Therian, M|84/100
|-ability|p1a: Landorus|Intimidate|boost
|-unboost|p2a: Kingambit|atk|1
|move|p2a: Kingambit|Swords Dance|p2a: Kingambit
|-boost|p2a: Kingambit|atk|2
|
|upkeep
|turn|5
|
|t:|1743793148
|-end|p2a: Kingambit|fallenundefined|[silent]
|switch|p2a: Landorus|Landorus-Therian, M|62/100
|-ability|p2a: Landorus|Intimidate|boost
|-unboost|p1a: Landorus|atk|1
|move|p1a: Landorus|Earthquake|p2a: Landorus
|-immune|p2a: Landorus
|
|upkeep
|turn|6
|
|t:|1743793160
|switch|p1a: Toxapex|Toxapex, M|100/100
|move|p2a: Landorus|Taunt|p1a: Toxapex
|-start|p1a: Toxapex|move: Taunt
|
|upkeep
|turn|7
|
|t:|1743793164
|switch|p1a: Landorus|Landorus-Therian, M|84/100
|-ability|p1a: Landorus|Intimidate|boost
|-unboost|p2a: Landorus|atk|1
|move|p2a: Landorus|Earthquake|p1a: Landorus
|-immune|p1a: Landorus
|
|upkeep
|turn|8
|
|t:|1743793184
|move|p1a: Landorus|Stone Edge|p2a: Landorus
|-damage|p2a: Landorus|17/100
|move|p2a: Landorus|Earthquake|p1a: Landorus
|-immune|p1a: Landorus
|
|upkeep
|turn|9
|
|t:|1743793191
|switch|p2a: Sylveon|Sylveon, F|100/100
|move|p1a: Landorus|Stone Edge|p2a: Sylveon
|-damage|p2a: Sylveon|58/100
|
|-heal|p2a: Sylveon|64/100|[from] item: Leftovers
|upkeep
|turn|10
|
|t:|1743793202
|switch|p1a: Heatran|Heatran, M|100/100
|move|p2a: Sylveon|Wish|p2a: Sylveon
|
|-heal|p2a: Sylveon|70/100|[from] item: Leftovers
|upkeep
|turn|11
|
|t:|1743793214
|move|p1a: Heatran|Magma Storm|p2a: Sylveon|[miss]
|-miss|p1a: Heatran|p2a: Sylveon
|move|p2a: Sylveon|Shadow Ball|p1a: Heatran
|-damage|p1a: Heatran|89/100
|
|-heal|p2a: Sylveon|100/100|[from] move: Wish|[wisher] Sylveon
|-heal|p1a: Heatran|95/100|[from] item: Leftovers
|upkeep
|turn|12
|
|t:|1743793227
|move|p1a: Heatran|Magma Storm|p2a: Sylveon
|-damage|p2a: Sylveon|78/100
|-activate|p2a: Sylveon|move: Magma Storm|[of] p1a: Heatran
|move|p2a: Sylveon|Wish|p2a: Sylveon
|
|-heal|p1a: Heatran|100/100|[from] item: Leftovers
|-heal|p2a: Sylveon|84/100|[from] item: Leftovers
|-damage|p2a: Sylveon|71/100|[from] move: Magma Storm|[partiallytrapped]
|upkeep
|turn|13
|
|t:|1743793233
|move|p1a: Heatran|Taunt|p2a: Sylveon
|-start|p2a: Sylveon|move: Taunt
|move|p2a: Sylveon|Shadow Ball|p1a: Heatran
|-damage|p1a: Heatran|88/100
|-unboost|p1a: Heatran|spd|1
|
|-heal|p2a: Sylveon|100/100|[from] move: Wish|[wisher] Sylveon
|-heal|p1a: Heatran|94/100|[from] item: Leftovers
|-damage|p2a: Sylveon|88/100|[from] move: Magma Storm|[partiallytrapped]
|upkeep
|turn|14
|
|t:|1743793245
|move|p1a: Heatran|Flash Cannon|p2a: Sylveon
|-supereffective|p2a: Sylveon
|-damage|p2a: Sylveon|51/100
|move|p2a: Sylveon|Shadow Ball|p1a: Heatran
|-damage|p1a: Heatran|74/100
|
|-heal|p1a: Heatran|80/100|[from] item: Leftovers
|-heal|p2a: Sylveon|57/100|[from] item: Leftovers
|-damage|p2a: Sylveon|45/100|[from] move: Magma Storm|[partiallytrapped]
|upkeep
|turn|15
|
|t:|1743793256
|move|p1a: Heatran|Flash Cannon|p2a: Sylveon
|-supereffective|p2a: Sylveon
|-damage|p2a: Sylveon|5/100
|move|p2a: Sylveon|Shadow Ball|p1a: Heatran
|-damage|p1a: Heatran|63/100
|
|-heal|p1a: Heatran|69/100|[from] item: Leftovers
|-heal|p2a: Sylveon|11/100|[from] item: Leftovers
|-damage|p2a: Sylveon|0 fnt|[from] move: Magma Storm|[partiallytrapped]
|faint|p2a: Sylveon
|upkeep
|
|t:|1743793264
|switch|p2a: Landorus|Landorus-Therian, M|17/100
|-ability|p2a: Landorus|Intimidate|boost
|-unboost|p1a: Heatran|atk|1
|turn|16
|
|t:|1743793272
|switch|p2a: Ogerpon|Ogerpon-Wellspring, F|100/100
|switch|p1a: Landorus|Landorus-Therian, M|84/100
|-ability|p1a: Landorus|Intimidate|boost
|-unboost|p2a: Ogerpon|atk|1
|
|upkeep
|turn|17
|
|t:|1743793282
|move|p1a: Landorus|U-turn|p2a: Ogerpon
|-supereffective|p2a: Ogerpon
|-damage|p2a: Ogerpon|33/100
|
|t:|1743793285
|switch|p1a: Toxapex|Toxapex, M|100/100|[from] U-turn
|move|p2a: Ogerpon|Spikes|p1a: Toxapex
|-sidestart|p1: MyLifeHasNoMeaning|Spikes
|
|upkeep
|turn|18
|
|t:|1743793294
|switch|p2a: Kingambit|Kingambit, F|100/100
|-activate|p2a: Kingambit|ability: Supreme Overlord
|-start|p2a: Kingambit|fallen1|[silent]
|move|p1a: Toxapex|Infestation|p2a: Kingambit
|-damage|p2a: Kingambit|98/100
|-activate|p2a: Kingambit|move: Infestation|[of] p1a: Toxapex
|
|-damage|p2a: Kingambit|85/100|[from] move: Infestation|[partiallytrapped]
|upkeep
|turn|19
|
|t:|1743793304
|switch|p1a: Landorus|Landorus-Therian, M|84/100
|-ability|p1a: Landorus|Intimidate|boost
|-unboost|p2a: Kingambit|atk|1
|-terastallize|p2a: Kingambit|Dark
|move|p2a: Kingambit|Kowtow Cleave|p1a: Landorus
|-damage|p1a: Landorus|25/100
|
|-end|p2a: Kingambit|Infestation|[partiallytrapped]|[silent]
|upkeep
|turn|20
|
|t:|1743793314
|switch|p1a: Toxapex|Toxapex, M|100/100
|-damage|p1a: Toxapex|88/100|[from] Spikes
|move|p2a: Kingambit|Sucker Punch||[still]
|-fail|p2a: Kingambit
|
|upkeep
|turn|21
|
|t:|1743793323
|-end|p2a: Kingambit|fallen1|[silent]
|switch|p2a: Ogerpon|Ogerpon-Wellspring, F|33/100
|move|p1a: Toxapex|Infestation|p2a: Ogerpon
|-supereffective|p2a: Ogerpon
|-damage|p2a: Ogerpon|25/100
|-activate|p2a: Ogerpon|move: Infestation|[of] p1a: Toxapex
|
|-damage|p2a: Ogerpon|13/100|[from] move: Infestation|[partiallytrapped]
|upkeep
|turn|22
|
|t:|1743793327
|move|p1a: Toxapex|Baneful Bunker|p1a: Toxapex
|-singleturn|p1a: Toxapex|move: Protect
|move|p2a: Ogerpon|Knock Off|p1a: Toxapex
|-activate|p1a: Toxapex|move: Protect
|-status|p2a: Ogerpon|psn
|
|-damage|p2a: Ogerpon|1/100 psn|[from] psn
|-damage|p2a: Ogerpon|0 fnt|[from] move: Infestation|[partiallytrapped]
|faint|p2a: Ogerpon
|upkeep
|-message|dang21 forfeited.
|
|win|MyLifeHasNoMeaning
|raw|MyLifeHasNoMeaning's rating: 1259 &rarr; <strong>1283</strong><br />(+24 for winning)
|raw|dang21's rating: 1242 &rarr; <strong>1218</strong><br />(-24 for losing)
|l|☆dang21
|player|p2|
