|j|☆918kw
|j|☆Rekka's Tails
|t:|1743806754
|gametype|singles
|player|p1|918kw|lucas|1258
|player|p2|Rekka's Tails|pokemonrangerf|1301
|teamsize|p1|6
|teamsize|p2|6
|gen|9
|tier|[Gen 9] OU
|rated|
|rule|HP Percentage Mod: HP is shown in percentages
|rule|Endless Battle Clause: Forcing endless battles is banned
|rule|Species Clause: Limit one of each Pokémon
|rule|OHKO Clause: OHKO moves are banned
|rule|Evasion Items Clause: Evasion items are banned
|rule|Evasion Moves Clause: Evasion moves are banned
|rule|Sleep Moves Clause: Sleep-inducing moves are banned
|clearpoke
|poke|p1|Feraligatr, F|
|poke|p1|Dudunsparce-*, M|
|poke|p1|Incineroar, F|
|poke|p1|Zapdos-Galar|
|poke|p1|Grimmsnarl, M|
|poke|p1|Veluza, F|
|poke|p2|Meowscarada, F|
|poke|p2|Weavile, F|
|poke|p2|Sylveon, F|
|poke|p2|Okidogi, M|
|poke|p2|Umbreon, M|
|poke|p2|Corviknight, F|
|teampreview
|
|t:|1743806780
|start
|switch|p1a: Veluza|Veluza, F|100/100
|switch|p2a: Cat :33|Weavile, F, shiny|100/100
|turn|1
|inactive|Battle timer is ON: inactive players will automatically lose when time's up. (requested by 918kw)
|
|t:|1743806786
|switch|p1a: Incineroar|Incineroar, F|100/100
|-ability|p1a: Incineroar|Intimidate|boost
|-unboost|p2a: Cat :33|atk|1
|move|p2a: Cat :33|Knock Off|p1a: Incineroar
|-resisted|p1a: Incineroar
|-damage|p1a: Incineroar|84/100
|-enditem|p1a: Incineroar|Weakness Policy|[from] move: Knock Off|[of] p2a: Cat :33
|
|upkeep
|turn|2
|
|t:|1743806792
|switch|p2a: moonlit cat :Nya3|Umbreon, M|100/100
|move|p1a: Incineroar|Flame Charge|p2a: moonlit cat :Nya3
|-damage|p2a: moonlit cat :Nya3|86/100
|-boost|p1a: Incineroar|spe|1
|
|-heal|p2a: moonlit cat :Nya3|92/100|[from] item: Leftovers
|upkeep
|turn|3
|
|t:|1743806796
|move|p1a: Incineroar|Bulk Up|p1a: Incineroar
|-boost|p1a: Incineroar|atk|1
|-boost|p1a: Incineroar|def|1
|move|p2a: moonlit cat :Nya3|Toxic|p1a: Incineroar
|-status|p1a: Incineroar|tox
|
|-heal|p2a: moonlit cat :Nya3|98/100|[from] item: Leftovers
|-damage|p1a: Incineroar|78/100 tox|[from] psn
|upkeep
|turn|4
|
|t:|1743806801
|move|p1a: Incineroar|Drain Punch|p2a: moonlit cat :Nya3
|-supereffective|p2a: moonlit cat :Nya3
|-damage|p2a: moonlit cat :Nya3|48/100
|-heal|p1a: Incineroar|100/100 tox|[from] drain|[of] p2a: moonlit cat :Nya3
|move|p2a: moonlit cat :Nya3|Wish|p2a: moonlit cat :Nya3
|
|-heal|p2a: moonlit cat :Nya3|54/100|[from] item: Leftovers
|-damage|p1a: Incineroar|88/100 tox|[from] psn
|upkeep
|turn|5
|
|t:|1743806804
|move|p2a: moonlit cat :Nya3|Protect|p2a: moonlit cat :Nya3
|-singleturn|p2a: moonlit cat :Nya3|Protect
|move|p1a: Incineroar|Drain Punch|p2a: moonlit cat :Nya3
|-activate|p2a: moonlit cat :Nya3|move: Protect
|
|-heal|p2a: moonlit cat :Nya3|100/100|[from] move: Wish|[wisher] moonlit cat :Nya3
|-damage|p1a: Incineroar|70/100 tox|[from] psn
|upkeep
|turn|6
|
|t:|1743806808
|move|p1a: Incineroar|Drain Punch|p2a: moonlit cat :Nya3
|-supereffective|p2a: moonlit cat :Nya3
|-damage|p2a: moonlit cat :Nya3|56/100
|-heal|p1a: Incineroar|97/100 tox|[from] drain|[of] p2a: moonlit cat :Nya3
|move|p2a: moonlit cat :Nya3|Wish|p2a: moonlit cat :Nya3
|
|-heal|p2a: moonlit cat :Nya3|62/100|[from] item: Leftovers
|-damage|p1a: Incineroar|73/100 tox|[from] psn
|upkeep
|turn|7
|
|t:|1743806810
|move|p1a: Incineroar|Bulk Up|p1a: Incineroar
|-boost|p1a: Incineroar|atk|1
|-boost|p1a: Incineroar|def|1
|move|p2a: moonlit cat :Nya3|Foul Play|p1a: Incineroar
|-resisted|p1a: Incineroar
|-damage|p1a: Incineroar|44/100 tox
|
|-heal|p2a: moonlit cat :Nya3|100/100|[from] move: Wish|[wisher] moonlit cat :Nya3
|-damage|p1a: Incineroar|13/100 tox|[from] psn
|upkeep
|turn|8
|
|t:|1743806813
|move|p2a: moonlit cat :Nya3|Protect|p2a: moonlit cat :Nya3
|-singleturn|p2a: moonlit cat :Nya3|Protect
|move|p1a: Incineroar|Drain Punch|p2a: moonlit cat :Nya3
|-activate|p2a: moonlit cat :Nya3|move: Protect
|
|-damage|p1a: Incineroar|0 fnt|[from] psn
|faint|p1a: Incineroar
|upkeep
|
|t:|1743806817
|switch|p1a: Feraligatr|Feraligatr, F|100/100
|turn|9
|
|t:|1743806820
|move|p1a: Feraligatr|Dragon Dance|p1a: Feraligatr
|-boost|p1a: Feraligatr|atk|1
|-boost|p1a: Feraligatr|spe|1
|move|p2a: moonlit cat :Nya3|Foul Play|p1a: Feraligatr
|-damage|p1a: Feraligatr|27/100
|
|upkeep
|turn|10
|
|t:|1743806826
|move|p1a: Feraligatr|Liquidation|p2a: moonlit cat :Nya3
|-damage|p2a: moonlit cat :Nya3|34/100
|move|p2a: moonlit cat :Nya3|Foul Play|p1a: Feraligatr
|-crit|p1a: Feraligatr
|-damage|p1a: Feraligatr|0 fnt
|faint|p1a: Feraligatr
|
|-heal|p2a: moonlit cat :Nya3|40/100|[from] item: Leftovers
|upkeep
|
|t:|1743806830
|switch|p1a: Zapdos|Zapdos-Galar, shiny|100/100
|turn|11
|
|t:|1743806836
|-terastallize|p2a: moonlit cat :Nya3|Poison
|move|p1a: Zapdos|Thunderous Kick|p2a: moonlit cat :Nya3
|-resisted|p2a: moonlit cat :Nya3
|-damage|p2a: moonlit cat :Nya3|25/100
|-unboost|p2a: moonlit cat :Nya3|def|1
|move|p2a: moonlit cat :Nya3|Toxic|p1a: Zapdos
|-status|p1a: Zapdos|tox
|
|-heal|p2a: moonlit cat :Nya3|31/100|[from] item: Leftovers
|-damage|p1a: Zapdos|94/100 tox|[from] psn
|upkeep
|turn|12
|
|t:|1743806845
|switch|p2a: Cat.|Corviknight, F|100/100
|-ability|p2a: Cat.|Pressure
|move|p1a: Zapdos|Acrobatics|p2a: Cat.
|-resisted|p2a: Cat.
|-damage|p2a: Cat.|91/100
|
|-damage|p1a: Zapdos|82/100 tox|[from] psn
|upkeep
|turn|13
|
|t:|1743806849
|move|p1a: Zapdos|Thunderous Kick|p2a: Cat.
|-damage|p2a: Cat.|63/100
|move|p2a: Cat.|Brave Bird|p1a: Zapdos
|-supereffective|p1a: Zapdos
|-damage|p1a: Zapdos|0 fnt
|faint|p1a: Zapdos
|-damage|p2a: Cat.|42/100|[from] Recoil
|
|upkeep
|
|t:|1743806853
|switch|p1a: Veluza|Veluza, F|100/100
|turn|14
|
|t:|1743806857
|move|p1a: Veluza|Fillet Away|p1a: Veluza
|-boost|p1a: Veluza|atk|2
|-boost|p1a: Veluza|spa|2
|-boost|p1a: Veluza|spe|2
|-damage|p1a: Veluza|51/100
|move|p2a: Cat.|Brave Bird|p1a: Veluza
|-damage|p1a: Veluza|4/100
|-enditem|p1a: Veluza|Sitrus Berry|[eat]
|-heal|p1a: Veluza|29/100|[from] item: Sitrus Berry
|-damage|p2a: Cat.|29/100|[from] Recoil
|
|upkeep
|turn|15
|
|t:|1743806864
|move|p1a: Veluza|Aqua Cutter|p2a: Cat.
|-damage|p2a: Cat.|0 fnt
|faint|p2a: Cat.
|
|upkeep
|
|t:|1743806870
|switch|p2a: Cat :3|Sylveon, F|100/100
|turn|16
|
|t:|1743806872
|move|p2a: Cat :3|Quick Attack|p1a: Veluza
|-damage|p1a: Veluza|14/100
|move|p1a: Veluza|Aqua Cutter|p2a: Cat :3
|-damage|p2a: Cat :3|0 fnt
|faint|p2a: Cat :3
|
|upkeep
|
|t:|1743806878
|switch|p2a: moonlit cat :Nya3|Umbreon, M, tera:Poison|31/100
|turn|17
|
|t:|1743806880
|move|p2a: moonlit cat :Nya3|Protect|p2a: moonlit cat :Nya3
|-singleturn|p2a: moonlit cat :Nya3|Protect
|move|p1a: Veluza|Aqua Cutter|p2a: moonlit cat :Nya3
|-activate|p2a: moonlit cat :Nya3|move: Protect
|
|-heal|p2a: moonlit cat :Nya3|37/100|[from] item: Leftovers
|upkeep
|turn|18
|
|t:|1743806883
|move|p1a: Veluza|Aqua Cutter|p2a: moonlit cat :Nya3
|-damage|p2a: moonlit cat :Nya3|0 fnt
|faint|p2a: moonlit cat :Nya3
|
|upkeep
|
|t:|1743806886
|switch|p2a: Cat :33|Weavile, F, shiny|100/100
|turn|19
|
|t:|1743806888
|move|p2a: Cat :33|Ice Shard|p1a: Veluza
|-resisted|p1a: Veluza
|-damage|p1a: Veluza|1/100
|move|p1a: Veluza|Aqua Cutter|p2a: Cat :33
|-crit|p2a: Cat :33
|-damage|p2a: Cat :33|0 fnt
|faint|p2a: Cat :33
|
|upkeep
|
|t:|1743806890
|switch|p2a: Dog (supposedly)|Okidogi, M|100/100
|turn|20
|
|t:|1743806894
|move|p1a: Veluza|Psycho Cut|p2a: Dog (supposedly)
|-supereffective|p2a: Dog (supposedly)
|-crit|p2a: Dog (supposedly)
|-damage|p2a: Dog (supposedly)|0 fnt
|faint|p2a: Dog (supposedly)
|
|upkeep
|
|t:|1743806895
|switch|p2a: NYA NYA CAT|Meowscarada, F, shiny|100/100
|turn|21
|
|t:|1743806899
|move|p1a: Veluza|Aqua Cutter|p2a: NYA NYA CAT
|-resisted|p2a: NYA NYA CAT
|-damage|p2a: NYA NYA CAT|24/100
|move|p2a: NYA NYA CAT|Flower Trick|p1a: Veluza
|-start|p2a: NYA NYA CAT|typechange|Grass|[from] ability: Protean
|-supereffective|p1a: Veluza
|-crit|p1a: Veluza
|-damage|p1a: Veluza|0 fnt
|faint|p1a: Veluza
|-damage|p2a: NYA NYA CAT|14/100|[from] item: Life Orb
|
|upkeep
|
|t:|1743806903
|switch|p1a: Dudunsparce|Dudunsparce-Three-Segment, M|100/100
|turn|22
|
|t:|1743806907
|move|p2a: NYA NYA CAT|Flower Trick|p1a: Dudunsparce
|-crit|p1a: Dudunsparce
|-damage|p1a: Dudunsparce|45/100
|-damage|p2a: NYA NYA CAT|4/100|[from] item: Life Orb
|move|p1a: Dudunsparce|Flamethrower|p2a: NYA NYA CAT
|-supereffective|p2a: NYA NYA CAT
|-damage|p2a: NYA NYA CAT|0 fnt
|faint|p2a: NYA NYA CAT
|
|win|918kw
|raw|918kw's rating: 1231 &rarr; <strong>1261</strong><br />(+30 for winning)
|raw|Rekka&apos;s Tails's rating: 1301 &rarr; <strong>1277</strong><br />(-24 for losing)
|l|☆Rekka's Tails
|player|p2|
|l|☆918kw
|player|p1|
