|j|☆FancypantsW8
|j|☆weepingbell456
|t:|1743851607
|gametype|singles
|player|p1|FancypantsW8|266|1113
|player|p2|weepingbell456|1|1122
|teamsize|p1|6
|teamsize|p2|6
|gen|9
|tier|[Gen 9] OU
|rated|
|rule|HP Percentage Mod: HP is shown in percentages
|rule|Endless Battle Clause: Forcing endless battles is banned
|rule|Species Clause: Limit one of each Pokémon
|rule|OHKO Clause: OHKO moves are banned
|rule|Evasion Items Clause: Evasion items are banned
|rule|Evasion Moves Clause: Evasion moves are banned
|rule|Sleep Moves Clause: Sleep-inducing moves are banned
|clearpoke
|poke|p1|Iron Treads|
|poke|p1|Iron Valiant|
|poke|p1|Hoopa-Unbound|
|poke|p1|Glimmora, F|
|poke|p1|Dondozo, M|
|poke|p1|Kingambit, M|
|poke|p2|Tyranitar, M|
|poke|p2|Houndstone, M|
|poke|p2|Quagsire, F|
|poke|p2|Klefki, F|
|poke|p2|Forretress, F|
|poke|p2|Gastrodon, M|
|teampreview
|inactive|Battle timer is ON: inactive players will automatically lose when time's up. (requested by FancypantsW8)
|
|t:|1743851623
|start
|switch|p1a: Iron Treads|Iron Treads|100/100
|switch|p2a: Klefki|Klefki, F|100/100
|turn|1
|
|t:|1743851633
|move|p2a: Klefki|Magnet Rise|p2a: Klefki
|-start|p2a: Klefki|Magnet Rise
|move|p1a: Iron Treads|Earthquake|p2a: Klefki
|-immune|p2a: Klefki
|
|upkeep
|turn|2
|
|t:|1743851640
|move|p1a: Iron Treads|Knock Off|p2a: Klefki
|-resisted|p2a: Klefki
|-damage|p2a: Klefki|84/100
|-enditem|p2a: Klefki|Eject Button|[from] move: Knock Off|[of] p1a: Iron Treads
|move|p2a: Klefki|Trick Room|p2a: Klefki
|-fieldstart|move: Trick Room|[of] p2a: Klefki
|
|upkeep
|turn|3
|
|t:|1743851652
|switch|p2a: Quagsire|Quagsire, F|100/100
|move|p1a: Iron Treads|Earthquake|p2a: Quagsire
|-damage|p2a: Quagsire|63/100
|
|-heal|p2a: Quagsire|69/100|[from] item: Leftovers
|upkeep
|turn|4
|
|t:|1743851669
|-end|p1a: Iron Treads|Quark Drive|[silent]
|switch|p1a: Dondozo|Dondozo, M|100/100
|move|p2a: Quagsire|Whirlpool|p1a: Dondozo
|-resisted|p1a: Dondozo
|-damage|p1a: Dondozo|97/100
|-activate|p1a: Dondozo|move: Whirlpool|[of] p2a: Quagsire
|
|-heal|p2a: Quagsire|75/100|[from] item: Leftovers
|-damage|p1a: Dondozo|84/100|[from] move: Whirlpool|[partiallytrapped]
|upkeep
|turn|5
|
|t:|1743851693
|move|p1a: Dondozo|Order Up|p2a: Quagsire
|-damage|p2a: Quagsire|41/100
|move|p2a: Quagsire|Toxic|p1a: Dondozo
|-status|p1a: Dondozo|tox
|
|-heal|p2a: Quagsire|47/100|[from] item: Leftovers
|-damage|p1a: Dondozo|78/100 tox|[from] psn
|-damage|p1a: Dondozo|65/100 tox|[from] move: Whirlpool|[partiallytrapped]
|upkeep
|turn|6
|
|t:|1743851704
|move|p2a: Quagsire|Recover|p2a: Quagsire
|-heal|p2a: Quagsire|97/100
|move|p1a: Dondozo|Order Up|p2a: Quagsire
|-damage|p2a: Quagsire|66/100
|
|-heal|p2a: Quagsire|72/100|[from] item: Leftovers
|-damage|p1a: Dondozo|53/100 tox|[from] psn
|-damage|p1a: Dondozo|41/100 tox|[from] move: Whirlpool|[partiallytrapped]
|-fieldend|move: Trick Room
|upkeep
|turn|7
|inactive|FancypantsW8 has 120 seconds left.
|
|t:|1743851721
|move|p2a: Quagsire|Protect|p2a: Quagsire
|-singleturn|p2a: Quagsire|Protect
|move|p1a: Dondozo|Order Up|p2a: Quagsire
|-activate|p2a: Quagsire|move: Protect
|
|-heal|p2a: Quagsire|79/100|[from] item: Leftovers
|-damage|p1a: Dondozo|22/100 tox|[from] psn
|-damage|p1a: Dondozo|10/100 tox|[from] move: Whirlpool|[partiallytrapped]
|upkeep
|turn|8
|inactive|FancypantsW8 has 120 seconds left.
|
|t:|1743851735
|move|p1a: Dondozo|Order Up|p2a: Quagsire
|-damage|p2a: Quagsire|45/100
|move|p2a: Quagsire|Whirlpool|p1a: Dondozo
|-resisted|p1a: Dondozo
|-damage|p1a: Dondozo|5/100 tox
|
|-heal|p2a: Quagsire|51/100|[from] item: Leftovers
|-damage|p1a: Dondozo|0 fnt|[from] psn
|faint|p1a: Dondozo
|upkeep
|inactive|FancypantsW8 has 120 seconds left.
|
|t:|1743851766
|switch|p1a: Glimmora|Glimmora, F|100/100
|-item|p1a: Glimmora|Air Balloon
|turn|9
|
|t:|1743851777
|switch|p2a: Klefki|Klefki, F|84/100
|-terastallize|p1a: Glimmora|Steel
|move|p1a: Glimmora|Acid Armor|p1a: Glimmora
|-boost|p1a: Glimmora|def|2
|
|upkeep
|turn|10
|
|t:|1743851788
|move|p2a: Klefki|Thunder Wave|p1a: Glimmora
|-status|p1a: Glimmora|par
|move|p1a: Glimmora|Stealth Rock|p2a: Klefki
|-sidestart|p2: weepingbell456|move: Stealth Rock
|
|upkeep
|turn|11
|
|t:|1743851797
|move|p2a: Klefki|Play Rough|p1a: Glimmora
|-resisted|p1a: Glimmora
|-damage|p1a: Glimmora|90/100 par
|-activate|p1a: Glimmora|ability: Toxic Debris
|-sidestart|p2: weepingbell456|move: Toxic Spikes
|-enditem|p1a: Glimmora|Air Balloon
|move|p1a: Glimmora|Earth Power|p2a: Klefki
|-supereffective|p2a: Klefki
|-damage|p2a: Klefki|3/100
|
|upkeep
|turn|12
|inactive|FancypantsW8 has 90 seconds left.
|
|t:|1743851825
|switch|p1a: Hoopa|Hoopa-Unbound|100/100
|move|p2a: Klefki|Magnet Rise|p2a: Klefki
|-start|p2a: Klefki|Magnet Rise
|
|upkeep
|turn|13
|inactive|FancypantsW8 has 90 seconds left.
|
|t:|1743851837
|move|p2a: Klefki|Thunder Wave|p1a: Hoopa
|-hint|Since gen 7, Dark is immune to Prankster moves.
|-immune|p1a: Hoopa
|move|p1a: Hoopa|Thunderbolt|p2a: Klefki
|-damage|p2a: Klefki|0 fnt
|faint|p2a: Klefki
|
|upkeep
|
|t:|1743851844
|switch|p2a: Forretress|Forretress, F|100/100
|-damage|p2a: Forretress|88/100|[from] Stealth Rock
|turn|14
|
|t:|1743851856
|switch|p1a: Iron Treads|Iron Treads|100/100
|move|p2a: Forretress|Rapid Spin|p1a: Iron Treads
|-resisted|p1a: Iron Treads
|-damage|p1a: Iron Treads|95/100
|-boost|p2a: Forretress|spe|1
|-sideend|p2: weepingbell456|Toxic Spikes|[from] move: Rapid Spin|[of] p2a: Forretress
|-sideend|p2: weepingbell456|Stealth Rock|[from] move: Rapid Spin|[of] p2a: Forretress
|
|-heal|p2a: Forretress|94/100|[from] item: Leftovers
|upkeep
|turn|15
|inactive|FancypantsW8 has 90 seconds left.
|
|t:|1743851873
|switch|p2a: Houndstone|Houndstone, M|100/100
|move|p1a: Iron Treads|Earthquake|p2a: Houndstone
|-crit|p2a: Houndstone
|-damage|p2a: Houndstone|12/100
|
|upkeep
|turn|16
|
|t:|1743851882
|move|p1a: Iron Treads|Knock Off|p2a: Houndstone
|-supereffective|p2a: Houndstone
|-damage|p2a: Houndstone|0 fnt
|-enditem|p2a: Houndstone|Heavy-Duty Boots|[from] move: Knock Off|[of] p1a: Iron Treads
|faint|p2a: Houndstone
|
|upkeep
|
|t:|1743851891
|switch|p2a: Forretress|Forretress, F|94/100
|turn|17
|-message|weepingbell456 forfeited.
|
|win|FancypantsW8
|raw|FancypantsW8's rating: 1113 &rarr; <strong>1139</strong><br />(+26 for winning)
|raw|weepingbell456's rating: 1122 &rarr; <strong>1096</strong><br />(-26 for losing)
|l|☆weepingbell456
|player|p2|
|l|☆FancypantsW8
|player|p1|
