|j|☆cokmm
|j|☆dzfjzzfdjfjd
|t:|1743793465
|gametype|singles
|player|p1|cokmm|veteran|1115
|player|p2|dzfjzzfdjfjd|265|1125
|teamsize|p1|6
|teamsize|p2|6
|gen|9
|tier|[Gen 9] OU
|rated|
|rule|HP Percentage Mod: HP is shown in percentages
|rule|Endless Battle Clause: Forcing endless battles is banned
|rule|Species Clause: Limit one of each Pokémon
|rule|OHKO Clause: OHKO moves are banned
|rule|Evasion Items Clause: Evasion items are banned
|rule|Evasion Moves Clause: Evasion moves are banned
|rule|Sleep Moves Clause: Sleep-inducing moves are banned
|clearpoke
|poke|p1|Torkoal, M|
|poke|p1|Scovillain, M|
|poke|p1|Hattrem, F|
|poke|p1|Charizard, F|
|poke|p1|Brute Bonnet|
|poke|p1|Whimsicott, M|
|poke|p2|Ceruledge, M|
|poke|p2|Ninetales, F|
|poke|p2|Leavanny, F|
|poke|p2|Great Tusk|
|poke|p2|Raging Bolt|
|poke|p2|Walking Wake|
|teampreview
|
|t:|1743793477
|start
|switch|p1a: Torkoal|Torkoal, M|100/100
|switch|p2a: Great Tusk|Great Tusk|100/100
|-weather|SunnyDay|[from] ability: Drought|[of] p1a: Torkoal
|-activate|p2a: Great Tusk|ability: Protosynthesis
|-start|p2a: Great Tusk|protosynthesisatk
|turn|1
|
|t:|1743793493
|-terastallize|p1a: Torkoal|Fighting
|move|p2a: Great Tusk|Headlong Rush|p1a: Torkoal
|-damage|p1a: Torkoal|53/100
|-unboost|p2a: Great Tusk|def|1
|-unboost|p2a: Great Tusk|spd|1
|move|p1a: Torkoal|Body Press|p2a: Great Tusk
|-damage|p2a: Great Tusk|46/100
|
|-weather|SunnyDay|[upkeep]
|upkeep
|turn|2
|
|t:|1743793505
|-end|p2a: Great Tusk|Protosynthesis|[silent]
|switch|p2a: Ceruledge|Ceruledge, M|100/100
|move|p1a: Torkoal|Body Press|p2a: Ceruledge
|-immune|p2a: Ceruledge
|
|-weather|SunnyDay|[upkeep]
|upkeep
|turn|3
|
|t:|1743793523
|switch|p1a: Brute Bonnet|Brute Bonnet|100/100
|-activate|p1a: Brute Bonnet|ability: Protosynthesis
|-start|p1a: Brute Bonnet|protosynthesisatk
|move|p2a: Ceruledge|Swords Dance|p2a: Ceruledge
|-boost|p2a: Ceruledge|atk|2
|
|-weather|SunnyDay|[upkeep]
|upkeep
|turn|4
|
|t:|1743793534
|move|p1a: Brute Bonnet|Sucker Punch|p2a: Ceruledge
|-supereffective|p2a: Ceruledge
|-enditem|p2a: Ceruledge|Focus Sash
|-damage|p2a: Ceruledge|1/100
|-ability|p2a: Ceruledge|Weak Armor|boost
|-unboost|p2a: Ceruledge|def|1
|-boost|p2a: Ceruledge|spe|2
|-damage|p1a: Brute Bonnet|91/100|[from] item: Life Orb
|move|p2a: Ceruledge|Bitter Blade|p1a: Brute Bonnet
|-supereffective|p1a: Brute Bonnet
|-damage|p1a: Brute Bonnet|0 fnt
|-heal|p2a: Ceruledge|57/100|[from] drain|[of] p1a: Brute Bonnet
|faint|p1a: Brute Bonnet
|-end|p1a: Brute Bonnet|Protosynthesis|[silent]
|
|-weather|SunnyDay|[upkeep]
|upkeep
|
|t:|1743793555
|switch|p1a: Hattrem|Hattrem, F|100/100
|turn|5
|inactive|Battle timer is ON: inactive players will automatically lose when time's up. (requested by dzfjzzfdjfjd)
|
|t:|1743793567
|move|p2a: Ceruledge|Bitter Blade|p1a: Hattrem
|-damage|p1a: Hattrem|0 fnt
|-heal|p2a: Ceruledge|100/100|[from] drain|[of] p1a: Hattrem
|faint|p1a: Hattrem
|
|-weather|SunnyDay|[upkeep]
|upkeep
|
|t:|1743793576
|switch|p1a: Charizard|Charizard, F|100/100
|turn|6
|
|t:|1743793586
|move|p2a: Ceruledge|Bitter Blade|p1a: Charizard
|-resisted|p1a: Charizard
|-damage|p1a: Charizard|0 fnt
|faint|p1a: Charizard
|
|-weather|SunnyDay|[upkeep]
|upkeep
|
|t:|1743793594
|switch|p1a: Scovillain|Scovillain, M|100/100
|turn|7
|
|t:|1743793598
|move|p1a: Scovillain|Stomping Tantrum|p2a: Ceruledge
|-supereffective|p2a: Ceruledge
|-damage|p2a: Ceruledge|3/100
|-ability|p2a: Ceruledge|Weak Armor|boost
|-unboost|p2a: Ceruledge|def|1
|-boost|p2a: Ceruledge|spe|2
|-damage|p1a: Scovillain|91/100|[from] item: Life Orb
|move|p2a: Ceruledge|Bitter Blade|p1a: Scovillain
|-damage|p1a: Scovillain|0 fnt
|-heal|p2a: Ceruledge|45/100|[from] drain|[of] p1a: Scovillain
|faint|p1a: Scovillain
|
|-weather|SunnyDay|[upkeep]
|upkeep
|
|t:|1743793614
|switch|p1a: Torkoal|Torkoal, M, tera:Fighting|53/100
|turn|8
|
|t:|1743793622
|-terastallize|p2a: Ceruledge|Grass
|move|p2a: Ceruledge|Solar Blade||[still]
|-prepare|p2a: Ceruledge|Solar Blade
|-anim|p2a: Ceruledge|Solar Blade|p1a: Torkoal
|-damage|p1a: Torkoal|0 fnt
|faint|p1a: Torkoal
|
|-weather|none
|upkeep
|
|t:|1743793632
|switch|p1a: Whimsicott|Whimsicott, M|100/100
|turn|9
|
|t:|1743793638
|move|p2a: Ceruledge|Shadow Sneak|p1a: Whimsicott
|-damage|p1a: Whimsicott|39/100
|move|p1a: Whimsicott|Moonblast|p2a: Ceruledge
|-damage|p2a: Ceruledge|0 fnt
|faint|p2a: Ceruledge
|
|upkeep
|
|t:|1743793644
|switch|p2a: Leavanny|Leavanny, F|100/100
|turn|10
|
|t:|1743793648
|move|p1a: Whimsicott|Moonblast|p2a: Leavanny
|-damage|p2a: Leavanny|6/100
|move|p2a: Leavanny|Triple Axel|p1a: Whimsicott|[miss]
|-miss|p2a: Leavanny|p1a: Whimsicott
|
|upkeep
|turn|11
|
|t:|1743793655
|move|p1a: Whimsicott|Moonblast|p2a: Leavanny
|-damage|p2a: Leavanny|0 fnt
|faint|p2a: Leavanny
|
|upkeep
|
|t:|1743793658
|switch|p2a: Ninetales|Ninetales, F|100/100
|-weather|SunnyDay|[from] ability: Drought|[of] p2a: Ninetales
|turn|12
|
|t:|1743793664
|move|p1a: Whimsicott|Moonblast|p2a: Ninetales
|-resisted|p2a: Ninetales
|-damage|p2a: Ninetales|70/100
|move|p2a: Ninetales|Weather Ball|p1a: Whimsicott
|-supereffective|p1a: Whimsicott
|-damage|p1a: Whimsicott|0 fnt
|faint|p1a: Whimsicott
|
|win|dzfjzzfdjfjd
|raw|cokmm's rating: 1115 &rarr; <strong>1091</strong><br />(-24 for losing)
|raw|dzfjzzfdjfjd's rating: 1125 &rarr; <strong>1149</strong><br />(+24 for winning)
|l|☆cokmm
|player|p1|
|l|☆dzfjzzfdjfjd
|player|p2|
