|j|☆andy miloknockis
|j|☆sloppy beans
|t:|1743868142
|gametype|singles
|player|p1|andy miloknockis|flannery|1303
|player|p2|sloppy beans|1|1277
|teamsize|p1|6
|teamsize|p2|6
|gen|9
|tier|[Gen 9] OU
|rated|
|rule|HP Percentage Mod: HP is shown in percentages
|rule|Endless Battle Clause: Forcing endless battles is banned
|rule|Species Clause: Limit one of each Pokémon
|rule|OHKO Clause: OHKO moves are banned
|rule|Evasion Items Clause: Evasion items are banned
|rule|Evasion Moves Clause: Evasion moves are banned
|rule|Sleep Moves Clause: Sleep-inducing moves are banned
|clearpoke
|poke|p1|Scizor, F|
|poke|p1|Grafaiai, F|
|poke|p1|Gholdengo|
|poke|p1|Ting-Lu|
|poke|p1|Volcanion|
|poke|p1|Electivire, F|
|poke|p2|Kyurem|
|poke|p2|Garganacl, F|
|poke|p2|Gliscor, M|
|poke|p2|Slowking-Galar, F|
|poke|p2|Moltres|
|poke|p2|Primarina, F|
|teampreview
|inactive|Battle timer is ON: inactive players will automatically lose when time's up. (requested by sloppy beans)
|
|t:|1743868171
|start
|switch|p1a: Ting-Lu|Ting-Lu|100/100
|switch|p2a: Gliscor|Gliscor, M|100/100
|-ability|p1a: Ting-Lu|Vessel of Ruin
|turn|1
|
|t:|1743868174
|move|p2a: Gliscor|Toxic|p1a: Ting-Lu
|-status|p1a: Ting-Lu|tox
|move|p1a: Ting-Lu|Stealth Rock|p2a: Gliscor
|-sidestart|p2: sloppy beans|move: Stealth Rock
|
|-damage|p1a: Ting-Lu|94/100 tox|[from] psn
|-status|p2a: Gliscor|tox|[from] item: Toxic Orb
|upkeep
|turn|2
|
|t:|1743868180
|move|p2a: Gliscor|Earthquake|p1a: Ting-Lu
|-damage|p1a: Ting-Lu|80/100 tox
|move|p1a: Ting-Lu|Spikes|p2a: Gliscor
|-sidestart|p2: sloppy beans|Spikes
|
|-damage|p1a: Ting-Lu|68/100 tox|[from] psn
|upkeep
|turn|3
|
|t:|1743868186
|move|p2a: Gliscor|U-turn|p1a: Ting-Lu
|-supereffective|p1a: Ting-Lu
|-damage|p1a: Ting-Lu|55/100 tox
|
|t:|1743868190
|switch|p2a: Kyurem|Kyurem|100/100|[from] U-turn
|-ability|p2a: Kyurem|Pressure
|move|p1a: Ting-Lu|Spikes|p2a: Kyurem
|-sidestart|p2: sloppy beans|Spikes
|
|-damage|p1a: Ting-Lu|36/100 tox|[from] psn
|upkeep
|turn|4
|
|t:|1743868194
|move|p2a: Kyurem|Icicle Spear|p1a: Ting-Lu
|-supereffective|p1a: Ting-Lu
|-damage|p1a: Ting-Lu|25/100 tox
|-supereffective|p1a: Ting-Lu
|-damage|p1a: Ting-Lu|15/100 tox
|-hitcount|p1a: Ting-Lu|2
|move|p1a: Ting-Lu|Whirlwind|p2a: Kyurem
|drag|p2a: Primarina|Primarina, F|100/100
|-damage|p2a: Primarina|88/100|[from] Stealth Rock
|-damage|p2a: Primarina|72/100|[from] Spikes
|
|-heal|p2a: Primarina|78/100|[from] item: Leftovers
|-damage|p1a: Ting-Lu|0 fnt|[from] psn
|faint|p1a: Ting-Lu
|upkeep
|
|t:|1743868199
|switch|p1a: Electivire|Electivire, F|100/100
|-item|p1a: Electivire|Air Balloon
|turn|5
|
|t:|1743868207
|move|p1a: Electivire|Knock Off|p2a: Primarina
|-resisted|p2a: Primarina
|-damage|p2a: Primarina|54/100
|-enditem|p2a: Primarina|Leftovers|[from] move: Knock Off|[of] p1a: Electivire
|move|p2a: Primarina|Moonblast|p1a: Electivire
|-damage|p1a: Electivire|25/100
|-enditem|p1a: Electivire|Air Balloon
|
|upkeep
|turn|6
|
|t:|1743868212
|move|p1a: Electivire|Knock Off|p2a: Primarina
|-resisted|p2a: Primarina
|-damage|p2a: Primarina|39/100
|move|p2a: Primarina|Moonblast|p1a: Electivire
|-damage|p1a: Electivire|0 fnt
|faint|p1a: Electivire
|
|upkeep
|
|t:|1743868216
|switch|p1a: Scizor|Scizor, F|100/100
|turn|7
|
|t:|1743868220
|move|p2a: Primarina|Surf|p1a: Scizor
|-damage|p1a: Scizor|39/100
|move|p1a: Scizor|Swords Dance|p1a: Scizor
|-boost|p1a: Scizor|atk|2
|
|upkeep
|turn|8
|
|t:|1743868224
|move|p1a: Scizor|Bullet Punch|p2a: Primarina
|-damage|p2a: Primarina|0 fnt
|faint|p2a: Primarina
|
|upkeep
|
|t:|1743868226
|switch|p2a: Moltres|Moltres|100/100
|turn|9
|
|t:|1743868231
|switch|p1a: Volcanion|Volcanion|100/100
|move|p2a: Moltres|Flamethrower|p1a: Volcanion
|-resisted|p1a: Volcanion
|-damage|p1a: Volcanion|91/100
|
|upkeep
|turn|10
|
|t:|1743868237
|switch|p2a: Slowking|Slowking-Galar, F|100/100
|move|p1a: Volcanion|Steam Eruption|p2a: Slowking
|-damage|p2a: Slowking|74/100
|
|upkeep
|turn|11
|
|t:|1743868243
|move|p1a: Volcanion|Steam Eruption|p2a: Slowking
|-damage|p2a: Slowking|45/100
|move|p2a: Slowking|Future Sight|p1a: Volcanion
|-start|p2a: Slowking|move: Future Sight
|
|upkeep
|turn|12
|
|t:|1743868248
|move|p1a: Volcanion|Steam Eruption|p2a: Slowking
|-damage|p2a: Slowking|17/100
|-prepare|p2a: Slowking|Chilly Reception|[premajor]
|move|p2a: Slowking|Chilly Reception|p2a: Slowking
|-weather|Snowscape
|
|t:|1743868271
|switch|p2a: Kyurem|Kyurem|100/100|[from] Chilly Reception
|-ability|p2a: Kyurem|Pressure
|
|-weather|Snowscape|[upkeep]
|upkeep
|turn|13
|inactive|andy miloknockis has 120 seconds left.
|
|t:|1743868327
|move|p2a: Kyurem|Earth Power|p1a: Volcanion
|-supereffective|p1a: Volcanion
|-damage|p1a: Volcanion|34/100
|move|p1a: Volcanion|Roar|p2a: Kyurem
|drag|p2a: Gliscor|Gliscor, M|100/100 tox
|-damage|p2a: Gliscor|88/100 tox|[from] Stealth Rock
|
|-weather|Snowscape|[upkeep]
|-end|p1a: Volcanion|move: Future Sight
|-damage|p1a: Volcanion|0 fnt
|faint|p1a: Volcanion
|-heal|p2a: Gliscor|100/100 tox|[from] ability: Poison Heal
|upkeep
|
|t:|1743868333
|switch|p1a: Gholdengo|Gholdengo|100/100
|-item|p1a: Gholdengo|Air Balloon
|turn|14
|
|t:|1743868342
|move|p2a: Gliscor|U-turn|p1a: Gholdengo
|-resisted|p1a: Gholdengo
|-damage|p1a: Gholdengo|98/100
|-enditem|p1a: Gholdengo|Air Balloon
|
|t:|1743868350
|switch|p2a: Slowking|Slowking-Galar, F|50/100|[from] U-turn
|move|p1a: Gholdengo|Hex|p2a: Slowking
|-supereffective|p2a: Slowking
|-damage|p2a: Slowking|19/100
|
|-weather|Snowscape|[upkeep]
|upkeep
|turn|15
|
|t:|1743868367
|move|p1a: Gholdengo|Hex|p2a: Slowking
|-supereffective|p2a: Slowking
|-damage|p2a: Slowking|0 fnt
|faint|p2a: Slowking
|
|-weather|Snowscape|[upkeep]
|upkeep
|
|t:|1743868374
|switch|p2a: Moltres|Moltres|100/100
|turn|16
|
|t:|1743868395
|move|p2a: Moltres|Flamethrower|p1a: Gholdengo
|-supereffective|p1a: Gholdengo
|-damage|p1a: Gholdengo|23/100
|move|p1a: Gholdengo|Thunder Wave|p2a: Moltres
|-status|p2a: Moltres|par
|
|-weather|none
|upkeep
|turn|17
|
|t:|1743868401
|move|p1a: Gholdengo|Hex|p2a: Moltres
|-damage|p2a: Moltres|45/100 par
|cant|p2a: Moltres|par
|
|upkeep
|turn|18
|
|t:|1743868408
|switch|p2a: Garganacl|Garganacl, F|100/100
|-damage|p2a: Garganacl|88/100|[from] Stealth Rock
|-damage|p2a: Garganacl|72/100|[from] Spikes
|move|p1a: Gholdengo|Hex|p2a: Garganacl
|-damage|p2a: Garganacl|62/100
|
|-heal|p2a: Garganacl|68/100|[from] item: Leftovers
|upkeep
|turn|19
|
|t:|1743868423
|switch|p1a: Grafaiai|Grafaiai, F|100/100
|move|p2a: Garganacl|Salt Cure|p1a: Grafaiai
|-damage|p1a: Grafaiai|80/100
|-start|p1a: Grafaiai|Salt Cure
|
|-heal|p2a: Garganacl|74/100|[from] item: Leftovers
|-damage|p1a: Grafaiai|68/100|[from] Salt Cure
|upkeep
|turn|20
|inactive|andy miloknockis has 120 seconds left.
|
|t:|1743868447
|move|p1a: Grafaiai|Copycat|p1a: Grafaiai
|move|p1a: Grafaiai|Salt Cure|p2a: Garganacl|[from] move: Copycat
|-damage|p2a: Garganacl|65/100
|-start|p2a: Garganacl|Salt Cure
|move|p2a: Garganacl|Recover|p2a: Garganacl
|-heal|p2a: Garganacl|100/100
|
|-damage|p1a: Grafaiai|56/100|[from] Salt Cure
|-damage|p2a: Garganacl|88/100|[from] Salt Cure
|upkeep
|turn|21
|
|t:|1743868454
|switch|p2a: Gliscor|Gliscor, M|100/100 tox
|-damage|p2a: Gliscor|88/100 tox|[from] Stealth Rock
|move|p1a: Grafaiai|Copycat|p1a: Grafaiai
|move|p1a: Grafaiai|Recover|p1a: Grafaiai|[from] move: Copycat
|-heal|p1a: Grafaiai|100/100
|
|-heal|p2a: Gliscor|100/100 tox|[from] ability: Poison Heal
|-damage|p1a: Grafaiai|88/100|[from] Salt Cure
|upkeep
|turn|22
|
|t:|1743868473
|switch|p1a: Gholdengo|Gholdengo|23/100
|move|p2a: Gliscor|Earthquake|p1a: Gholdengo
|-supereffective|p1a: Gholdengo
|-damage|p1a: Gholdengo|0 fnt
|faint|p1a: Gholdengo
|
|upkeep
|
|t:|1743868475
|switch|p1a: Scizor|Scizor, F|39/100
|turn|23
|
|t:|1743868483
|move|p2a: Gliscor|U-turn|p1a: Scizor
|-resisted|p1a: Scizor
|-damage|p1a: Scizor|32/100
|
|t:|1743868484
|switch|p2a: Moltres|Moltres|45/100 par|[from] U-turn
|move|p1a: Scizor|Swords Dance|p1a: Scizor
|-boost|p1a: Scizor|atk|2
|
|upkeep
|turn|24
|
|t:|1743868491
|move|p1a: Scizor|Knock Off|p2a: Moltres
|-damage|p2a: Moltres|0 fnt
|-enditem|p2a: Moltres|Heavy-Duty Boots|[from] move: Knock Off|[of] p1a: Scizor
|faint|p2a: Moltres
|
|upkeep
|
|t:|1743868503
|switch|p2a: Gliscor|Gliscor, M|100/100 tox
|-damage|p2a: Gliscor|88/100 tox|[from] Stealth Rock
|turn|25
|
|t:|1743868521
|-terastallize|p2a: Gliscor|Water
|move|p1a: Scizor|Bullet Punch|p2a: Gliscor
|-resisted|p2a: Gliscor
|-damage|p2a: Gliscor|61/100 tox
|move|p2a: Gliscor|Earthquake|p1a: Scizor
|-damage|p1a: Scizor|0 fnt
|faint|p1a: Scizor
|
|-heal|p2a: Gliscor|73/100 tox|[from] ability: Poison Heal
|upkeep
|
|t:|1743868523
|switch|p1a: Grafaiai|Grafaiai, F|88/100
|turn|26
|-message|andy miloknockis forfeited.
|
|win|sloppy beans
|raw|andy miloknockis's rating: 1311 &rarr; <strong>1289</strong><br />(-22 for losing)
|raw|sloppy beans's rating: 1277 &rarr; <strong>1304</strong><br />(+27 for winning)
|l|☆andy miloknockis
|player|p1|
