|j|☆ouku tommy
|j|☆o magoooo
|t:|1743854353
|gametype|singles
|player|p1|ouku tommy|2|1738
|player|p2|o magoooo|will|1847
|teamsize|p1|6
|teamsize|p2|6
|gen|9
|tier|[Gen 9] OU
|rated|
|rule|HP Percentage Mod: HP is shown in percentages
|rule|Endless Battle Clause: Forcing endless battles is banned
|rule|Species Clause: Limit one of each Pokémon
|rule|OHKO Clause: OHKO moves are banned
|rule|Evasion Items Clause: Evasion items are banned
|rule|Evasion Moves Clause: Evasion moves are banned
|rule|Sleep Moves Clause: Sleep-inducing moves are banned
|clearpoke
|poke|p1|Thundurus, M|
|poke|p1|Hatterene, F|
|poke|p1|Gallade, M|
|poke|p1|Latias, F|
|poke|p1|Rotom-Wash|
|poke|p1|Zamazenta-*|
|poke|p2|Weavile, M|
|poke|p2|Gholdengo|
|poke|p2|Iron Valiant|
|poke|p2|Dragapult, M|
|poke|p2|Zapdos|
|poke|p2|Ting-Lu|
|teampreview
|inactive|Battle timer is ON: inactive players will automatically lose when time's up. (requested by ouku tommy)
|j| YALLLLLL
|
|t:|1743854378
|start
|switch|p1a: Rotom|Rotom-Wash|100/100
|switch|p2a: Dragapult|Dragapult, M|100/100
|turn|1
|
|t:|1743854384
|move|p2a: Dragapult|Substitute|p2a: Dragapult
|-start|p2a: Dragapult|Substitute
|-damage|p2a: Dragapult|76/100
|move|p1a: Rotom|Thunder Wave||[still]
|-fail|p1a: Rotom
|
|upkeep
|turn|2
|
|t:|1743854389
|move|p2a: Dragapult|Will-O-Wisp|p1a: Rotom
|-status|p1a: Rotom|brn
|move|p1a: Rotom|Volt Switch|p2a: Dragapult
|-resisted|p2a: Dragapult
|-activate|p2a: Dragapult|move: Substitute|[damage]
|
|t:|1743854398
|switch|p1a: Latias|Latias, F|100/100|[from] Volt Switch
|
|upkeep
|turn|3
|
|t:|1743854403
|-terastallize|p1a: Latias|Fairy
|move|p2a: Dragapult|Dragon Darts|p1a: Latias
|-immune|p1a: Latias
|move|p1a: Latias|Calm Mind|p1a: Latias
|-boost|p1a: Latias|spa|1
|-boost|p1a: Latias|spd|1
|
|upkeep
|turn|4
|
|t:|1743854412
|move|p2a: Dragapult|Will-O-Wisp|p1a: Latias
|-status|p1a: Latias|brn
|move|p1a: Latias|Draining Kiss|p2a: Dragapult
|-supereffective|p2a: Dragapult
|-end|p2a: Dragapult|Substitute
|
|-damage|p1a: Latias|94/100 brn|[from] brn
|upkeep
|turn|5
|
|t:|1743854423
|switch|p2a: Ting-Lu|Ting-Lu|100/100
|-ability|p2a: Ting-Lu|Vessel of Ruin
|move|p1a: Latias|Mist Ball|p2a: Ting-Lu
|-immune|p2a: Ting-Lu
|
|-heal|p1a: Latias|100/100 brn|[from] item: Leftovers
|-damage|p1a: Latias|94/100 brn|[from] brn
|upkeep
|turn|6
|
|t:|1743854430
|move|p1a: Latias|Draining Kiss|p2a: Ting-Lu
|-supereffective|p2a: Ting-Lu
|-crit|p2a: Ting-Lu
|-damage|p2a: Ting-Lu|57/100
|-heal|p1a: Latias|100/100 brn|[from] drain|[of] p2a: Ting-Lu
|-enditem|p2a: Ting-Lu|Red Card|[of] p1a: Latias
|drag|p1a: Gallade|Gallade, M|100/100
|move|p2a: Ting-Lu|Stealth Rock|p1a: Gallade
|-sidestart|p1: ouku tommy|move: Stealth Rock
|
|upkeep
|turn|7
|
|t:|1743854447
|switch|p2a: Zapdos|Zapdos|100/100
|move|p1a: Gallade|Sacred Sword|p2a: Zapdos
|-resisted|p2a: Zapdos
|-damage|p2a: Zapdos|63/100
|-damage|p1a: Gallade|91/100|[from] item: Life Orb
|
|upkeep
|turn|8
|
|t:|1743854455
|move|p2a: Zapdos|Hurricane|p1a: Gallade
|-supereffective|p1a: Gallade
|-damage|p1a: Gallade|0 fnt
|faint|p1a: Gallade
|
|upkeep
|
|t:|1743854463
|switch|p1a: Latias|Latias, F, tera:Fairy|100/100 brn
|-damage|p1a: Latias|88/100 brn|[from] Stealth Rock
|turn|9
|
|t:|1743854470
|switch|p2a: Ting-Lu|Ting-Lu|57/100
|-ability|p2a: Ting-Lu|Vessel of Ruin
|move|p1a: Latias|Calm Mind|p1a: Latias
|-boost|p1a: Latias|spa|1
|-boost|p1a: Latias|spd|1
|
|-heal|p1a: Latias|94/100 brn|[from] item: Leftovers
|-damage|p1a: Latias|88/100 brn|[from] brn
|upkeep
|turn|10
|
|t:|1743854476
|move|p1a: Latias|Draining Kiss|p2a: Ting-Lu
|-supereffective|p2a: Ting-Lu
|-damage|p2a: Ting-Lu|31/100
|-heal|p1a: Latias|100/100 brn|[from] drain|[of] p2a: Ting-Lu
|move|p2a: Ting-Lu|Spikes|p1a: Latias
|-sidestart|p1: ouku tommy|Spikes
|
|-damage|p1a: Latias|94/100 brn|[from] brn
|upkeep
|turn|11
|
|t:|1743854483
|move|p1a: Latias|Draining Kiss|p2a: Ting-Lu
|-supereffective|p2a: Ting-Lu
|-damage|p2a: Ting-Lu|4/100
|-heal|p1a: Latias|100/100 brn|[from] drain|[of] p2a: Ting-Lu
|move|p2a: Ting-Lu|Whirlwind|p1a: Latias
|drag|p1a: Rotom|Rotom-Wash|100/100 brn
|-damage|p1a: Rotom|88/100 brn|[from] Stealth Rock
|
|-heal|p1a: Rotom|94/100 brn|[from] item: Leftovers
|-damage|p1a: Rotom|88/100 brn|[from] brn
|upkeep
|turn|12
|
|t:|1743854492
|move|p1a: Rotom|Hydro Pump|p2a: Ting-Lu
|-supereffective|p2a: Ting-Lu
|-damage|p2a: Ting-Lu|0 fnt
|faint|p2a: Ting-Lu
|
|-heal|p1a: Rotom|94/100 brn|[from] item: Leftovers
|-damage|p1a: Rotom|88/100 brn|[from] brn
|upkeep
|
|t:|1743854495
|switch|p2a: Dragapult|Dragapult, M|76/100
|turn|13
|
|t:|1743854498
|move|p2a: Dragapult|Substitute|p2a: Dragapult
|-start|p2a: Dragapult|Substitute
|-damage|p2a: Dragapult|51/100
|move|p1a: Rotom|Volt Switch|p2a: Dragapult
|-resisted|p2a: Dragapult
|-activate|p2a: Dragapult|move: Substitute|[damage]
|
|t:|1743854501
|switch|p1a: Latias|Latias, F, tera:Fairy|100/100 brn|[from] Volt Switch
|-damage|p1a: Latias|88/100 brn|[from] Stealth Rock
|
|-heal|p1a: Latias|94/100 brn|[from] item: Leftovers
|-damage|p1a: Latias|88/100 brn|[from] brn
|upkeep
|turn|14
|
|t:|1743854504
|move|p2a: Dragapult|Hex|p1a: Latias
|-damage|p1a: Latias|48/100 brn
|move|p1a: Latias|Draining Kiss|p2a: Dragapult
|-supereffective|p2a: Dragapult
|-end|p2a: Dragapult|Substitute
|-heal|p1a: Latias|54/100 brn|[from] drain|[of] p2a: Dragapult
|
|-heal|p1a: Latias|60/100 brn|[from] item: Leftovers
|-damage|p1a: Latias|54/100 brn|[from] brn
|upkeep
|turn|15
|
|t:|1743854509
|switch|p2a: Gholdengo|Gholdengo|100/100
|move|p1a: Latias|Recover|p1a: Latias
|-heal|p1a: Latias|100/100 brn
|
|-damage|p1a: Latias|94/100 brn|[from] brn
|upkeep
|turn|16
|j| fl2124
|
|t:|1743854520
|switch|p1a: Thundurus|Thundurus, M|100/100
|move|p2a: Gholdengo|Psyshock|p1a: Thundurus
|-damage|p1a: Thundurus|61/100
|
|upkeep
|turn|17
|
|t:|1743854528
|move|p1a: Thundurus|Knock Off|p2a: Gholdengo
|-supereffective|p2a: Gholdengo
|-damage|p2a: Gholdengo|52/100
|-enditem|p2a: Gholdengo|Shuca Berry|[from] move: Knock Off|[of] p1a: Thundurus
|move|p2a: Gholdengo|Psyshock|p1a: Thundurus
|-damage|p1a: Thundurus|25/100
|
|upkeep
|turn|18
|
|t:|1743854537
|move|p1a: Thundurus|Volt Switch|p2a: Gholdengo
|-damage|p2a: Gholdengo|21/100
|
|t:|1743854545
|switch|p1a: Rotom|Rotom-Wash|88/100 brn|[from] Volt Switch
|-damage|p1a: Rotom|75/100 brn|[from] Stealth Rock
|move|p2a: Gholdengo|Recover|p2a: Gholdengo
|-heal|p2a: Gholdengo|71/100
|
|-heal|p1a: Rotom|82/100 brn|[from] item: Leftovers
|-damage|p1a: Rotom|75/100 brn|[from] brn
|upkeep
|turn|19
|
|t:|1743854552
|move|p2a: Gholdengo|Recover|p2a: Gholdengo
|-heal|p2a: Gholdengo|100/100
|move|p1a: Rotom|Hydro Pump|p2a: Gholdengo
|-damage|p2a: Gholdengo|58/100
|
|-heal|p1a: Rotom|82/100 brn|[from] item: Leftovers
|-damage|p1a: Rotom|75/100 brn|[from] brn
|upkeep
|turn|20
|
|t:|1743854557
|move|p2a: Gholdengo|Recover|p2a: Gholdengo
|-heal|p2a: Gholdengo|100/100
|move|p1a: Rotom|Volt Switch|p2a: Gholdengo
|-damage|p2a: Gholdengo|76/100
|
|t:|1743854560
|switch|p1a: Zamazenta|Zamazenta|100/100|[from] Volt Switch
|-damage|p1a: Zamazenta|95/100|[from] Stealth Rock
|-damage|p1a: Zamazenta|82/100|[from] Spikes
|-ability|p1a: Zamazenta|Dauntless Shield|boost
|-boost|p1a: Zamazenta|def|1
|
|upkeep
|turn|21
|
|t:|1743854570
|switch|p2a: Zapdos|Zapdos|63/100
|move|p1a: Zamazenta|Howl|p1a: Zamazenta
|-boost|p1a: Zamazenta|atk|1
|
|upkeep
|turn|22
|
|t:|1743854577
|move|p1a: Zamazenta|Crunch|p2a: Zapdos
|-damage|p2a: Zapdos|30/100
|move|p2a: Zapdos|Discharge|p1a: Zamazenta
|-damage|p1a: Zamazenta|53/100
|-status|p1a: Zamazenta|par
|
|upkeep
|turn|23
|
|t:|1743854583
|move|p2a: Zapdos|Hurricane|p1a: Zamazenta|[miss]
|-miss|p2a: Zapdos|p1a: Zamazenta
|move|p1a: Zamazenta|Crunch|p2a: Zapdos
|-damage|p2a: Zapdos|0 fnt
|faint|p2a: Zapdos
|
|upkeep
|
|t:|1743854588
|switch|p2a: Dragapult|Dragapult, M|51/100
|turn|24
|
|t:|1743854598
|move|p2a: Dragapult|Substitute|p2a: Dragapult
|-start|p2a: Dragapult|Substitute
|-damage|p2a: Dragapult|26/100
|move|p1a: Zamazenta|Crunch|p2a: Dragapult
|-supereffective|p2a: Dragapult
|-end|p2a: Dragapult|Substitute
|
|upkeep
|turn|25
|
|t:|1743854604
|move|p2a: Dragapult|Substitute|p2a: Dragapult
|-start|p2a: Dragapult|Substitute
|-damage|p2a: Dragapult|1/100
|cant|p1a: Zamazenta|par
|
|upkeep
|turn|26
|
|t:|1743854609
|-terastallize|p2a: Dragapult|Ghost
|move|p2a: Dragapult|Hex|p1a: Zamazenta
|-damage|p1a: Zamazenta|0 fnt
|faint|p1a: Zamazenta
|
|upkeep
|inactive|ouku tommy has 120 seconds left.
|
|t:|1743854639
|switch|p1a: Latias|Latias, F, tera:Fairy|94/100 brn
|-damage|p1a: Latias|82/100 brn|[from] Stealth Rock
|turn|27
|
|t:|1743854642
|move|p2a: Dragapult|Hex|p1a: Latias
|-damage|p1a: Latias|28/100 brn
|move|p1a: Latias|Draining Kiss|p2a: Dragapult
|-end|p2a: Dragapult|Substitute
|-heal|p1a: Latias|45/100 brn|[from] drain|[of] p2a: Dragapult
|
|-heal|p1a: Latias|51/100 brn|[from] item: Leftovers
|-damage|p1a: Latias|45/100 brn|[from] brn
|upkeep
|turn|28
|
|t:|1743854659
|switch|p1a: Hatterene|Hatterene, F|100/100
|-damage|p1a: Hatterene|88/100|[from] Stealth Rock
|-damage|p1a: Hatterene|76/100|[from] Spikes
|move|p2a: Dragapult|Hex|p1a: Hatterene
|-supereffective|p1a: Hatterene
|-damage|p1a: Hatterene|0 fnt
|faint|p1a: Hatterene
|
|upkeep
|
|t:|1743854666
|switch|p1a: Rotom|Rotom-Wash|75/100 brn
|-damage|p1a: Rotom|63/100 brn|[from] Stealth Rock
|turn|29
|
|t:|1743854670
|move|p2a: Dragapult|Hex|p1a: Rotom
|-damage|p1a: Rotom|8/100 brn
|move|p1a: Rotom|Volt Switch|p2a: Dragapult
|-damage|p2a: Dragapult|0 fnt
|faint|p2a: Dragapult
|
|t:|1743854675
|switch|p1a: Latias|Latias, F, tera:Fairy|45/100 brn|[from] Volt Switch
|-damage|p1a: Latias|32/100 brn|[from] Stealth Rock
|
|-heal|p1a: Latias|38/100 brn|[from] item: Leftovers
|-damage|p1a: Latias|32/100 brn|[from] brn
|upkeep
|
|t:|1743854678
|switch|p2a: Gholdengo|Gholdengo|76/100
|turn|30
|
|t:|1743854705
|move|p1a: Latias|Recover|p1a: Latias
|-heal|p1a: Latias|82/100 brn
|move|p2a: Gholdengo|Make It Rain|p1a: Latias
|-supereffective|p1a: Latias
|-damage|p1a: Latias|0 fnt
|-unboost|p2a: Gholdengo|spa|1
|faint|p1a: Latias
|
|upkeep
|
|t:|1743854715
|switch|p1a: Thundurus|Thundurus, M|25/100
|turn|31
|
|t:|1743854718
|move|p1a: Thundurus|Knock Off|p2a: Gholdengo
|-supereffective|p2a: Gholdengo
|-damage|p2a: Gholdengo|48/100
|move|p2a: Gholdengo|Recover|p2a: Gholdengo
|-heal|p2a: Gholdengo|98/100
|
|upkeep
|turn|32
|-message|ouku tommy forfeited.
|
|win|o magoooo
|raw|ouku tommy's rating: 1738 &rarr; <strong>1724</strong><br />(-14 for losing)
|raw|o magoooo's rating: 1847 &rarr; <strong>1861</strong><br />(+14 for winning)
|l|☆ouku tommy
|player|p1|
|l| fl2124
|l|☆o magoooo
|player|p2|
|j|☆o magoooo
|player|p2|o magoooo|will|
