|j|☆Ruler of the Sand
|j|☆Dumbluck23
|t:|1743912475
|gametype|singles
|player|p1|Ruler of the Sand|marshal|1252
|player|p2|Dumbluck23|skyla|1241
|teamsize|p1|6
|teamsize|p2|6
|gen|9
|tier|[Gen 9] OU
|rated|
|rule|HP Percentage Mod: HP is shown in percentages
|rule|Endless Battle Clause: Forcing endless battles is banned
|rule|Species Clause: Limit one of each Pokémon
|rule|OHKO Clause: OHKO moves are banned
|rule|Evasion Items Clause: Evasion items are banned
|rule|Evasion Moves Clause: Evasion moves are banned
|rule|Sleep Moves Clause: Sleep-inducing moves are banned
|clearpoke
|poke|p1|Hippowdon, M|
|poke|p1|Tyranitar, M|
|poke|p1|Garganacl, M|
|poke|p1|Quagsire, M|
|poke|p1|Excadrill, F|
|poke|p1|Landorus-Therian, M|
|poke|p2|Clefable, M|
|poke|p2|Armarouge, M|
|poke|p2|Moltres-Galar|
|poke|p2|Garganacl, F|
|poke|p2|Gliscor, F|
|poke|p2|Hatterene, F|
|teampreview
|inactive|Battle timer is ON: inactive players will automatically lose when time's up. (requested by Ruler of the Sand)
|c|☆Dumbluck23|gl hf
|
|t:|1743912487
|start
|switch|p1a: Tyranitar|Tyranitar, M|100/100
|switch|p2a: Garganacl|Garganacl, F|100/100
|-weather|Sandstorm|[from] ability: Sand Stream|[of] p1a: Tyranitar
|turn|1
|
|t:|1743912509
|move|p1a: Tyranitar|Knock Off|p2a: Garganacl
|-damage|p2a: Garganacl|69/100
|-damage|p1a: Tyranitar|84/100|[from] item: Rocky Helmet|[of] p2a: Garganacl
|-enditem|p2a: Garganacl|Rocky Helmet|[from] move: Knock Off|[of] p1a: Tyranitar
|move|p2a: Garganacl|Body Press|p1a: Tyranitar
|-supereffective|p1a: Tyranitar
|-damage|p1a: Tyranitar|0 fnt
|faint|p1a: Tyranitar
|
|-weather|Sandstorm|[upkeep]
|upkeep
|
|t:|1743912520
|switch|p1a: Excadrill|Excadrill, F|100/100
|turn|2
|
|t:|1743912525
|-terastallize|p2a: Garganacl|Ghost
|move|p1a: Excadrill|Swords Dance|p1a: Excadrill
|-boost|p1a: Excadrill|atk|2
|move|p2a: Garganacl|Body Press|p1a: Excadrill
|-supereffective|p1a: Excadrill
|-damage|p1a: Excadrill|10/100
|
|-weather|Sandstorm|[upkeep]
|-damage|p2a: Garganacl|63/100|[from] Sandstorm
|upkeep
|turn|3
|
|t:|1743912542
|move|p1a: Excadrill|Iron Head|p2a: Garganacl
|-damage|p2a: Garganacl|0 fnt
|faint|p2a: Garganacl
|-damage|p1a: Excadrill|0 fnt|[from] item: Life Orb
|faint|p1a: Excadrill
|
|-weather|Sandstorm|[upkeep]
|upkeep
|
|t:|1743912558
|switch|p1a: Quagsire|Quagsire, M|100/100
|switch|p2a: Gliscor|Gliscor, F|100/100
|turn|4
|
|t:|1743912573
|switch|p1a: Garganacl|Garganacl, M|100/100
|move|p2a: Gliscor|Toxic|p1a: Garganacl
|-immune|p1a: Garganacl|[from] ability: Purifying Salt
|
|-weather|Sandstorm|[upkeep]
|-status|p2a: Gliscor|tox|[from] item: Toxic Orb
|upkeep
|turn|5
|
|t:|1743912582
|move|p2a: Gliscor|Knock Off|p1a: Garganacl
|-damage|p1a: Garganacl|89/100
|-damage|p2a: Gliscor|84/100 tox|[from] item: Rocky Helmet|[of] p1a: Garganacl
|-enditem|p1a: Garganacl|Rocky Helmet|[from] move: Knock Off|[of] p2a: Gliscor
|move|p1a: Garganacl|Salt Cure|p2a: Gliscor
|-damage|p2a: Gliscor|75/100 tox
|-start|p2a: Gliscor|Salt Cure
|
|-weather|none
|-heal|p2a: Gliscor|88/100 tox|[from] ability: Poison Heal
|-damage|p2a: Gliscor|75/100 tox|[from] Salt Cure
|upkeep
|turn|6
|
|t:|1743912597
|switch|p1a: Landorus|Landorus-Therian, M|100/100
|-ability|p1a: Landorus|Intimidate|boost
|-unboost|p2a: Gliscor|atk|1
|move|p2a: Gliscor|Earthquake|p1a: Landorus
|-immune|p1a: Landorus
|
|-heal|p2a: Gliscor|88/100 tox|[from] ability: Poison Heal
|-damage|p2a: Gliscor|75/100 tox|[from] Salt Cure
|upkeep
|turn|7
|
|t:|1743912607
|switch|p2a: Armarouge|Armarouge, M, shiny|100/100
|move|p1a: Landorus|Taunt|p2a: Armarouge
|-start|p2a: Armarouge|move: Taunt
|
|upkeep
|turn|8
|
|t:|1743912615
|switch|p2a: Moltres|Moltres-Galar|100/100
|move|p1a: Landorus|Stealth Rock|p2a: Moltres
|-sidestart|p2: Dumbluck23|move: Stealth Rock
|
|upkeep
|turn|9
|
|t:|1743912624
|move|p1a: Landorus|Taunt|p2a: Moltres
|-start|p2a: Moltres|move: Taunt
|move|p2a: Moltres|Ancient Power|p1a: Landorus
|-damage|p1a: Landorus|77/100
|
|upkeep
|turn|10
|inactive|Dumbluck23 has 120 seconds left.
|c|☆Ruler of the Sand|U2
|inactive|Dumbluck23 has 90 seconds left.
|inactive|Dumbluck23 has 60 seconds left.
|
|t:|1743912743
|move|p1a: Landorus|U-turn|p2a: Moltres
|-damage|p2a: Moltres|75/100
|
|t:|1743912769
|switch|p1a: Garganacl|Garganacl, M|89/100|[from] U-turn
|move|p2a: Moltres|Ancient Power|p1a: Garganacl
|-damage|p1a: Garganacl|73/100
|
|-heal|p2a: Moltres|81/100|[from] item: Leftovers
|upkeep
|turn|11
|
|t:|1743912789
|switch|p2a: Armarouge|Armarouge, M, shiny|100/100
|-damage|p2a: Armarouge|76/100|[from] Stealth Rock
|move|p1a: Garganacl|Salt Cure|p2a: Armarouge
|-supereffective|p2a: Armarouge
|-damage|p2a: Armarouge|53/100
|-start|p2a: Armarouge|Salt Cure
|-ability|p2a: Armarouge|Weak Armor|boost
|-unboost|p2a: Armarouge|def|1
|-boost|p2a: Armarouge|spe|2
|-enditem|p2a: Armarouge|Weakness Policy
|-boost|p2a: Armarouge|atk|2|[from] item: Weakness Policy
|-boost|p2a: Armarouge|spa|2|[from] item: Weakness Policy
|
|-damage|p2a: Armarouge|41/100|[from] Salt Cure
|upkeep
|turn|12
|inactive|Ruler of the Sand has 120 seconds left.
|
|t:|1743912811
|switch|p1a: Landorus|Landorus-Therian, M|77/100
|-ability|p1a: Landorus|Intimidate|boost
|-unboost|p2a: Armarouge|atk|1
|move|p2a: Armarouge|Stored Power|p1a: Landorus
|-damage|p1a: Landorus|0 fnt
|faint|p1a: Landorus
|
|-damage|p2a: Armarouge|29/100|[from] Salt Cure
|upkeep
|inactive|Ruler of the Sand has 120 seconds left.
|
|t:|1743912821
|switch|p1a: Hippowdon|Hippowdon, M|100/100
|-weather|Sandstorm|[from] ability: Sand Stream|[of] p1a: Hippowdon
|turn|13
|
|t:|1743912833
|move|p2a: Armarouge|Stored Power|p1a: Hippowdon
|-damage|p1a: Hippowdon|0 fnt
|faint|p1a: Hippowdon
|
|-weather|Sandstorm|[upkeep]
|-damage|p2a: Armarouge|22/100|[from] Sandstorm
|-damage|p2a: Armarouge|10/100|[from] Salt Cure
|upkeep
|
|t:|1743912841
|switch|p1a: Quagsire|Quagsire, M|100/100
|turn|14
|inactive|Dumbluck23 has 30 seconds left.
|inactive|Dumbluck23 has 20 seconds left.
|inactive|Dumbluck23 has 15 seconds left.
|
|t:|1743912889
|move|p1a: Quagsire|Protect|p1a: Quagsire
|-singleturn|p1a: Quagsire|Protect
|move|p2a: Armarouge|Stored Power|p1a: Quagsire
|-activate|p1a: Quagsire|move: Protect
|
|-weather|Sandstorm|[upkeep]
|-damage|p2a: Armarouge|4/100|[from] Sandstorm
|-damage|p2a: Armarouge|0 fnt|[from] Salt Cure
|faint|p2a: Armarouge
|upkeep
|inactive|Dumbluck23 has 20 seconds left this turn.
|
|t:|1743912893
|switch|p2a: Moltres|Moltres-Galar|81/100
|-damage|p2a: Moltres|56/100|[from] Stealth Rock
|turn|15
|inactive|Dumbluck23 has 30 seconds left this turn.
|
|t:|1743912903
|move|p2a: Moltres|Ancient Power|p1a: Quagsire
|-resisted|p1a: Quagsire
|-damage|p1a: Quagsire|91/100
|move|p1a: Quagsire|Toxic|p2a: Moltres
|-status|p2a: Moltres|tox
|
|-weather|Sandstorm|[upkeep]
|-damage|p2a: Moltres|50/100 tox|[from] Sandstorm
|-heal|p2a: Moltres|56/100 tox|[from] item: Leftovers
|-heal|p1a: Quagsire|97/100|[from] item: Leftovers
|-damage|p2a: Moltres|50/100 tox|[from] psn
|upkeep
|turn|16
|inactive|Dumbluck23 has 30 seconds left.
|
|t:|1743912915
|move|p2a: Moltres|Ancient Power|p1a: Quagsire
|-resisted|p1a: Quagsire
|-damage|p1a: Quagsire|85/100
|move|p1a: Quagsire|Whirlpool|p2a: Moltres
|-damage|p2a: Moltres|43/100 tox
|-activate|p2a: Moltres|move: Whirlpool|[of] p1a: Quagsire
|
|-weather|Sandstorm|[upkeep]
|-damage|p2a: Moltres|37/100 tox|[from] Sandstorm
|-heal|p2a: Moltres|43/100 tox|[from] item: Leftovers
|-heal|p1a: Quagsire|91/100|[from] item: Leftovers
|-damage|p2a: Moltres|31/100 tox|[from] psn
|-damage|p2a: Moltres|18/100 tox|[from] move: Whirlpool|[partiallytrapped]
|upkeep
|turn|17
|inactive|Dumbluck23 has 30 seconds left.
|
|t:|1743912929
|move|p1a: Quagsire|Protect|p1a: Quagsire
|-singleturn|p1a: Quagsire|Protect
|move|p2a: Moltres|Pain Split|p1a: Quagsire
|-activate|p1a: Quagsire|move: Protect
|
|-weather|Sandstorm|[upkeep]
|-damage|p2a: Moltres|12/100 tox|[from] Sandstorm
|-heal|p2a: Moltres|18/100 tox|[from] item: Leftovers
|-heal|p1a: Quagsire|97/100|[from] item: Leftovers
|-damage|p2a: Moltres|0 fnt|[from] psn
|faint|p2a: Moltres
|upkeep
|inactive|Dumbluck23 has 30 seconds left.
|
|t:|1743912936
|switch|p2a: Gliscor|Gliscor, F|75/100 tox
|-damage|p2a: Gliscor|63/100 tox|[from] Stealth Rock
|turn|18
|
|t:|1743912950
|move|p1a: Quagsire|Protect||[still]
|-fail|p1a: Quagsire
|move|p2a: Gliscor|Toxic|p1a: Quagsire
|-status|p1a: Quagsire|tox
|
|-weather|Sandstorm|[upkeep]
|-heal|p1a: Quagsire|100/100 tox|[from] item: Leftovers
|-heal|p2a: Gliscor|75/100 tox|[from] ability: Poison Heal
|-damage|p1a: Quagsire|94/100 tox|[from] psn
|upkeep
|turn|19
|
|t:|1743912960
|move|p2a: Gliscor|Knock Off|p1a: Quagsire
|-damage|p1a: Quagsire|79/100 tox
|-enditem|p1a: Quagsire|Leftovers|[from] move: Knock Off|[of] p2a: Gliscor
|move|p1a: Quagsire|Whirlpool|p2a: Gliscor
|-supereffective|p2a: Gliscor
|-damage|p2a: Gliscor|56/100 tox
|-activate|p2a: Gliscor|move: Whirlpool|[of] p1a: Quagsire
|
|-weather|Sandstorm|[upkeep]
|-heal|p2a: Gliscor|68/100 tox|[from] ability: Poison Heal
|-damage|p1a: Quagsire|67/100 tox|[from] psn
|-damage|p2a: Gliscor|56/100 tox|[from] move: Whirlpool|[partiallytrapped]
|upkeep
|turn|20
|
|t:|1743912974
|switch|p1a: Garganacl|Garganacl, M|73/100
|move|p2a: Gliscor|Protect||[still]
|-fail|p2a: Gliscor
|
|-weather|none
|-heal|p2a: Gliscor|68/100 tox|[from] ability: Poison Heal
|-end|p2a: Gliscor|Whirlpool|[partiallytrapped]|[silent]
|upkeep
|turn|21
|inactive|Dumbluck23 has 30 seconds left.
|
|t:|1743913005
|move|p2a: Gliscor|Earthquake|p1a: Garganacl
|-supereffective|p1a: Garganacl
|-damage|p1a: Garganacl|40/100
|move|p1a: Garganacl|Salt Cure|p2a: Gliscor
|-damage|p2a: Gliscor|59/100 tox
|-start|p2a: Gliscor|Salt Cure
|
|-heal|p2a: Gliscor|71/100 tox|[from] ability: Poison Heal
|-damage|p2a: Gliscor|59/100 tox|[from] Salt Cure
|upkeep
|turn|22
|inactive|Dumbluck23 has 30 seconds left.
|
|t:|1743913026
|move|p2a: Gliscor|Earthquake|p1a: Garganacl
|-supereffective|p1a: Garganacl
|-damage|p1a: Garganacl|8/100
|move|p1a: Garganacl|Recover|p1a: Garganacl
|-heal|p1a: Garganacl|58/100
|
|-heal|p2a: Gliscor|71/100 tox|[from] ability: Poison Heal
|-damage|p2a: Gliscor|59/100 tox|[from] Salt Cure
|upkeep
|turn|23
|inactive|Dumbluck23 has 30 seconds left.
|inactive|Dumbluck23 has 20 seconds left.
|
|t:|1743913046
|-terastallize|p1a: Garganacl|Flying
|move|p2a: Gliscor|Earthquake|p1a: Garganacl
|-immune|p1a: Garganacl
|move|p1a: Garganacl|Curse|p1a: Garganacl
|-unboost|p1a: Garganacl|spe|1
|-boost|p1a: Garganacl|atk|1
|-boost|p1a: Garganacl|def|1
|
|-heal|p2a: Gliscor|71/100 tox|[from] ability: Poison Heal
|-damage|p2a: Gliscor|59/100 tox|[from] Salt Cure
|upkeep
|turn|24
|inactive|Dumbluck23 has 30 seconds left this turn.
|
|t:|1743913058
|switch|p2a: Hatterene|Hatterene, F, shiny|100/100
|-damage|p2a: Hatterene|88/100|[from] Stealth Rock
|move|p1a: Garganacl|Recover|p1a: Garganacl
|-heal|p1a: Garganacl|100/100
|
|-heal|p2a: Hatterene|94/100|[from] item: Leftovers
|upkeep
|turn|25
|inactive|Dumbluck23 has 30 seconds left.
|
|t:|1743913067
|move|p2a: Hatterene|Calm Mind|p2a: Hatterene
|-boost|p2a: Hatterene|spa|1
|-boost|p2a: Hatterene|spd|1
|move|p1a: Garganacl|Salt Cure|p2a: Hatterene
|-damage|p2a: Hatterene|69/100
|-start|p2a: Hatterene|Salt Cure
|
|-heal|p2a: Hatterene|75/100|[from] item: Leftovers
|-damage|p2a: Hatterene|62/100|[from] Salt Cure
|upkeep
|turn|26
|
|t:|1743913080
|move|p2a: Hatterene|Calm Mind|p2a: Hatterene
|-boost|p2a: Hatterene|spa|1
|-boost|p2a: Hatterene|spd|1
|move|p1a: Garganacl|Salt Cure|p2a: Hatterene
|-damage|p2a: Hatterene|39/100
|
|-heal|p2a: Hatterene|45/100|[from] item: Leftovers
|-damage|p2a: Hatterene|33/100|[from] Salt Cure
|upkeep
|turn|27
|
|t:|1743913090
|move|p2a: Hatterene|Draining Kiss|p1a: Garganacl
|-crit|p1a: Garganacl
|-damage|p1a: Garganacl|16/100
|-heal|p2a: Hatterene|100/100|[from] drain|[of] p1a: Garganacl
|move|p1a: Garganacl|Recover|p1a: Garganacl
|-heal|p1a: Garganacl|66/100
|
|-damage|p2a: Hatterene|88/100|[from] Salt Cure
|upkeep
|turn|28
|-message|Ruler of the Sand forfeited.
|
|win|Dumbluck23
|raw|Ruler of the Sand's rating: 1252 &rarr; <strong>1226</strong><br />(-26 for losing)
|raw|Dumbluck23's rating: 1241 &rarr; <strong>1267</strong><br />(+26 for winning)
|l|☆Ruler of the Sand
|player|p1|
|l|☆Dumbluck23
|player|p2|
