|j|☆Assumpcao_fs
|j|☆kasage
|t:|1743878272
|gametype|singles
|player|p1|Assumpcao_fs|gentleman-gen4|1068
|player|p2|kasage|roxanne-gen6|1061
|teamsize|p1|6
|teamsize|p2|6
|gen|9
|tier|[Gen 9] OU
|rated|
|rule|HP Percentage Mod: HP is shown in percentages
|rule|Endless Battle Clause: Forcing endless battles is banned
|rule|Species Clause: Limit one of each Pokémon
|rule|OHKO Clause: OHKO moves are banned
|rule|Evasion Items Clause: Evasion items are banned
|rule|Evasion Moves Clause: Evasion moves are banned
|rule|Sleep Moves Clause: Sleep-inducing moves are banned
|clearpoke
|poke|p1|Zoroark-Hisui, F|
|poke|p1|Darkrai|
|poke|p1|Blastoise, M|
|poke|p1|Garchomp, F|
|poke|p1|Ninetales-Alola, F|
|poke|p1|Charizard, F|
|poke|p2|Sneasel-Hisui, F|
|poke|p2|Garganacl, F|
|poke|p2|Zapdos|
|poke|p2|Ogerpon-Wellspring, F|
|poke|p2|Hitmontop, M|
|poke|p2|Iron Treads|
|teampreview
|inactive|Battle timer is ON: inactive players will automatically lose when time's up. (requested by Assumpcao_fs)
|
|t:|1743878295
|start
|switch|p1a: Charizard|Charizard, F, shiny|100/100
|switch|p2a: Hitmontop|Hitmontop, M, shiny|100/100
|turn|1
|
|t:|1743878309
|switch|p2a: Garganacl|Garganacl, F|100/100
|move|p1a: Charizard|Psychic|p2a: Garganacl
|-damage|p2a: Garganacl|59/100
|
|-heal|p2a: Garganacl|65/100|[from] item: Leftovers
|upkeep
|turn|2
|
|t:|1743878318
|switch|p1a: Garchomp|Garchomp, F|100/100
|move|p2a: Garganacl|Recover|p2a: Garganacl
|-heal|p2a: Garganacl|100/100
|
|upkeep
|turn|3
|
|t:|1743878326
|move|p1a: Garchomp|Stealth Rock|p2a: Garganacl
|-sidestart|p2: kasage|move: Stealth Rock
|move|p2a: Garganacl|Iron Defense|p2a: Garganacl
|-boost|p2a: Garganacl|def|2
|
|upkeep
|turn|4
|
|t:|1743878331
|move|p2a: Garganacl|Salt Cure|p1a: Garchomp
|-resisted|p1a: Garchomp
|-damage|p1a: Garchomp|96/100
|-start|p1a: Garchomp|Salt Cure
|move|p1a: Garchomp|Dragon Tail|p2a: Garganacl
|-damage|p2a: Garganacl|94/100
|drag|p2a: Sneasel|Sneasel-Hisui, F|100/100
|-damage|p2a: Sneasel|95/100|[from] Stealth Rock
|
|-damage|p1a: Garchomp|84/100|[from] Salt Cure
|upkeep
|turn|5
|
|t:|1743878343
|switch|p2a: Zapdos|Zapdos|100/100
|move|p1a: Garchomp|Spikes|p2a: Zapdos
|-sidestart|p2: kasage|Spikes
|
|-damage|p1a: Garchomp|71/100|[from] Salt Cure
|upkeep
|turn|6
|
|t:|1743878351
|move|p2a: Zapdos|Hurricane|p1a: Garchomp
|-damage|p1a: Garchomp|18/100
|move|p1a: Garchomp|Spikes|p2a: Zapdos
|-sidestart|p2: kasage|Spikes
|
|-damage|p1a: Garchomp|5/100|[from] Salt Cure
|upkeep
|turn|7
|
|t:|1743878371
|move|p2a: Zapdos|Heat Wave|p1a: Garchomp
|-resisted|p1a: Garchomp
|-damage|p1a: Garchomp|0 fnt
|faint|p1a: Garchomp
|
|upkeep
|
|t:|1743878388
|switch|p1a: Charizard|Charizard, F, shiny|100/100
|turn|8
|
|t:|1743878394
|move|p1a: Charizard|Shadow Ball|p2a: Zapdos
|-damage|p2a: Zapdos|38/100
|-unboost|p2a: Zapdos|spd|1
|move|p2a: Zapdos|Roost|p2a: Zapdos
|-heal|p2a: Zapdos|88/100
|-singleturn|p2a: Zapdos|move: Roost
|
|upkeep
|turn|9
|
|t:|1743878405
|switch|p2a: Sneasel|Sneasel-Hisui, F|95/100
|-damage|p2a: Sneasel|89/100|[from] Stealth Rock
|-damage|p2a: Sneasel|72/100|[from] Spikes
|move|p1a: Charizard|Shadow Ball|p2a: Sneasel
|-damage|p2a: Sneasel|0 fnt
|faint|p2a: Sneasel
|
|upkeep
|inactive|kasage has 120 seconds left.
|
|t:|1743878434
|switch|p2a: Zapdos|Zapdos|88/100
|turn|10
|
|t:|1743878443
|move|p1a: Charizard|Shadow Ball|p2a: Zapdos
|-damage|p2a: Zapdos|15/100
|move|p2a: Zapdos|Volt Switch|p1a: Charizard
|-damage|p1a: Charizard|23/100
|replace|p1a: Zoroark|Zoroark-Hisui, F
|-end|p1a: Zoroark|Illusion
|
|t:|1743878451
|switch|p2a: Hitmontop|Hitmontop, M, shiny|100/100|[from] Volt Switch
|-damage|p2a: Hitmontop|95/100|[from] Stealth Rock
|-damage|p2a: Hitmontop|78/100|[from] Spikes
|
|upkeep
|turn|11
|
|t:|1743878458
|move|p2a: Hitmontop|Bullet Punch|p1a: Zoroark
|-damage|p1a: Zoroark|0 fnt
|faint|p1a: Zoroark
|
|upkeep
|
|t:|1743878470
|switch|p1a: Charizard|Charizard, F, shiny|100/100
|turn|12
|
|t:|1743878478
|switch|p2a: Garganacl|Garganacl, F|94/100
|-damage|p2a: Garganacl|81/100|[from] Stealth Rock
|-damage|p2a: Garganacl|65/100|[from] Spikes
|move|p1a: Charizard|Acrobatics|p2a: Garganacl
|-resisted|p2a: Garganacl
|-damage|p2a: Garganacl|53/100
|
|-heal|p2a: Garganacl|59/100|[from] item: Leftovers
|upkeep
|turn|13
|
|t:|1743878488
|switch|p1a: Blastoise|Blastoise, M|100/100
|move|p2a: Garganacl|Recover|p2a: Garganacl
|-heal|p2a: Garganacl|100/100
|
|upkeep
|turn|14
|
|t:|1743878500
|move|p1a: Blastoise|Ice Spinner|p2a: Garganacl
|-damage|p2a: Garganacl|88/100
|move|p2a: Garganacl|Salt Cure|p1a: Blastoise
|-damage|p1a: Blastoise|85/100
|-start|p1a: Blastoise|Salt Cure
|
|-heal|p2a: Garganacl|94/100|[from] item: Leftovers
|-damage|p1a: Blastoise|60/100|[from] Salt Cure
|upkeep
|turn|15
|
|t:|1743878507
|switch|p2a: Ogerpon|Ogerpon-Wellspring, F|100/100
|-damage|p2a: Ogerpon|88/100|[from] Stealth Rock
|-damage|p2a: Ogerpon|72/100|[from] Spikes
|move|p1a: Blastoise|Liquidation|p2a: Ogerpon
|-heal|p2a: Ogerpon|97/100|[from] ability: Water Absorb|[of] p1a: Blastoise
|
|-damage|p1a: Blastoise|35/100|[from] Salt Cure
|upkeep
|turn|16
|
|t:|1743878515
|switch|p1a: Ninetales|Ninetales-Alola, F|100/100
|-weather|Snowscape|[from] ability: Snow Warning|[of] p1a: Ninetales
|move|p2a: Ogerpon|Swords Dance|p2a: Ogerpon
|-boost|p2a: Ogerpon|atk|2
|
|-weather|Snowscape|[upkeep]
|upkeep
|turn|17
|
|t:|1743878523
|move|p2a: Ogerpon|Ivy Cudgel|p1a: Ninetales|[anim] Ivy Cudgel Water
|-damage|p1a: Ninetales|3/100
|move|p1a: Ninetales|Encore|p2a: Ogerpon
|-start|p2a: Ogerpon|Encore
|
|-weather|Snowscape|[upkeep]
|upkeep
|turn|18
|
|t:|1743878532
|move|p2a: Ogerpon|Ivy Cudgel|p1a: Ninetales|[anim] Ivy Cudgel Water
|-damage|p1a: Ninetales|0 fnt
|faint|p1a: Ninetales
|
|-weather|Snowscape|[upkeep]
|upkeep
|
|t:|1743878545
|switch|p1a: Darkrai|Darkrai|100/100
|turn|19
|
|t:|1743878549
|-terastallize|p1a: Darkrai|Poison
|-terastallize|p2a: Ogerpon|Water
|detailschange|p2a: Ogerpon|Ogerpon-Wellspring-Tera, F, tera:Water
|-ability|p2a: Ogerpon|Embody Aspect (Wellspring)|boost
|-boost|p2a: Ogerpon|spd|1
|move|p1a: Darkrai|Sludge Bomb|p2a: Ogerpon
|-damage|p2a: Ogerpon|47/100
|-status|p2a: Ogerpon|psn
|-damage|p1a: Darkrai|91/100|[from] item: Life Orb
|move|p2a: Ogerpon|Ivy Cudgel|p1a: Darkrai|[anim] Ivy Cudgel Water
|-damage|p1a: Darkrai|0 fnt
|faint|p1a: Darkrai
|
|-weather|Snowscape|[upkeep]
|-damage|p2a: Ogerpon|35/100 psn|[from] psn
|upkeep
|
|t:|1743878565
|switch|p1a: Blastoise|Blastoise, M|35/100
|turn|20
|
|t:|1743878572
|move|p2a: Ogerpon|Ivy Cudgel|p1a: Blastoise|[anim] Ivy Cudgel Water
|-resisted|p1a: Blastoise
|-damage|p1a: Blastoise|0 fnt
|faint|p1a: Blastoise
|
|-weather|none
|-damage|p2a: Ogerpon|22/100 psn|[from] psn
|-end|p2a: Ogerpon|Encore
|upkeep
|
|t:|1743878574
|switch|p1a: Charizard|Charizard, F, shiny|100/100
|turn|21
|
|t:|1743878578
|move|p2a: Ogerpon|Ivy Cudgel|p1a: Charizard|[anim] Ivy Cudgel Water
|-supereffective|p1a: Charizard
|-damage|p1a: Charizard|0 fnt
|faint|p1a: Charizard
|
|win|kasage
|raw|Assumpcao_fs's rating: 1068 &rarr; <strong>1047</strong><br />(-21 for losing)
|raw|kasage's rating: 1061 &rarr; <strong>1092</strong><br />(+31 for winning)
|l|☆Assumpcao_fs
|player|p1|
|l|☆kasage
|player|p2|
