|j|☆upsilonpsi
|j|☆lebronthegoat23
|t:|1743876342
|gametype|singles
|player|p1|upsilonpsi|hoopster|1324
|player|p2|lebronthegoat23|hilda|1363
|teamsize|p1|6
|teamsize|p2|6
|gen|9
|tier|[Gen 9] OU
|rated|
|rule|HP Percentage Mod: HP is shown in percentages
|rule|Endless Battle Clause: Forcing endless battles is banned
|rule|Species Clause: Limit one of each Pokémon
|rule|OHKO Clause: OHKO moves are banned
|rule|Evasion Items Clause: Evasion items are banned
|rule|Evasion Moves Clause: Evasion moves are banned
|rule|Sleep Moves Clause: Sleep-inducing moves are banned
|clearpoke
|poke|p1|Turtwig, F|
|poke|p1|Gholdengo|
|poke|p1|Landorus-Therian, M|
|poke|p1|Dragapult, F|
|poke|p1|Corviknight, M|
|poke|p1|Kyurem|
|poke|p2|Great Tusk|
|poke|p2|Raging Bolt|
|poke|p2|Blissey, F|
|poke|p2|Torkoal, F|
|poke|p2|Walking Wake|
|poke|p2|Corviknight, F|
|teampreview
|inactive|Battle timer is ON: inactive players will automatically lose when time's up. (requested by upsilonpsi)
|
|t:|1743876352
|start
|switch|p1a: Turtwig|Turtwig, F|100/100
|switch|p2a: Torkoal|Torkoal, F|100/100
|-weather|SunnyDay|[from] ability: Drought|[of] p2a: Torkoal
|turn|1
|
|t:|1743876369
|switch|p2a: Great Tusk|Great Tusk|100/100
|-activate|p2a: Great Tusk|ability: Protosynthesis
|-start|p2a: Great Tusk|protosynthesisspe
|move|p1a: Turtwig|Stealth Rock|p2a: Great Tusk
|-sidestart|p2: lebronthegoat23|move: Stealth Rock
|
|-weather|SunnyDay|[upkeep]
|upkeep
|turn|2
|
|t:|1743876377
|move|p2a: Great Tusk|Bulk Up|p2a: Great Tusk
|-boost|p2a: Great Tusk|atk|1
|-boost|p2a: Great Tusk|def|1
|move|p1a: Turtwig|Leaf Storm|p2a: Great Tusk
|-supereffective|p2a: Great Tusk
|-damage|p2a: Great Tusk|41/100
|-unboost|p1a: Turtwig|spa|2
|
|-weather|SunnyDay|[upkeep]
|-heal|p2a: Great Tusk|47/100|[from] item: Leftovers
|upkeep
|turn|3
|
|t:|1743876384
|move|p2a: Great Tusk|Ice Spinner|p1a: Turtwig
|-supereffective|p1a: Turtwig
|-enditem|p1a: Turtwig|Focus Sash
|-damage|p1a: Turtwig|1/100
|move|p1a: Turtwig|Leaf Storm|p2a: Great Tusk
|-supereffective|p2a: Great Tusk
|-damage|p2a: Great Tusk|1/100
|-unboost|p1a: Turtwig|spa|2
|
|-weather|SunnyDay|[upkeep]
|-heal|p2a: Great Tusk|7/100|[from] item: Leftovers
|upkeep
|turn|4
|
|t:|1743876398
|-end|p2a: Great Tusk|Protosynthesis|[silent]
|switch|p2a: Corviknight|Corviknight, F|100/100
|-damage|p2a: Corviknight|88/100|[from] Stealth Rock
|-ability|p2a: Corviknight|Pressure
|-terastallize|p1a: Turtwig|Ghost
|move|p1a: Turtwig|Leaf Storm|p2a: Corviknight
|-resisted|p2a: Corviknight
|-damage|p2a: Corviknight|85/100
|-unboost|p1a: Turtwig|spa|2
|
|-weather|SunnyDay|[upkeep]
|upkeep
|turn|5
|
|t:|1743876414
|switch|p1a: Gholdengo|Gholdengo|100/100
|-item|p1a: Gholdengo|Air Balloon
|move|p2a: Corviknight|Defog|p1a: Gholdengo
|-immune|p1a: Gholdengo|[from] ability: Good as Gold
|
|-weather|SunnyDay|[upkeep]
|upkeep
|turn|6
|
|t:|1743876425
|move|p1a: Gholdengo|Nasty Plot|p1a: Gholdengo
|-boost|p1a: Gholdengo|spa|2
|move|p2a: Corviknight|U-turn|p1a: Gholdengo
|-resisted|p1a: Gholdengo
|-damage|p1a: Gholdengo|96/100
|-enditem|p1a: Gholdengo|Air Balloon
|
|t:|1743876430
|switch|p2a: Blissey|Blissey, F|100/100|[from] U-turn
|
|-weather|SunnyDay|[upkeep]
|upkeep
|turn|7
|
|t:|1743876438
|switch|p1a: Landorus|Landorus-Therian, M|100/100
|-ability|p1a: Landorus|Intimidate|boost
|-unboost|p2a: Blissey|atk|1
|move|p2a: Blissey|Shadow Ball|p1a: Landorus
|-damage|p1a: Landorus|80/100
|
|-weather|SunnyDay|[upkeep]
|upkeep
|turn|8
|
|t:|1743876443
|switch|p2a: Corviknight|Corviknight, F|85/100
|-damage|p2a: Corviknight|73/100|[from] Stealth Rock
|-ability|p2a: Corviknight|Pressure
|move|p1a: Landorus|U-turn|p2a: Corviknight
|-resisted|p2a: Corviknight
|-damage|p2a: Corviknight|67/100
|-damage|p1a: Landorus|64/100|[from] item: Rocky Helmet|[of] p2a: Corviknight
|
|t:|1743876446
|switch|p1a: Gholdengo|Gholdengo|96/100|[from] U-turn
|
|-weather|none
|upkeep
|turn|9
|
|t:|1743876451
|switch|p1a: Turtwig|Turtwig, F, tera:Ghost|1/100
|switch|p2a: Blissey|Blissey, F|100/100
|
|upkeep
|turn|10
|
|t:|1743876455
|switch|p2a: Corviknight|Corviknight, F|67/100
|-damage|p2a: Corviknight|55/100|[from] Stealth Rock
|-ability|p2a: Corviknight|Pressure
|move|p1a: Turtwig|Curse|p2a: Corviknight
|-start|p2a: Corviknight|Curse|[of] p1a: Turtwig
|-damage|p1a: Turtwig|0 fnt
|faint|p1a: Turtwig
|
|-damage|p2a: Corviknight|30/100|[from] Curse
|upkeep
|
|t:|1743876476
|switch|p1a: Dragapult|Dragapult, F|100/100
|turn|11
|
|t:|1743876479
|move|p1a: Dragapult|Substitute|p1a: Dragapult
|-start|p1a: Dragapult|Substitute
|-damage|p1a: Dragapult|76/100
|move|p2a: Corviknight|U-turn|p1a: Dragapult
|-resisted|p1a: Dragapult
|-activate|p1a: Dragapult|move: Substitute|[damage]
|
|t:|1743876485
|switch|p2a: Blissey|Blissey, F|100/100|[from] U-turn
|
|-heal|p1a: Dragapult|82/100|[from] item: Leftovers
|upkeep
|turn|12
|
|t:|1743876488
|move|p1a: Dragapult|Thunder Wave|p2a: Blissey
|-status|p2a: Blissey|par
|move|p2a: Blissey|Shadow Ball|p1a: Dragapult
|-supereffective|p1a: Dragapult
|-end|p1a: Dragapult|Substitute
|
|-heal|p1a: Dragapult|88/100|[from] item: Leftovers
|upkeep
|turn|13
|
|t:|1743876494
|switch|p1a: Corviknight|Corviknight, M|100/100
|-ability|p1a: Corviknight|Pressure
|cant|p2a: Blissey|par
|
|upkeep
|turn|14
|
|t:|1743876498
|-curestatus|p2a: Blissey|par|[from] ability: Natural Cure
|switch|p2a: Torkoal|Torkoal, F|100/100
|-damage|p2a: Torkoal|75/100|[from] Stealth Rock
|-weather|SunnyDay|[from] ability: Drought|[of] p2a: Torkoal
|move|p1a: Corviknight|U-turn|p2a: Torkoal
|-resisted|p2a: Torkoal
|-damage|p2a: Torkoal|72/100
|
|t:|1743876508
|switch|p1a: Kyurem|Kyurem|100/100|[from] U-turn
|-ability|p1a: Kyurem|Pressure
|
|-weather|SunnyDay|[upkeep]
|upkeep
|turn|15
|
|t:|1743876513
|switch|p2a: Great Tusk|Great Tusk|7/100
|-damage|p2a: Great Tusk|4/100|[from] Stealth Rock
|-activate|p2a: Great Tusk|ability: Protosynthesis
|-start|p2a: Great Tusk|protosynthesisspe
|move|p1a: Kyurem|Earth Power|p2a: Great Tusk
|-crit|p2a: Great Tusk
|-damage|p2a: Great Tusk|0 fnt
|faint|p2a: Great Tusk
|-end|p2a: Great Tusk|Protosynthesis|[silent]
|
|-weather|SunnyDay|[upkeep]
|upkeep
|
|t:|1743876525
|switch|p2a: Blissey|Blissey, F|100/100
|turn|16
|
|t:|1743876528
|switch|p2a: Walking Wake|Walking Wake|100/100
|-damage|p2a: Walking Wake|88/100|[from] Stealth Rock
|-activate|p2a: Walking Wake|ability: Protosynthesis
|-start|p2a: Walking Wake|protosynthesisspe
|move|p1a: Kyurem|Dragon Dance|p1a: Kyurem
|-boost|p1a: Kyurem|atk|1
|-boost|p1a: Kyurem|spe|1
|
|-weather|SunnyDay|[upkeep]
|upkeep
|turn|17
|
|t:|1743876540
|move|p2a: Walking Wake|Draco Meteor|p1a: Kyurem
|-supereffective|p1a: Kyurem
|-damage|p1a: Kyurem|0 fnt
|-unboost|p2a: Walking Wake|spa|2
|faint|p1a: Kyurem
|
|-weather|SunnyDay|[upkeep]
|upkeep
|
|t:|1743876546
|switch|p1a: Dragapult|Dragapult, F|88/100
|turn|18
|
|t:|1743876553
|-end|p2a: Walking Wake|Protosynthesis|[silent]
|switch|p2a: Blissey|Blissey, F|100/100
|move|p1a: Dragapult|Thunder Wave|p2a: Blissey
|-status|p2a: Blissey|par
|
|-weather|SunnyDay|[upkeep]
|-heal|p1a: Dragapult|94/100|[from] item: Leftovers
|upkeep
|turn|19
|
|t:|1743876559
|switch|p1a: Corviknight|Corviknight, M|100/100
|-ability|p1a: Corviknight|Pressure
|cant|p2a: Blissey|par
|
|-weather|SunnyDay|[upkeep]
|upkeep
|turn|20
|
|t:|1743876565
|-curestatus|p2a: Blissey|par|[from] ability: Natural Cure
|switch|p2a: Raging Bolt|Raging Bolt|100/100
|-damage|p2a: Raging Bolt|88/100|[from] Stealth Rock
|-activate|p2a: Raging Bolt|ability: Protosynthesis
|-start|p2a: Raging Bolt|protosynthesisspa
|move|p1a: Corviknight|U-turn|p2a: Raging Bolt
|-damage|p2a: Raging Bolt|77/100
|
|t:|1743876574
|switch|p1a: Landorus|Landorus-Therian, M|64/100|[from] U-turn
|-ability|p1a: Landorus|Intimidate|boost
|-unboost|p2a: Raging Bolt|atk|1
|
|-weather|SunnyDay|[upkeep]
|-heal|p2a: Raging Bolt|83/100|[from] item: Leftovers
|upkeep
|turn|21
|
|t:|1743876582
|-end|p2a: Raging Bolt|Protosynthesis|[silent]
|switch|p2a: Corviknight|Corviknight, F|30/100
|-damage|p2a: Corviknight|18/100|[from] Stealth Rock
|-ability|p2a: Corviknight|Pressure
|move|p1a: Landorus|Stone Edge|p2a: Corviknight|[miss]
|-miss|p1a: Landorus|p2a: Corviknight
|
|-weather|none
|upkeep
|turn|22
|
|t:|1743876590
|move|p1a: Landorus|Stone Edge|p2a: Corviknight|[miss]
|-miss|p1a: Landorus|p2a: Corviknight
|move|p2a: Corviknight|Roost|p2a: Corviknight
|-heal|p2a: Corviknight|68/100
|-singleturn|p2a: Corviknight|move: Roost
|
|upkeep
|turn|23
|
|t:|1743876592
|move|p1a: Landorus|Stone Edge|p2a: Corviknight
|-damage|p2a: Corviknight|34/100
|move|p2a: Corviknight|Roost|p2a: Corviknight
|-heal|p2a: Corviknight|84/100
|-singleturn|p2a: Corviknight|move: Roost
|
|upkeep
|turn|24
|
|t:|1743876596
|switch|p1a: Gholdengo|Gholdengo|96/100
|move|p2a: Corviknight|Defog|p1a: Gholdengo
|-immune|p1a: Gholdengo|[from] ability: Good as Gold
|
|upkeep
|turn|25
|
|t:|1743876601
|switch|p1a: Landorus|Landorus-Therian, M|64/100
|-ability|p1a: Landorus|Intimidate|boost
|-unboost|p2a: Corviknight|atk|1
|move|p2a: Corviknight|U-turn|p1a: Landorus
|-resisted|p1a: Landorus
|-damage|p1a: Landorus|58/100
|
|t:|1743876603
|switch|p2a: Torkoal|Torkoal, F|72/100|[from] U-turn
|-damage|p2a: Torkoal|47/100|[from] Stealth Rock
|-weather|SunnyDay|[from] ability: Drought|[of] p2a: Torkoal
|
|-weather|SunnyDay|[upkeep]
|upkeep
|turn|26
|
|t:|1743876611
|switch|p2a: Corviknight|Corviknight, F|84/100
|-damage|p2a: Corviknight|72/100|[from] Stealth Rock
|-ability|p2a: Corviknight|Pressure
|move|p1a: Landorus|Stone Edge|p2a: Corviknight
|-damage|p2a: Corviknight|36/100
|
|-weather|SunnyDay|[upkeep]
|upkeep
|turn|27
|
|t:|1743876621
|switch|p1a: Gholdengo|Gholdengo|96/100
|move|p2a: Corviknight|U-turn|p1a: Gholdengo
|-resisted|p1a: Gholdengo
|-damage|p1a: Gholdengo|93/100
|
|t:|1743876623
|switch|p2a: Walking Wake|Walking Wake|88/100|[from] U-turn
|-damage|p2a: Walking Wake|76/100|[from] Stealth Rock
|-activate|p2a: Walking Wake|ability: Protosynthesis
|-start|p2a: Walking Wake|protosynthesisspe
|
|-weather|SunnyDay|[upkeep]
|upkeep
|turn|28
|
|t:|1743876631
|switch|p1a: Corviknight|Corviknight, M|100/100
|-ability|p1a: Corviknight|Pressure
|-terastallize|p2a: Walking Wake|Water
|move|p2a: Walking Wake|Hydro Steam|p1a: Corviknight
|-damage|p1a: Corviknight|0 fnt
|faint|p1a: Corviknight
|
|-weather|SunnyDay|[upkeep]
|upkeep
|
|t:|1743876639
|switch|p1a: Gholdengo|Gholdengo|93/100
|turn|29
|
|t:|1743876650
|move|p2a: Walking Wake|Hydro Steam|p1a: Gholdengo
|-damage|p1a: Gholdengo|0 fnt
|faint|p1a: Gholdengo
|
|-weather|SunnyDay|[upkeep]
|upkeep
|
|t:|1743876655
|switch|p1a: Dragapult|Dragapult, F|94/100
|turn|30
|
|t:|1743876659
|-end|p2a: Walking Wake|Protosynthesis|[silent]
|switch|p2a: Blissey|Blissey, F|100/100
|move|p1a: Dragapult|Substitute|p1a: Dragapult
|-start|p1a: Dragapult|Substitute
|-damage|p1a: Dragapult|69/100
|
|-weather|SunnyDay|[upkeep]
|-heal|p1a: Dragapult|75/100|[from] item: Leftovers
|upkeep
|turn|31
|
|t:|1743876667
|move|p1a: Dragapult|Thunder Wave|p2a: Blissey
|-status|p2a: Blissey|par
|cant|p2a: Blissey|par
|
|-weather|SunnyDay|[upkeep]
|-heal|p1a: Dragapult|81/100|[from] item: Leftovers
|upkeep
|turn|32
|
|t:|1743876671
|switch|p1a: Landorus|Landorus-Therian, M|58/100
|-ability|p1a: Landorus|Intimidate|boost
|-unboost|p2a: Blissey|atk|1
|move|p2a: Blissey|Shadow Ball|p1a: Landorus
|-damage|p1a: Landorus|38/100
|
|-weather|none
|upkeep
|turn|33
|
|t:|1743876680
|-curestatus|p2a: Blissey|par|[from] ability: Natural Cure
|switch|p2a: Corviknight|Corviknight, F|36/100
|-damage|p2a: Corviknight|23/100|[from] Stealth Rock
|-ability|p2a: Corviknight|Pressure
|move|p1a: Landorus|Crunch|p2a: Corviknight
|-damage|p2a: Corviknight|0 fnt
|-damage|p1a: Landorus|22/100|[from] item: Rocky Helmet|[of] p2a: Corviknight
|faint|p2a: Corviknight
|
|upkeep
|
|t:|1743876683
|switch|p2a: Torkoal|Torkoal, F|47/100
|-damage|p2a: Torkoal|22/100|[from] Stealth Rock
|-weather|SunnyDay|[from] ability: Drought|[of] p2a: Torkoal
|turn|34
|
|t:|1743876690
|move|p1a: Landorus|Crunch|p2a: Torkoal
|-damage|p2a: Torkoal|0 fnt
|faint|p2a: Torkoal
|
|-weather|SunnyDay|[upkeep]
|upkeep
|
|t:|1743876693
|switch|p2a: Walking Wake|Walking Wake, tera:Water|76/100
|-damage|p2a: Walking Wake|64/100|[from] Stealth Rock
|-activate|p2a: Walking Wake|ability: Protosynthesis
|-start|p2a: Walking Wake|protosynthesisspe
|turn|35
|
|t:|1743876706
|switch|p1a: Dragapult|Dragapult, F|81/100
|move|p2a: Walking Wake|Dragon Pulse|p1a: Dragapult
|-supereffective|p1a: Dragapult
|-damage|p1a: Dragapult|0 fnt
|faint|p1a: Dragapult
|
|-weather|SunnyDay|[upkeep]
|upkeep
|
|t:|1743876708
|switch|p1a: Landorus|Landorus-Therian, M|22/100
|-ability|p1a: Landorus|Intimidate|boost
|-unboost|p2a: Walking Wake|atk|1
|turn|36
|c|☆lebronthegoat23|gg wp
|
|t:|1743876711
|move|p2a: Walking Wake|Dragon Pulse|p1a: Landorus
|-damage|p1a: Landorus|0 fnt
|faint|p1a: Landorus
|
|win|lebronthegoat23
|raw|upsilonpsi's rating: 1324 &rarr; <strong>1306</strong><br />(-18 for losing)
|raw|lebronthegoat23's rating: 1363 &rarr; <strong>1381</strong><br />(+18 for winning)
|l|☆lebronthegoat23
|player|p2|
|l|☆upsilonpsi
|player|p1|
