|j|☆antwan420
|j|☆ishpuppy
|t:|1743909890
|gametype|singles
|player|p1|antwan420|unknown|1329
|player|p2|ishpuppy|cyclist-gen4|1327
|teamsize|p1|6
|teamsize|p2|6
|gen|9
|tier|[Gen 9] OU
|rated|
|rule|HP Percentage Mod: HP is shown in percentages
|rule|Endless Battle Clause: Forcing endless battles is banned
|rule|Species Clause: Limit one of each Pokémon
|rule|OHKO Clause: OHKO moves are banned
|rule|Evasion Items Clause: Evasion items are banned
|rule|Evasion Moves Clause: Evasion moves are banned
|rule|Sleep Moves Clause: Sleep-inducing moves are banned
|clearpoke
|poke|p1|Necrozma|
|poke|p1|Cyclizar, F|
|poke|p1|Glaceon, F|
|poke|p1|Gyarados, M|
|poke|p1|Donphan, M|
|poke|p1|Gengar, F|
|poke|p2|Garganacl, M|
|poke|p2|Weezing-Galar, F|
|poke|p2|Corviknight, M|
|poke|p2|Dragapult, M|
|poke|p2|Slowking-Galar, M|
|poke|p2|Samurott-Hisui, F|
|teampreview
|
|t:|1743909900
|start
|switch|p1a: Cyclizar|Cyclizar, F|100/100
|switch|p2a: Samurott|Samurott-Hisui, F|100/100
|turn|1
|
|t:|1743909906
|move|p2a: Samurott|Ceaseless Edge|p1a: Cyclizar|[miss]
|-miss|p2a: Samurott|p1a: Cyclizar
|move|p1a: Cyclizar|U-turn|p2a: Samurott
|-supereffective|p2a: Samurott
|-damage|p2a: Samurott|58/100
|
|t:|1743909915
|switch|p1a: Donphan|Donphan, M|100/100|[from] U-turn
|
|upkeep
|turn|2
|
|t:|1743909926
|switch|p2a: Corviknight|Corviknight, M|100/100
|-ability|p2a: Corviknight|Pressure
|move|p1a: Donphan|Stealth Rock|p2a: Corviknight
|-sidestart|p2: ishpuppy|move: Stealth Rock
|
|upkeep
|turn|3
|
|t:|1743909941
|switch|p1a: Gengar|Gengar, F|100/100
|move|p2a: Corviknight|Brave Bird|p1a: Gengar
|-damage|p1a: Gengar|28/100
|-damage|p2a: Corviknight|85/100|[from] Recoil
|
|upkeep
|turn|4
|
|t:|1743909960
|switch|p2a: Dragapult|Dragapult, M, shiny|100/100
|move|p1a: Gengar|Trick|p2a: Dragapult
|-activate|p1a: Gengar|move: Trick|[of] p2a: Dragapult
|-item|p2a: Dragapult|Choice Scarf|[from] move: Trick
|-item|p1a: Gengar|Heavy-Duty Boots|[from] move: Trick
|
|upkeep
|turn|5
|
|t:|1743909976
|switch|p1a: Cyclizar|Cyclizar, F|100/100
|move|p2a: Dragapult|Dragon Darts|p1a: Cyclizar
|-supereffective|p1a: Cyclizar
|-damage|p1a: Cyclizar|30/100
|-anim|p2a: Dragapult|Dragon Darts|p1a: Cyclizar
|-supereffective|p1a: Cyclizar
|-damage|p1a: Cyclizar|0 fnt
|faint|p1a: Cyclizar
|
|upkeep
|
|t:|1743909984
|switch|p1a: Gyarados|Gyarados, M|100/100
|-ability|p1a: Gyarados|Intimidate|boost
|-unboost|p2a: Dragapult|atk|1
|turn|6
|
|t:|1743909989
|switch|p2a: Weezing|Weezing-Galar, F|100/100
|-ability|p2a: Weezing|Neutralizing Gas
|move|p1a: Gyarados|Thunder Wave|p2a: Weezing
|-status|p2a: Weezing|par
|
|upkeep
|turn|7
|
|t:|1743910002
|switch|p1a: Necrozma|Necrozma|100/100
|move|p2a: Weezing|Will-O-Wisp|p1a: Necrozma|[miss]
|-miss|p2a: Weezing|p1a: Necrozma
|
|upkeep
|turn|8
|
|t:|1743910013
|move|p1a: Necrozma|Meteor Beam||[still]
|-prepare|p1a: Necrozma|Meteor Beam
|-boost|p1a: Necrozma|spa|1
|-enditem|p1a: Necrozma|Power Herb
|-anim|p1a: Necrozma|Meteor Beam|p2a: Weezing
|-damage|p2a: Weezing|12/100 par
|move|p2a: Weezing|Defog|p1a: Necrozma
|-unboost|p1a: Necrozma|evasion|1
|-sideend|p2: ishpuppy|Stealth Rock|[from] move: Defog|[of] p2a: Weezing
|
|upkeep
|turn|9
|
|t:|1743910026
|move|p1a: Necrozma|Flash Cannon|p2a: Weezing
|-supereffective|p2a: Weezing
|-damage|p2a: Weezing|0 fnt
|faint|p2a: Weezing
|-end|p2a: Weezing|ability: Neutralizing Gas
|
|upkeep
|
|t:|1743910036
|switch|p2a: Samurott|Samurott-Hisui, F|58/100
|turn|10
|
|t:|1743910046
|switch|p1a: Gyarados|Gyarados, M|100/100
|-ability|p1a: Gyarados|Intimidate|boost
|-unboost|p2a: Samurott|atk|1
|move|p2a: Samurott|Ceaseless Edge|p1a: Gyarados|[miss]
|-miss|p2a: Samurott|p1a: Gyarados
|
|upkeep
|turn|11
|
|t:|1743910075
|switch|p2a: Slowking|Slowking-Galar, M|100/100
|move|p1a: Gyarados|Thunder Wave|p2a: Slowking
|-status|p2a: Slowking|par
|
|upkeep
|turn|12
|
|t:|1743910077
|move|p1a: Gyarados|Earthquake|p2a: Slowking
|-supereffective|p2a: Slowking
|-damage|p2a: Slowking|36/100 par
|move|p2a: Slowking|Future Sight|p1a: Gyarados
|-start|p2a: Slowking|move: Future Sight
|
|upkeep
|turn|13
|
|t:|1743910084
|switch|p2a: Corviknight|Corviknight, M|85/100
|-ability|p2a: Corviknight|Pressure
|move|p1a: Gyarados|Temper Flare|p2a: Corviknight
|-supereffective|p2a: Corviknight
|-damage|p2a: Corviknight|56/100
|-damage|p1a: Gyarados|84/100|[from] item: Rocky Helmet|[of] p2a: Corviknight
|
|upkeep
|turn|14
|
|t:|1743910094
|move|p1a: Gyarados|Thunder Wave|p2a: Corviknight
|-status|p2a: Corviknight|par
|move|p2a: Corviknight|Brave Bird|p1a: Gyarados
|-damage|p1a: Gyarados|47/100
|-damage|p2a: Corviknight|44/100 par|[from] Recoil
|
|-end|p1a: Gyarados|move: Future Sight
|-damage|p1a: Gyarados|6/100
|upkeep
|turn|15
|
|t:|1743910103
|switch|p1a: Donphan|Donphan, M|100/100
|cant|p2a: Corviknight|par
|
|upkeep
|turn|16
|
|t:|1743910108
|move|p1a: Donphan|Knock Off|p2a: Corviknight
|-damage|p2a: Corviknight|27/100 par
|-damage|p1a: Donphan|84/100|[from] item: Rocky Helmet|[of] p2a: Corviknight
|-enditem|p2a: Corviknight|Rocky Helmet|[from] move: Knock Off|[of] p1a: Donphan
|move|p2a: Corviknight|Roost|p2a: Corviknight
|-heal|p2a: Corviknight|77/100 par
|-singleturn|p2a: Corviknight|move: Roost
|
|upkeep
|turn|17
|
|t:|1743910116
|move|p1a: Donphan|Stealth Rock|p2a: Corviknight
|-sidestart|p2: ishpuppy|move: Stealth Rock
|move|p2a: Corviknight|Iron Defense|p2a: Corviknight
|-boost|p2a: Corviknight|def|2
|
|upkeep
|turn|18
|
|t:|1743910122
|switch|p1a: Gyarados|Gyarados, M|6/100
|-ability|p1a: Gyarados|Intimidate|boost
|-unboost|p2a: Corviknight|atk|1
|cant|p2a: Corviknight|par
|
|upkeep
|turn|19
|
|t:|1743910133
|move|p1a: Gyarados|Waterfall|p2a: Corviknight
|-damage|p2a: Corviknight|64/100 par
|move|p2a: Corviknight|Body Press|p1a: Gyarados
|-resisted|p1a: Gyarados
|-damage|p1a: Gyarados|0 fnt
|faint|p1a: Gyarados
|
|upkeep
|
|t:|1743910139
|switch|p1a: Gengar|Gengar, F|28/100
|turn|20
|
|t:|1743910145
|switch|p2a: Dragapult|Dragapult, M, shiny|100/100
|-damage|p2a: Dragapult|88/100|[from] Stealth Rock
|move|p1a: Gengar|Destiny Bond|p1a: Gengar
|-singlemove|p1a: Gengar|Destiny Bond
|
|upkeep
|turn|21
|
|t:|1743910156
|move|p2a: Dragapult|U-turn|p1a: Gengar
|-resisted|p1a: Gengar
|-damage|p1a: Gengar|17/100
|
|t:|1743910166
|switch|p2a: Garganacl|Garganacl, M|100/100|[from] U-turn
|-damage|p2a: Garganacl|88/100|[from] Stealth Rock
|move|p1a: Gengar|Shadow Ball|p2a: Garganacl
|-damage|p2a: Garganacl|72/100
|
|-heal|p2a: Garganacl|78/100|[from] item: Leftovers
|upkeep
|turn|22
|
|t:|1743910173
|move|p1a: Gengar|Destiny Bond|p1a: Gengar
|-singlemove|p1a: Gengar|Destiny Bond
|move|p2a: Garganacl|Salt Cure|p1a: Gengar
|-damage|p1a: Gengar|0 fnt
|faint|p1a: Gengar
|-activate|p1a: Gengar|move: Destiny Bond
|faint|p2a: Garganacl
|
|upkeep
|
|t:|1743910192
|switch|p1a: Glaceon|Glaceon, F|100/100
|switch|p2a: Samurott|Samurott-Hisui, F|58/100
|-damage|p2a: Samurott|45/100|[from] Stealth Rock
|turn|23
|
|t:|1743910196
|move|p2a: Samurott|Ceaseless Edge|p1a: Glaceon
|-damage|p1a: Glaceon|62/100
|-sidestart|p1: antwan420|Spikes
|move|p1a: Glaceon|Freeze-Dry|p2a: Samurott
|-supereffective|p2a: Samurott
|-damage|p2a: Samurott|0 fnt
|faint|p2a: Samurott
|
|upkeep
|
|t:|1743910201
|switch|p2a: Dragapult|Dragapult, M, shiny|88/100
|-damage|p2a: Dragapult|76/100|[from] Stealth Rock
|turn|24
|
|t:|1743910209
|-terastallize|p2a: Dragapult|Dragon
|move|p2a: Dragapult|Dragon Darts|p1a: Glaceon
|-damage|p1a: Glaceon|28/100
|-anim|p2a: Dragapult|Dragon Darts|p1a: Glaceon
|-damage|p1a: Glaceon|0 fnt
|faint|p1a: Glaceon
|
|upkeep
|
|t:|1743910215
|switch|p1a: Donphan|Donphan, M|84/100
|-damage|p1a: Donphan|72/100|[from] Spikes
|turn|25
|
|t:|1743910220
|move|p1a: Donphan|Ice Shard|p2a: Dragapult
|-supereffective|p2a: Dragapult
|-damage|p2a: Dragapult|47/100
|move|p2a: Dragapult|Dragon Darts|p1a: Donphan
|-damage|p1a: Donphan|54/100
|-anim|p2a: Dragapult|Dragon Darts|p1a: Donphan
|-damage|p1a: Donphan|33/100
|
|upkeep
|turn|26
|
|t:|1743910227
|move|p1a: Donphan|Ice Shard|p2a: Dragapult
|-supereffective|p2a: Dragapult
|-damage|p2a: Dragapult|17/100
|move|p2a: Dragapult|Dragon Darts|p1a: Donphan
|-damage|p1a: Donphan|15/100
|-anim|p2a: Dragapult|Dragon Darts|p1a: Donphan
|-damage|p1a: Donphan|0 fnt
|faint|p1a: Donphan
|
|upkeep
|
|t:|1743910233
|switch|p1a: Necrozma|Necrozma|100/100
|-damage|p1a: Necrozma|88/100|[from] Spikes
|turn|27
|
|t:|1743910242
|-terastallize|p1a: Necrozma|Steel
|move|p2a: Dragapult|Dragon Darts|p1a: Necrozma
|-resisted|p1a: Necrozma
|-damage|p1a: Necrozma|72/100
|-anim|p2a: Dragapult|Dragon Darts|p1a: Necrozma
|-resisted|p1a: Necrozma
|-damage|p1a: Necrozma|56/100
|move|p1a: Necrozma|Photon Geyser|p2a: Dragapult
|-damage|p2a: Dragapult|0 fnt
|faint|p2a: Dragapult
|
|upkeep
|
|t:|1743910255
|switch|p2a: Slowking|Slowking-Galar, M|69/100 par
|-damage|p2a: Slowking|57/100 par|[from] Stealth Rock
|turn|28
|
|t:|1743910259
|move|p1a: Necrozma|Meteor Beam||[still]
|-prepare|p1a: Necrozma|Meteor Beam
|-boost|p1a: Necrozma|spa|1
|cant|p2a: Slowking|par
|
|upkeep
|turn|29
|
|t:|1743910265
|move|p1a: Necrozma|Meteor Beam|p2a: Slowking|[from] lockedmove
|-crit|p2a: Slowking
|-damage|p2a: Slowking|17/100 par
|cant|p2a: Slowking|par
|
|upkeep
|turn|30
|
|t:|1743910277
|move|p1a: Necrozma|Earth Power|p2a: Slowking
|-supereffective|p2a: Slowking
|-damage|p2a: Slowking|0 fnt
|faint|p2a: Slowking
|
|upkeep
|
|t:|1743910280
|switch|p2a: Corviknight|Corviknight, M|64/100 par
|-damage|p2a: Corviknight|52/100 par|[from] Stealth Rock
|-ability|p2a: Corviknight|Pressure
|turn|31
|
|t:|1743910295
|move|p1a: Necrozma|Photon Geyser|p2a: Corviknight
|-resisted|p2a: Corviknight
|-damage|p2a: Corviknight|8/100 par
|move|p2a: Corviknight|Body Press|p1a: Necrozma
|-supereffective|p1a: Necrozma
|-damage|p1a: Necrozma|18/100
|
|upkeep
|turn|32
|
|t:|1743910304
|move|p1a: Necrozma|Photon Geyser|p2a: Corviknight
|-resisted|p2a: Corviknight
|-damage|p2a: Corviknight|0 fnt
|faint|p2a: Corviknight
|
|win|antwan420
|raw|antwan420's rating: 1329 &rarr; <strong>1349</strong><br />(+20 for winning)
|raw|ishpuppy's rating: 1327 &rarr; <strong>1307</strong><br />(-20 for losing)
|c|☆antwan420|gg
|l|☆ishpuppy
|player|p2|
|l|☆antwan420
|player|p1|
