|j|☆Aliaksiam
|j|☆mappymappy20
|t:|1743820660
|gametype|singles
|player|p1|Aliaksiam|265|1105
|player|p2|mappymappy20|flannery|1111
|teamsize|p1|6
|teamsize|p2|6
|gen|9
|tier|[Gen 9] OU
|rated|
|rule|HP Percentage Mod: HP is shown in percentages
|rule|Endless Battle Clause: Forcing endless battles is banned
|rule|Species Clause: Limit one of each Pokémon
|rule|OHKO Clause: OHKO moves are banned
|rule|Evasion Items Clause: Evasion items are banned
|rule|Evasion Moves Clause: Evasion moves are banned
|rule|Sleep Moves Clause: Sleep-inducing moves are banned
|clearpoke
|poke|p1|Comfey, F|
|poke|p1|Whimsicott, F|
|poke|p1|Iron Moth|
|poke|p1|Walking Wake|
|poke|p1|Great Tusk|
|poke|p1|Ninetales, M|
|poke|p2|Araquanid, F|
|poke|p2|Mew|
|poke|p2|Ceruledge, M|
|poke|p2|Iron Valiant|
|poke|p2|Gliscor, F|
|poke|p2|Iron Treads|
|teampreview
|inactive|Battle timer is ON: inactive players will automatically lose when time's up. (requested by mappymappy20)
|
|t:|1743820677
|start
|switch|p1a: Great Tusk|Great Tusk|100/100
|switch|p2a: giant enemy|Araquanid, F|100/100
|turn|1
|
|t:|1743820686
|move|p1a: Great Tusk|Stealth Rock|p2a: giant enemy
|-sidestart|p2: mappymappy20|move: Stealth Rock
|move|p2a: giant enemy|Liquidation|p1a: Great Tusk
|-supereffective|p1a: Great Tusk
|-damage|p1a: Great Tusk|0 fnt
|-damage|p2a: giant enemy|84/100|[from] item: Rocky Helmet|[of] p1a: Great Tusk
|faint|p1a: Great Tusk
|-end|p1a: Great Tusk|Protosynthesis|[silent]
|
|upkeep
|
|t:|1743820703
|switch|p1a: Whimsicott|Whimsicott, F|100/100
|turn|2
|
|t:|1743820708
|switch|p2a: Iron BALLS|Iron Treads|100/100
|-damage|p2a: Iron BALLS|97/100|[from] Stealth Rock
|-enditem|p2a: Iron BALLS|Booster Energy
|-activate|p2a: Iron BALLS|ability: Quark Drive|[fromitem]
|-start|p2a: Iron BALLS|quarkdrivespe
|move|p1a: Whimsicott|Growth|p1a: Whimsicott
|-boost|p1a: Whimsicott|atk|1
|-boost|p1a: Whimsicott|spa|1
|
|upkeep
|turn|3
|
|t:|1743820720
|move|p2a: Iron BALLS|Rapid Spin|p1a: Whimsicott
|-damage|p1a: Whimsicott|84/100
|-boost|p2a: Iron BALLS|spe|1
|-sideend|p2: mappymappy20|Stealth Rock|[from] move: Rapid Spin|[of] p2a: Iron BALLS
|move|p1a: Whimsicott|Giga Drain|p2a: Iron BALLS
|-damage|p2a: Iron BALLS|28/100
|-heal|p1a: Whimsicott|100/100|[from] drain|[of] p2a: Iron BALLS
|-damage|p1a: Whimsicott|91/100|[from] item: Life Orb
|
|upkeep
|turn|4
|
|t:|1743820731
|move|p2a: Iron BALLS|Knock Off|p1a: Whimsicott
|-resisted|p1a: Whimsicott
|-damage|p1a: Whimsicott|74/100
|-enditem|p1a: Whimsicott|Life Orb|[from] move: Knock Off|[of] p2a: Iron BALLS
|move|p1a: Whimsicott|Giga Drain|p2a: Iron BALLS
|-damage|p2a: Iron BALLS|0 fnt
|-heal|p1a: Whimsicott|92/100|[from] drain|[of] p2a: Iron BALLS
|faint|p2a: Iron BALLS
|-end|p2a: Iron BALLS|Quark Drive|[silent]
|
|upkeep
|
|t:|1743820736
|switch|p2a: Chris Griffin|Ceruledge, M|100/100
|turn|5
|
|t:|1743820759
|switch|p1a: Walking Wake|Walking Wake|100/100
|move|p2a: Chris Griffin|Bitter Blade|p1a: Walking Wake
|-resisted|p1a: Walking Wake
|-damage|p1a: Walking Wake|91/100
|
|upkeep
|turn|6
|
|t:|1743820777
|move|p1a: Walking Wake|Knock Off|p2a: Chris Griffin
|-supereffective|p2a: Chris Griffin
|-damage|p2a: Chris Griffin|55/100
|-ability|p2a: Chris Griffin|Weak Armor|boost
|-unboost|p2a: Chris Griffin|def|1
|-boost|p2a: Chris Griffin|spe|2
|-enditem|p2a: Chris Griffin|Focus Sash|[from] move: Knock Off|[of] p1a: Walking Wake
|move|p2a: Chris Griffin|Swords Dance|p2a: Chris Griffin
|-boost|p2a: Chris Griffin|atk|2
|
|upkeep
|turn|7
|
|t:|1743820788
|move|p2a: Chris Griffin|Poltergeist|p1a: Walking Wake
|-activate|p1a: Walking Wake|move: Poltergeist|Assault Vest
|-damage|p1a: Walking Wake|0 fnt
|faint|p1a: Walking Wake
|-end|p1a: Walking Wake|Protosynthesis|[silent]
|
|upkeep
|inactive|Aliaksiam has 120 seconds left.
|
|t:|1743820810
|switch|p1a: Iron Moth|Iron Moth|100/100
|-enditem|p1a: Iron Moth|Booster Energy
|-activate|p1a: Iron Moth|ability: Quark Drive|[fromitem]
|-start|p1a: Iron Moth|quarkdrivespa
|turn|8
|
|t:|1743820820
|move|p2a: Chris Griffin|Shadow Sneak|p1a: Iron Moth
|-damage|p1a: Iron Moth|26/100
|move|p1a: Iron Moth|Sludge Wave|p2a: Chris Griffin
|-resisted|p2a: Chris Griffin
|-damage|p2a: Chris Griffin|17/100
|
|upkeep
|turn|9
|
|t:|1743820827
|move|p2a: Chris Griffin|Shadow Sneak|p1a: Iron Moth
|-damage|p1a: Iron Moth|0 fnt
|faint|p1a: Iron Moth
|-end|p1a: Iron Moth|Quark Drive|[silent]
|
|upkeep
|
|t:|1743820834
|switch|p1a: Ninetales|Ninetales, M|100/100
|-weather|SunnyDay|[from] ability: Drought|[of] p1a: Ninetales
|turn|10
|
|t:|1743820840
|move|p2a: Chris Griffin|Poltergeist|p1a: Ninetales
|-activate|p1a: Ninetales|move: Poltergeist|Heat Rock
|-damage|p1a: Ninetales|0 fnt
|faint|p1a: Ninetales
|
|-weather|SunnyDay|[upkeep]
|upkeep
|
|t:|1743820848
|switch|p1a: Whimsicott|Whimsicott, F|92/100
|turn|11
|
|t:|1743820853
|-terastallize|p1a: Whimsicott|Ghost
|move|p2a: Chris Griffin|Bitter Blade|p1a: Whimsicott
|-damage|p1a: Whimsicott|0 fnt
|-heal|p2a: Chris Griffin|64/100|[from] drain|[of] p1a: Whimsicott
|faint|p1a: Whimsicott
|
|-weather|SunnyDay|[upkeep]
|upkeep
|
|t:|1743820860
|switch|p1a: Comfey|Comfey, F|100/100
|turn|12
|
|t:|1743820876
|move|p1a: Comfey|Draining Kiss|p2a: Chris Griffin
|-resisted|p2a: Chris Griffin
|-damage|p2a: Chris Griffin|48/100
|-damage|p1a: Comfey|91/100|[from] item: Life Orb
|move|p2a: Chris Griffin|Poltergeist|p1a: Comfey
|-activate|p1a: Comfey|move: Poltergeist|Life Orb
|-damage|p1a: Comfey|0 fnt
|faint|p1a: Comfey
|
|win|mappymappy20
|raw|Aliaksiam's rating: 1105 &rarr; <strong>1080</strong><br />(-25 for losing)
|raw|mappymappy20's rating: 1111 &rarr; <strong>1136</strong><br />(+25 for winning)
