|j|☆splintertwonz
|j|☆IASASAY
|t:|1743804910
|gametype|singles
|player|p1|splintertwonz|jasmine-gen2|1046
|player|p2|IASASAY|ghetsis|1000
|teamsize|p1|6
|teamsize|p2|6
|gen|9
|tier|[Gen 9] OU
|rated|
|rule|HP Percentage Mod: HP is shown in percentages
|rule|Endless Battle Clause: Forcing endless battles is banned
|rule|Species Clause: Limit one of each Pokémon
|rule|OHKO Clause: OHKO moves are banned
|rule|Evasion Items Clause: Evasion items are banned
|rule|Evasion Moves Clause: Evasion moves are banned
|rule|Sleep Moves Clause: Sleep-inducing moves are banned
|clearpoke
|poke|p1|Gholdengo|
|poke|p1|Rotom-Wash|
|poke|p1|Iron Treads|
|poke|p1|Dragapult, M|
|poke|p1|Ting-Lu|
|poke|p1|Hoopa-Unbound|
|poke|p2|Inteleon, F|
|poke|p2|Dragapult, F|
|poke|p2|Cinderace, M|
|poke|p2|Corviknight, F|
|poke|p2|Alomomola, M|
|poke|p2|Ting-Lu|
|teampreview
|
|t:|1743804916
|start
|switch|p1a: BaileyJay|Dragapult, M|100/100
|switch|p2a: Inteleon|Inteleon, F|100/100
|turn|1
|
|t:|1743804923
|switch|p2a: Ting-Lu|Ting-Lu|100/100
|-ability|p2a: Ting-Lu|Vessel of Ruin
|move|p1a: BaileyJay|Dragon Darts|p2a: Ting-Lu
|-damage|p2a: Ting-Lu|88/100
|-anim|p1a: BaileyJay|Dragon Darts|p2a: Ting-Lu
|-damage|p2a: Ting-Lu|75/100
|
|-heal|p2a: Ting-Lu|81/100|[from] item: Leftovers
|upkeep
|turn|2
|
|t:|1743804933
|move|p1a: BaileyJay|U-turn|p2a: Ting-Lu
|-supereffective|p2a: Ting-Lu
|-crit|p2a: Ting-Lu
|-damage|p2a: Ting-Lu|44/100
|
|t:|1743804941
|switch|p1a: 9inchTrunk|Iron Treads|100/100|[from] U-turn
|-enditem|p1a: 9inchTrunk|Booster Energy
|-activate|p1a: 9inchTrunk|ability: Quark Drive|[fromitem]
|-start|p1a: 9inchTrunk|quarkdriveatk
|move|p2a: Ting-Lu|Ruination|p1a: 9inchTrunk
|-damage|p1a: 9inchTrunk|51/100
|
|-heal|p2a: Ting-Lu|50/100|[from] item: Leftovers
|upkeep
|turn|3
|
|t:|1743804957
|switch|p2a: Alomomola|Alomomola, M|100/100
|move|p1a: 9inchTrunk|Iron Head|p2a: Alomomola
|-resisted|p2a: Alomomola
|-damage|p2a: Alomomola|86/100
|
|upkeep
|turn|4
|
|t:|1743804970
|-end|p1a: 9inchTrunk|Quark Drive|[silent]
|switch|p1a: Step-sis Trapper|Rotom-Wash|100/100
|move|p2a: Alomomola|Wish|p2a: Alomomola
|
|upkeep
|turn|5
|
|t:|1743804975
|move|p1a: Step-sis Trapper|Will-O-Wisp|p2a: Alomomola|[miss]
|-miss|p1a: Step-sis Trapper|p2a: Alomomola
|move|p2a: Alomomola|Flip Turn|p1a: Step-sis Trapper
|-resisted|p1a: Step-sis Trapper
|-damage|p1a: Step-sis Trapper|94/100
|-damage|p2a: Alomomola|69/100|[from] item: Rocky Helmet|[of] p1a: Step-sis Trapper
|
|t:|1743804984
|switch|p2a: Ting-Lu|Ting-Lu|50/100|[from] Flip Turn
|-ability|p2a: Ting-Lu|Vessel of Ruin
|
|-heal|p2a: Ting-Lu|100/100|[from] move: Wish|[wisher] Alomomola
|upkeep
|turn|6
|
|t:|1743804994
|move|p1a: Step-sis Trapper|Pain Split|p2a: Ting-Lu
|-sethp|p2a: Ting-Lu|78/100|[from] move: Pain Split|[silent]
|-sethp|p1a: Step-sis Trapper|100/100|[from] move: Pain Split
|move|p2a: Ting-Lu|Ruination|p1a: Step-sis Trapper
|-damage|p1a: Step-sis Trapper|50/100
|
|-heal|p2a: Ting-Lu|84/100|[from] item: Leftovers
|upkeep
|turn|7
|
|t:|1743805003
|move|p1a: Step-sis Trapper|Will-O-Wisp|p2a: Ting-Lu
|-status|p2a: Ting-Lu|brn
|move|p2a: Ting-Lu|Ruination|p1a: Step-sis Trapper
|-damage|p1a: Step-sis Trapper|25/100
|
|-heal|p2a: Ting-Lu|90/100 brn|[from] item: Leftovers
|-damage|p2a: Ting-Lu|84/100 brn|[from] brn
|upkeep
|turn|8
|
|t:|1743805013
|move|p1a: Step-sis Trapper|Pain Split|p2a: Ting-Lu
|-sethp|p2a: Ting-Lu|50/100 brn|[from] move: Pain Split|[silent]
|-sethp|p1a: Step-sis Trapper|84/100|[from] move: Pain Split
|move|p2a: Ting-Lu|Ruination|p1a: Step-sis Trapper
|-damage|p1a: Step-sis Trapper|42/100
|
|-heal|p2a: Ting-Lu|56/100 brn|[from] item: Leftovers
|-damage|p2a: Ting-Lu|50/100 brn|[from] brn
|upkeep
|turn|9
|
|t:|1743805023
|move|p1a: Step-sis Trapper|Hydro Pump|p2a: Ting-Lu|[miss]
|-miss|p1a: Step-sis Trapper|p2a: Ting-Lu
|move|p2a: Ting-Lu|Ruination|p1a: Step-sis Trapper
|-damage|p1a: Step-sis Trapper|22/100
|
|-heal|p2a: Ting-Lu|56/100 brn|[from] item: Leftovers
|-damage|p2a: Ting-Lu|50/100 brn|[from] brn
|upkeep
|turn|10
|
|t:|1743805033
|move|p1a: Step-sis Trapper|Pain Split|p2a: Ting-Lu
|-sethp|p2a: Ting-Lu|31/100 brn|[from] move: Pain Split|[silent]
|-sethp|p1a: Step-sis Trapper|52/100|[from] move: Pain Split
|move|p2a: Ting-Lu|Ruination|p1a: Step-sis Trapper
|-damage|p1a: Step-sis Trapper|26/100
|
|-heal|p2a: Ting-Lu|37/100 brn|[from] item: Leftovers
|-damage|p2a: Ting-Lu|31/100 brn|[from] brn
|upkeep
|turn|11
|
|t:|1743805043
|move|p1a: Step-sis Trapper|Hydro Pump|p2a: Ting-Lu
|-supereffective|p2a: Ting-Lu
|-damage|p2a: Ting-Lu|0 fnt
|faint|p2a: Ting-Lu
|
|upkeep
|
|t:|1743805055
|switch|p2a: Dragapult|Dragapult, F|100/100
|turn|12
|
|t:|1743805059
|-terastallize|p2a: Dragapult|Ghost
|move|p2a: Dragapult|Tera Blast|p1a: Step-sis Trapper|[anim] Tera Blast Ghost
|-damage|p1a: Step-sis Trapper|0 fnt
|faint|p1a: Step-sis Trapper
|
|upkeep
|
|t:|1743805066
|switch|p1a: xx420BowlHead|Ting-Lu|100/100
|-ability|p1a: xx420BowlHead|Vessel of Ruin
|turn|13
|
|t:|1743805071
|switch|p2a: Inteleon|Inteleon, F|100/100
|move|p1a: xx420BowlHead|Earthquake|p2a: Inteleon
|-damage|p2a: Inteleon|31/100
|
|upkeep
|turn|14
|
|t:|1743805082
|move|p2a: Inteleon|U-turn|p1a: xx420BowlHead
|-supereffective|p1a: xx420BowlHead
|-damage|p1a: xx420BowlHead|86/100
|
|t:|1743805084
|switch|p2a: Alomomola|Alomomola, M|100/100|[from] U-turn
|move|p1a: xx420BowlHead|Spikes|p2a: Alomomola
|-sidestart|p2: IASASAY|Spikes
|
|-heal|p1a: xx420BowlHead|92/100|[from] item: Leftovers
|upkeep
|turn|15
|
|t:|1743805093
|move|p2a: Alomomola|Scald|p1a: xx420BowlHead
|-supereffective|p1a: xx420BowlHead
|-damage|p1a: xx420BowlHead|81/100
|move|p1a: xx420BowlHead|Spikes|p2a: Alomomola
|-sidestart|p2: IASASAY|Spikes
|
|-heal|p1a: xx420BowlHead|87/100|[from] item: Leftovers
|upkeep
|turn|16
|
|t:|1743805101
|move|p2a: Alomomola|Scald|p1a: xx420BowlHead
|-supereffective|p1a: xx420BowlHead
|-damage|p1a: xx420BowlHead|76/100
|-status|p1a: xx420BowlHead|brn
|move|p1a: xx420BowlHead|Ruination|p2a: Alomomola
|-damage|p2a: Alomomola|50/100
|
|-heal|p1a: xx420BowlHead|83/100 brn|[from] item: Leftovers
|-damage|p1a: xx420BowlHead|76/100 brn|[from] brn
|upkeep
|turn|17
|
|t:|1743805113
|move|p2a: Alomomola|Wish|p2a: Alomomola
|move|p1a: xx420BowlHead|Whirlwind|p2a: Alomomola
|drag|p2a: Dragapult|Dragapult, F, tera:Ghost|100/100
|-damage|p2a: Dragapult|84/100|[from] Spikes
|
|-heal|p1a: xx420BowlHead|83/100 brn|[from] item: Leftovers
|-damage|p1a: xx420BowlHead|76/100 brn|[from] brn
|upkeep
|turn|18
|
|t:|1743805124
|move|p2a: Dragapult|Dragon Darts|p1a: xx420BowlHead
|-damage|p1a: xx420BowlHead|56/100 brn
|-anim|p2a: Dragapult|Dragon Darts|p1a: xx420BowlHead
|-damage|p1a: xx420BowlHead|36/100 brn
|move|p1a: xx420BowlHead|Whirlwind|p2a: Dragapult
|drag|p2a: Corviknight|Corviknight, F|100/100
|-ability|p2a: Corviknight|Pressure
|
|-heal|p1a: xx420BowlHead|43/100 brn|[from] item: Leftovers
|-damage|p1a: xx420BowlHead|36/100 brn|[from] brn
|upkeep
|turn|19
|
|t:|1743805136
|switch|p2a: Alomomola|Alomomola, M|84/100
|switch|p1a: Iron Diddy|Gholdengo|100/100
|
|upkeep
|turn|20
|
|t:|1743805145
|move|p1a: Iron Diddy|Thunder Wave|p2a: Alomomola
|-status|p2a: Alomomola|par
|cant|p2a: Alomomola|par
|
|upkeep
|turn|21
|
|t:|1743805151
|move|p1a: Iron Diddy|Hex|p2a: Alomomola
|-damage|p2a: Alomomola|16/100 par
|move|p2a: Alomomola|Flip Turn|p1a: Iron Diddy
|-damage|p1a: Iron Diddy|89/100
|
|t:|1743805161
|switch|p2a: Cinderace|Cinderace, M|100/100|[from] Flip Turn
|
|-heal|p1a: Iron Diddy|95/100|[from] item: Leftovers
|upkeep
|turn|22
|
|t:|1743805171
|move|p2a: Cinderace|Court Change|p2a: Cinderace
|-start|p2a: Cinderace|typechange|Normal|[from] ability: Libero
|-swapsideconditions
|-activate|p2a: Cinderace|move: Court Change
|move|p1a: Iron Diddy|Thunder Wave|p2a: Cinderace
|-status|p2a: Cinderace|par
|
|-heal|p1a: Iron Diddy|100/100|[from] item: Leftovers
|upkeep
|turn|23
|
|t:|1743805180
|move|p1a: Iron Diddy|Make It Rain|p2a: Cinderace
|-damage|p2a: Cinderace|18/100 par
|-unboost|p1a: Iron Diddy|spa|1
|move|p2a: Cinderace|Pyro Ball|p1a: Iron Diddy
|-supereffective|p1a: Iron Diddy
|-damage|p1a: Iron Diddy|40/100
|-status|p1a: Iron Diddy|brn
|
|-heal|p1a: Iron Diddy|47/100 brn|[from] item: Leftovers
|-damage|p1a: Iron Diddy|40/100 brn|[from] brn
|upkeep
|turn|24
|
|t:|1743805193
|move|p1a: Iron Diddy|Recover|p1a: Iron Diddy
|-heal|p1a: Iron Diddy|90/100 brn
|move|p2a: Cinderace|U-turn|p1a: Iron Diddy
|-resisted|p1a: Iron Diddy
|-damage|p1a: Iron Diddy|87/100 brn
|
|t:|1743805199
|switch|p2a: Dragapult|Dragapult, F, tera:Ghost|84/100|[from] U-turn
|
|-heal|p1a: Iron Diddy|93/100 brn|[from] item: Leftovers
|-damage|p1a: Iron Diddy|87/100 brn|[from] brn
|upkeep
|turn|25
|
|t:|1743805207
|-terastallize|p1a: Iron Diddy|Fairy
|move|p2a: Dragapult|U-turn|p1a: Iron Diddy
|-resisted|p1a: Iron Diddy
|-damage|p1a: Iron Diddy|74/100 brn
|
|t:|1743805211
|switch|p2a: Cinderace|Cinderace, M|18/100 par|[from] U-turn
|move|p1a: Iron Diddy|Thunder Wave|p2a: Cinderace
|-fail|p2a: Cinderace|par
|
|-heal|p1a: Iron Diddy|80/100 brn|[from] item: Leftovers
|-damage|p1a: Iron Diddy|74/100 brn|[from] brn
|upkeep
|turn|26
|
|t:|1743805222
|move|p1a: Iron Diddy|Hex|p2a: Cinderace
|-damage|p2a: Cinderace|0 fnt
|faint|p2a: Cinderace
|
|-heal|p1a: Iron Diddy|80/100 brn|[from] item: Leftovers
|-damage|p1a: Iron Diddy|74/100 brn|[from] brn
|upkeep
|
|t:|1743805230
|switch|p2a: Inteleon|Inteleon, F|31/100
|turn|27
|
|t:|1743805237
|move|p2a: Inteleon|Surf|p1a: Iron Diddy
|-damage|p1a: Iron Diddy|0 fnt
|faint|p1a: Iron Diddy
|
|upkeep
|
|t:|1743805242
|switch|p1a: BaileyJay|Dragapult, M|100/100
|turn|28
|
|t:|1743805255
|switch|p2a: Alomomola|Alomomola, M|49/100 par
|move|p1a: BaileyJay|Dragon Dance|p1a: BaileyJay
|-boost|p1a: BaileyJay|atk|1
|-boost|p1a: BaileyJay|spe|1
|
|upkeep
|turn|29
|
|t:|1743805262
|move|p1a: BaileyJay|Dragon Dance|p1a: BaileyJay
|-boost|p1a: BaileyJay|atk|1
|-boost|p1a: BaileyJay|spe|1
|move|p2a: Alomomola|Play Rough|p1a: BaileyJay
|-supereffective|p1a: BaileyJay
|-damage|p1a: BaileyJay|59/100
|
|upkeep
|turn|30
|
|t:|1743805276
|switch|p2a: Inteleon|Inteleon, F|31/100
|move|p1a: BaileyJay|Dragon Darts|p2a: Inteleon
|-damage|p2a: Inteleon|0 fnt
|faint|p2a: Inteleon
|
|upkeep
|
|t:|1743805284
|switch|p2a: Dragapult|Dragapult, F, tera:Ghost|84/100
|turn|31
|
|t:|1743805287
|move|p2a: Dragapult|Sucker Punch|p1a: BaileyJay
|-supereffective|p1a: BaileyJay
|-crit|p1a: BaileyJay
|-damage|p1a: BaileyJay|0 fnt
|faint|p1a: BaileyJay
|
|upkeep
|
|t:|1743805301
|switch|p1a: xx420BowlHead|Ting-Lu|36/100 brn
|-damage|p1a: xx420BowlHead|20/100 brn|[from] Spikes
|-ability|p1a: xx420BowlHead|Vessel of Ruin
|turn|32
|
|t:|1743805309
|switch|p2a: Alomomola|Alomomola, M|82/100 par
|move|p1a: xx420BowlHead|Whirlwind|p2a: Alomomola
|drag|p2a: Dragapult|Dragapult, F, tera:Ghost|84/100
|
|-heal|p1a: xx420BowlHead|26/100 brn|[from] item: Leftovers
|-damage|p1a: xx420BowlHead|20/100 brn|[from] brn
|upkeep
|turn|33
|
|t:|1743805319
|move|p2a: Dragapult|Dragon Darts|p1a: xx420BowlHead
|-damage|p1a: xx420BowlHead|0 fnt
|faint|p1a: xx420BowlHead
|
|upkeep
|
|t:|1743805324
|switch|p1a: 9inchTrunk|Iron Treads|51/100
|-damage|p1a: 9inchTrunk|34/100|[from] Spikes
|turn|34
|
|t:|1743805331
|switch|p2a: Alomomola|Alomomola, M|100/100 par
|move|p1a: 9inchTrunk|Earthquake|p2a: Alomomola
|-damage|p2a: Alomomola|72/100 par
|
|upkeep
|turn|35
|
|t:|1743805339
|switch|p2a: Dragapult|Dragapult, F, tera:Ghost|84/100
|move|p1a: 9inchTrunk|Rapid Spin|p2a: Dragapult
|-immune|p2a: Dragapult
|
|upkeep
|turn|36
|
|t:|1743805348
|move|p2a: Dragapult|Tera Blast|p1a: 9inchTrunk|[anim] Tera Blast Ghost
|-damage|p1a: 9inchTrunk|0 fnt
|faint|p1a: 9inchTrunk
|-end|p1a: 9inchTrunk|Quark Drive|[silent]
|
|upkeep
|inactive|Battle timer is ON: inactive players will automatically lose when time's up. (requested by IASASAY)
|-message|splintertwonz forfeited.
|
|win|IASASAY
|raw|splintertwonz's rating: 1075 &rarr; <strong>1049</strong><br />(-26 for losing)
|raw|IASASAY's rating: 1000 &rarr; <strong>1049</strong><br />(+49 for winning)
|l|☆splintertwonz
|player|p1|
