|j|☆kshuaib734
|j|☆a jellyfish
|t:|1743806585
|gametype|singles
|player|p1|kshuaib734|steven|1648
|player|p2|a jellyfish|fisherman-gen4|1676
|teamsize|p1|6
|teamsize|p2|6
|gen|9
|tier|[Gen 9] OU
|rated|
|rule|HP Percentage Mod: HP is shown in percentages
|rule|Endless Battle Clause: Forcing endless battles is banned
|rule|Species Clause: Limit one of each Pokémon
|rule|OHKO Clause: OHKO moves are banned
|rule|Evasion Items Clause: Evasion items are banned
|rule|Evasion Moves Clause: Evasion moves are banned
|rule|Sleep Moves Clause: Sleep-inducing moves are banned
|clearpoke
|poke|p1|Tyranitar, F|
|poke|p1|Jolteon, F|
|poke|p1|Pelipper, F|
|poke|p1|Quaquaval, M|
|poke|p1|Overqwil, M|
|poke|p1|Excadrill, M|
|poke|p2|Blaziken, M|
|poke|p2|Iron Treads|
|poke|p2|Dragonite, F|
|poke|p2|Iron Valiant|
|poke|p2|Hawlucha, F|
|poke|p2|Pecharunt|
|teampreview
|inactive|Battle timer is ON: inactive players will automatically lose when time's up. (requested by a jellyfish)
|inactive|kshuaib734 also wants the timer to be on.
|
|t:|1743806604
|start
|switch|p1a: Tyrant's Downpour|Pelipper, F|100/100
|switch|p2a: Iron Treads|Iron Treads|100/100
|-weather|RainDance|[from] ability: Drizzle|[of] p1a: Tyrant's Downpour
|-enditem|p2a: Iron Treads|Booster Energy
|-activate|p2a: Iron Treads|ability: Quark Drive|[fromitem]
|-start|p2a: Iron Treads|quarkdrivespe
|turn|1
|j| Deadbyflinch
|
|t:|1743806619
|move|p2a: Iron Treads|Stealth Rock|p1a: Tyrant's Downpour
|-sidestart|p1: kshuaib734|move: Stealth Rock
|move|p1a: Tyrant's Downpour|Weather Ball|p2a: Iron Treads
|-supereffective|p2a: Iron Treads
|-crit|p2a: Iron Treads
|-damage|p2a: Iron Treads|0 fnt
|faint|p2a: Iron Treads
|-end|p2a: Iron Treads|Quark Drive|[silent]
|
|-weather|RainDance|[upkeep]
|upkeep
|
|t:|1743806623
|switch|p2a: Dragonite|Dragonite, F, shiny|100/100
|turn|2
|
|t:|1743806633
|move|p2a: Dragonite|Dragon Dance|p2a: Dragonite
|-boost|p2a: Dragonite|atk|1
|-boost|p2a: Dragonite|spe|1
|move|p1a: Tyrant's Downpour|U-turn|p2a: Dragonite
|-resisted|p2a: Dragonite
|-damage|p2a: Dragonite|98/100
|j| Jimmy Powka
|
|t:|1743806654
|switch|p1a: King Tyrant|Tyranitar, F|100/100|[from] U-turn
|-damage|p1a: King Tyrant|88/100|[from] Stealth Rock
|-weather|Sandstorm|[from] ability: Sand Stream|[of] p1a: King Tyrant
|
|-weather|Sandstorm|[upkeep]
|-damage|p2a: Dragonite|92/100|[from] Sandstorm
|upkeep
|turn|3
|
|t:|1743806666
|move|p2a: Dragonite|Earthquake|p1a: King Tyrant
|-supereffective|p1a: King Tyrant
|-damage|p1a: King Tyrant|12/100
|-enditem|p1a: King Tyrant|Weakness Policy
|-boost|p1a: King Tyrant|atk|2|[from] item: Weakness Policy
|-boost|p1a: King Tyrant|spa|2|[from] item: Weakness Policy
|move|p1a: King Tyrant|Ice Beam|p2a: Dragonite
|-supereffective|p2a: Dragonite
|-damage|p2a: Dragonite|0 fnt
|faint|p2a: Dragonite
|
|-weather|Sandstorm|[upkeep]
|upkeep
|c|☆kshuaib734|ALL HAIL KING TYRANT
|
|t:|1743806681
|switch|p2a: Hawlucha|Hawlucha, F|100/100
|-ability|p2a: Hawlucha|Mold Breaker
|turn|4
|
|t:|1743806686
|-terastallize|p1a: King Tyrant|Ghost
|move|p2a: Hawlucha|Brave Bird|p1a: King Tyrant
|-damage|p1a: King Tyrant|0 fnt
|faint|p1a: King Tyrant
|-damage|p2a: Hawlucha|95/100|[from] Recoil
|
|-weather|Sandstorm|[upkeep]
|-damage|p2a: Hawlucha|89/100|[from] Sandstorm
|-heal|p2a: Hawlucha|95/100|[from] item: Leftovers
|upkeep
|
|t:|1743806700
|switch|p1a: Tyrant's Legacy|Excadrill, M|100/100
|-damage|p1a: Tyrant's Legacy|97/100|[from] Stealth Rock
|turn|5
|
|t:|1743806704
|move|p1a: Tyrant's Legacy|Iron Head|p2a: Hawlucha
|-damage|p2a: Hawlucha|0 fnt
|faint|p2a: Hawlucha
|-damage|p1a: Tyrant's Legacy|88/100|[from] item: Life Orb
|
|-weather|Sandstorm|[upkeep]
|upkeep
|
|t:|1743806717
|switch|p2a: Pecharunt|Pecharunt|100/100
|turn|6
|
|t:|1743806722
|move|p1a: Tyrant's Legacy|Iron Head|p2a: Pecharunt
|-damage|p2a: Pecharunt|67/100
|-damage|p1a: Tyrant's Legacy|78/100|[from] item: Life Orb
|move|p2a: Pecharunt|Parting Shot|p1a: Tyrant's Legacy
|-unboost|p1a: Tyrant's Legacy|atk|1
|-unboost|p1a: Tyrant's Legacy|spa|1
|
|t:|1743806732
|switch|p2a: Blaziken|Blaziken, M, shiny|100/100|[from] Parting Shot
|
|-weather|none
|upkeep
|turn|7
|
|t:|1743806740
|-terastallize|p2a: Blaziken|Ghost
|move|p2a: Blaziken|Swords Dance|p2a: Blaziken
|-boost|p2a: Blaziken|atk|2
|move|p1a: Tyrant's Legacy|Rapid Spin|p2a: Blaziken
|-immune|p2a: Blaziken
|
|-ability|p2a: Blaziken|Speed Boost|boost
|-boost|p2a: Blaziken|spe|1
|upkeep
|turn|8
|
|t:|1743806758
|move|p2a: Blaziken|Swords Dance|p2a: Blaziken
|-boost|p2a: Blaziken|atk|2
|move|p1a: Tyrant's Legacy|Earthquake|p2a: Blaziken
|-damage|p2a: Blaziken|27/100
|-damage|p1a: Tyrant's Legacy|68/100|[from] item: Life Orb
|
|-heal|p2a: Blaziken|33/100|[from] item: Leftovers
|-ability|p2a: Blaziken|Speed Boost|boost
|-boost|p2a: Blaziken|spe|1
|upkeep
|turn|9
|
|t:|1743806768
|move|p2a: Blaziken|Tera Blast|p1a: Tyrant's Legacy|[anim] Tera Blast Ghost
|-damage|p1a: Tyrant's Legacy|0 fnt
|faint|p1a: Tyrant's Legacy
|
|-heal|p2a: Blaziken|39/100|[from] item: Leftovers
|-ability|p2a: Blaziken|Speed Boost|boost
|-boost|p2a: Blaziken|spe|1
|upkeep
|
|t:|1743806775
|switch|p1a: Tyrant's Downpour|Pelipper, F|100/100
|-damage|p1a: Tyrant's Downpour|75/100|[from] Stealth Rock
|-weather|RainDance|[from] ability: Drizzle|[of] p1a: Tyrant's Downpour
|turn|10
|
|t:|1743806780
|move|p2a: Blaziken|Tera Blast|p1a: Tyrant's Downpour|[anim] Tera Blast Ghost
|-damage|p1a: Tyrant's Downpour|0 fnt
|faint|p1a: Tyrant's Downpour
|
|-weather|RainDance|[upkeep]
|-heal|p2a: Blaziken|45/100|[from] item: Leftovers
|-ability|p2a: Blaziken|Speed Boost|boost
|-boost|p2a: Blaziken|spe|1
|upkeep
|c|☆kshuaib734|ggwp
|
|t:|1743806788
|switch|p1a: Tyrant's Endgame|Quaquaval, M|100/100
|-damage|p1a: Tyrant's Endgame|94/100|[from] Stealth Rock
|turn|11
|c|☆a jellyfish|gg
|
|t:|1743806793
|move|p1a: Tyrant's Endgame|Aqua Jet|p2a: Blaziken
|-damage|p2a: Blaziken|0 fnt
|faint|p2a: Blaziken
|-ability|p1a: Tyrant's Endgame|Moxie|boost
|-boost|p1a: Tyrant's Endgame|atk|1
|
|-weather|RainDance|[upkeep]
|upkeep
|-message|a jellyfish forfeited.
|
|win|kshuaib734
|raw|kshuaib734's rating: 1648 &rarr; <strong>1670</strong><br />(+22 for winning)
|raw|a jellyfish's rating: 1676 &rarr; <strong>1654</strong><br />(-22 for losing)
|l|☆a jellyfish
|player|p2|
|l| Jimmy Powka
|l|☆kshuaib734
|player|p1|
