|j|☆johnlee17
|j|☆sauceybake
|t:|1743782652
|gametype|singles
|player|p1|johnlee17|266|1219
|player|p2|sauceybake|riley|1179
|teamsize|p1|6
|teamsize|p2|6
|gen|9
|tier|[Gen 9] OU
|rated|
|rule|HP Percentage Mod: HP is shown in percentages
|rule|Endless Battle Clause: Forcing endless battles is banned
|rule|Species Clause: Limit one of each Pokémon
|rule|OHKO Clause: OHKO moves are banned
|rule|Evasion Items Clause: Evasion items are banned
|rule|Evasion Moves Clause: Evasion moves are banned
|rule|Sleep Moves Clause: Sleep-inducing moves are banned
|clearpoke
|poke|p1|Volcanion|
|poke|p1|Maushold-Four|
|poke|p1|Articuno-Galar|
|poke|p1|Mudsdale, F|
|poke|p1|Muk-Alola, M|
|poke|p1|Iron Hands|
|poke|p2|Honchkrow, M|
|poke|p2|Krookodile, M|
|poke|p2|Tentacruel, M|
|poke|p2|Brambleghast, M|
|poke|p2|Araquanid, M|
|poke|p2|Poliwrath, M|
|teampreview
|
|t:|1743782660
|start
|switch|p1a: Maushold|Maushold-Four|100/100
|switch|p2a: Tentacruel|Tentacruel, M|100/100
|turn|1
|
|t:|1743782667
|move|p1a: Maushold|Population Bomb|p2a: Tentacruel
|-damage|p2a: Tentacruel|90/100
|-damage|p2a: Tentacruel|79/100
|-damage|p2a: Tentacruel|67/100
|-damage|p2a: Tentacruel|56/100
|-crit|p2a: Tentacruel
|-damage|p2a: Tentacruel|40/100
|-damage|p2a: Tentacruel|29/100
|-damage|p2a: Tentacruel|19/100
|-damage|p2a: Tentacruel|7/100
|-damage|p2a: Tentacruel|0 fnt
|faint|p2a: Tentacruel
|-hitcount|p2: Tentacruel|9
|
|upkeep
|
|t:|1743782672
|switch|p2a: Poliwrath|Poliwrath, M|100/100
|turn|2
|
|t:|1743782687
|switch|p2a: Brambleghast|Brambleghast, M|100/100
|move|p1a: Maushold|Population Bomb|p2a: Brambleghast
|-immune|p2a: Brambleghast
|
|upkeep
|turn|3
|
|t:|1743782697
|move|p1a: Maushold|Tidy Up|p1a: Maushold
|-boost|p1a: Maushold|atk|1
|-boost|p1a: Maushold|spe|1
|move|p2a: Brambleghast|Rapid Spin|p1a: Maushold
|-damage|p1a: Maushold|78/100
|-boost|p2a: Brambleghast|spe|1
|
|upkeep
|turn|4
|
|t:|1743782705
|move|p1a: Maushold|Beat Up|p2a: Brambleghast
|-supereffective|p2a: Brambleghast
|-damage|p2a: Brambleghast|77/100
|-supereffective|p2a: Brambleghast
|-damage|p2a: Brambleghast|49/100
|-supereffective|p2a: Brambleghast
|-crit|p2a: Brambleghast
|-damage|p2a: Brambleghast|12/100
|-supereffective|p2a: Brambleghast
|-damage|p2a: Brambleghast|0 fnt
|faint|p2a: Brambleghast
|-hitcount|p2: Brambleghast|4
|
|upkeep
|
|t:|1743782725
|switch|p2a: Honchkrow|Honchkrow, M|100/100
|turn|5
|
|t:|1743782730
|move|p2a: Honchkrow|Sucker Punch|p1a: Maushold
|-damage|p1a: Maushold|20/100
|move|p1a: Maushold|Population Bomb|p2a: Honchkrow
|-damage|p2a: Honchkrow|75/100
|-damage|p2a: Honchkrow|47/100
|-damage|p2a: Honchkrow|21/100
|-damage|p2a: Honchkrow|0 fnt
|faint|p2a: Honchkrow
|-hitcount|p2: Honchkrow|4
|
|upkeep
|
|t:|1743782735
|switch|p2a: Araquanid|Araquanid, M|100/100
|turn|6
|
|t:|1743782744
|move|p1a: Maushold|Population Bomb|p2a: Araquanid
|-damage|p2a: Araquanid|83/100
|-hitcount|p2a: Araquanid|1
|move|p2a: Araquanid|Leech Life|p1a: Maushold
|-damage|p1a: Maushold|0 fnt
|-heal|p2a: Araquanid|92/100|[from] drain|[of] p1a: Maushold
|faint|p1a: Maushold
|
|upkeep
|c|☆sauceybake|no crit w/ super Luck scope ;-;
|
|t:|1743782754
|switch|p1a: Iron Hands|Iron Hands|100/100
|turn|7
|
|t:|1743782758
|switch|p2a: Krookodile|Krookodile, M|100/100
|move|p1a: Iron Hands|Swords Dance|p1a: Iron Hands
|-boost|p1a: Iron Hands|atk|2
|
|upkeep
|turn|8
|
|t:|1743782765
|move|p1a: Iron Hands|Drain Punch|p2a: Krookodile
|-supereffective|p2a: Krookodile
|-enditem|p2a: Krookodile|Focus Sash
|-damage|p2a: Krookodile|1/100
|move|p2a: Krookodile|Counter|p1a: Iron Hands
|-damage|p1a: Iron Hands|0 fnt
|faint|p1a: Iron Hands
|-end|p1a: Iron Hands|Quark Drive|[silent]
|-ability|p2a: Krookodile|Moxie|boost
|-boost|p2a: Krookodile|atk|1
|
|upkeep
|
|t:|1743782773
|switch|p1a: Muk|Muk-Alola, M|100/100
|turn|9
|
|t:|1743782777
|move|p1a: Muk|Shadow Sneak|p2a: Krookodile
|-resisted|p2a: Krookodile
|-damage|p2a: Krookodile|0 fnt
|faint|p2a: Krookodile
|
|upkeep
|
|t:|1743782785
|switch|p2a: Araquanid|Araquanid, M|92/100
|turn|10
|
|t:|1743782790
|switch|p1a: Articuno|Articuno-Galar|100/100
|move|p2a: Araquanid|Sticky Web|p1a: Articuno
|-sidestart|p1: johnlee17|move: Sticky Web
|
|upkeep
|turn|11
|
|t:|1743782797
|move|p1a: Articuno|Agility|p1a: Articuno
|-boost|p1a: Articuno|spe|2
|move|p2a: Araquanid|Sticky Web||[still]
|-fail|p2a: Araquanid
|
|upkeep
|turn|12
|c|☆sauceybake|F*k
|
|t:|1743782804
|move|p1a: Articuno|Air Slash|p2a: Araquanid
|-supereffective|p2a: Araquanid
|-damage|p2a: Araquanid|34/100
|move|p2a: Araquanid|Sticky Web||[still]
|-fail|p2a: Araquanid
|
|upkeep
|turn|13
|c|☆sauceybake|item
|
|t:|1743782810
|move|p1a: Articuno|Air Slash|p2a: Araquanid
|-supereffective|p2a: Araquanid
|-damage|p2a: Araquanid|0 fnt
|faint|p2a: Araquanid
|
|upkeep
|
|t:|1743782812
|switch|p2a: Poliwrath|Poliwrath, M|100/100
|turn|14
|
|t:|1743782819
|-terastallize|p2a: Poliwrath|Ground
|move|p1a: Articuno|Freezing Glare|p2a: Poliwrath
|-damage|p2a: Poliwrath|51/100
|move|p2a: Poliwrath|Dynamic Punch|p1a: Articuno
|-resisted|p1a: Articuno
|-damage|p1a: Articuno|89/100
|-start|p1a: Articuno|confusion
|
|upkeep
|turn|15
|
|t:|1743782829
|-activate|p1a: Articuno|confusion
|move|p1a: Articuno|Freezing Glare|p2a: Poliwrath
|-crit|p2a: Poliwrath
|-damage|p2a: Poliwrath|0 fnt
|faint|p2a: Poliwrath
|
|win|johnlee17
|raw|johnlee17's rating: 1219 &rarr; <strong>1241</strong><br />(+22 for winning)
|raw|sauceybake's rating: 1179 &rarr; <strong>1157</strong><br />(-22 for losing)
|l|☆sauceybake
|player|p2|
|l|☆johnlee17
|player|p1|
