|badge|p2|bronze|gen9ou|100-5
|uhtml|medal-msg|<div class="broadcast-blue">Curious what those medals under the avatar are? PS now has Ladder Seasons! For more information, check out the <a href="https://www.smogon.com/forums/threads/3740067/">thread on Smogon.</a></div>
|j|☆a jellyfish
|j|☆Johnny tots
|t:|1743815915
|gametype|singles
|player|p1|a jellyfish|fisherman-gen4|1689
|player|p2|Johnny tots|2|1861
|teamsize|p1|6
|teamsize|p2|6
|gen|9
|tier|[Gen 9] OU
|rated|
|rule|HP Percentage Mod: HP is shown in percentages
|rule|Endless Battle Clause: Forcing endless battles is banned
|rule|Species Clause: Limit one of each Pokémon
|rule|OHKO Clause: OHKO moves are banned
|rule|Evasion Items Clause: Evasion items are banned
|rule|Evasion Moves Clause: Evasion moves are banned
|rule|Sleep Moves Clause: Sleep-inducing moves are banned
|clearpoke
|poke|p1|Staraptor, M|
|poke|p1|Iron Treads|
|poke|p1|Zamazenta-*|
|poke|p1|Dragonite, M|
|poke|p1|Gholdengo|
|poke|p1|Moltres-Galar|
|poke|p2|Rillaboom, F|
|poke|p2|Klefki, M|
|poke|p2|Manaphy|
|poke|p2|Ogerpon-Wellspring, F|
|poke|p2|Maushold-Four|
|poke|p2|Clefable, M|
|teampreview
|inactive|Battle timer is ON: inactive players will automatically lose when time's up. (requested by a jellyfish)
|
|t:|1743815924
|start
|switch|p1a: Iron Treads|Iron Treads|100/100
|switch|p2a: Klefki|Klefki, M|100/100
|-enditem|p1a: Iron Treads|Booster Energy
|-activate|p1a: Iron Treads|ability: Quark Drive|[fromitem]
|-start|p1a: Iron Treads|quarkdrivespe
|turn|1
|
|t:|1743815926
|move|p2a: Klefki|Reflect|p2a: Klefki
|-sidestart|p2: Johnny tots|Reflect
|move|p1a: Iron Treads|Knock Off|p2a: Klefki
|-resisted|p2a: Klefki
|-damage|p2a: Klefki|96/100
|-enditem|p2a: Klefki|Light Clay|[from] move: Knock Off|[of] p1a: Iron Treads
|
|upkeep
|turn|2
|
|t:|1743815928
|move|p2a: Klefki|Light Screen|p2a: Klefki
|-sidestart|p2: Johnny tots|move: Light Screen
|move|p1a: Iron Treads|Stealth Rock|p2a: Klefki
|-sidestart|p2: Johnny tots|move: Stealth Rock
|
|upkeep
|turn|3
|
|t:|1743815936
|-end|p1a: Iron Treads|Quark Drive|[silent]
|switch|p1a: Gholdengo|Gholdengo|100/100
|switch|p2a: Ogerpon|Ogerpon-Wellspring, F|100/100
|-damage|p2a: Ogerpon|88/100|[from] Stealth Rock
|
|upkeep
|turn|4
|
|t:|1743815940
|switch|p1a: Zamazenta|Zamazenta|100/100
|-ability|p1a: Zamazenta|Dauntless Shield|boost
|-boost|p1a: Zamazenta|def|1
|move|p2a: Ogerpon|Swords Dance|p2a: Ogerpon
|-boost|p2a: Ogerpon|atk|2
|
|upkeep
|turn|5
|
|t:|1743815942
|move|p1a: Zamazenta|Iron Defense|p1a: Zamazenta
|-boost|p1a: Zamazenta|def|2
|move|p2a: Ogerpon|Play Rough|p1a: Zamazenta
|-supereffective|p1a: Zamazenta
|-damage|p1a: Zamazenta|58/100
|
|-heal|p1a: Zamazenta|64/100|[from] item: Leftovers
|upkeep
|turn|6
|
|t:|1743815948
|move|p1a: Zamazenta|Body Press|p2a: Ogerpon
|-damage|p2a: Ogerpon|40/100
|move|p2a: Ogerpon|Play Rough|p1a: Zamazenta
|-supereffective|p1a: Zamazenta
|-damage|p1a: Zamazenta|16/100
|
|-heal|p1a: Zamazenta|22/100|[from] item: Leftovers
|-sideend|p2: Johnny tots|move: Light Screen
|upkeep
|turn|7
|
|t:|1743815954
|switch|p2a: Clefable|Clefable, M|100/100
|move|p1a: Zamazenta|Body Press|p2a: Clefable
|-resisted|p2a: Clefable
|-damage|p2a: Clefable|80/100
|
|-heal|p1a: Zamazenta|28/100|[from] item: Leftovers
|-heal|p2a: Clefable|86/100|[from] item: Leftovers
|upkeep
|turn|8
|
|t:|1743815965
|switch|p1a: Staraptor|Staraptor, M|100/100
|move|p2a: Clefable|Calm Mind|p2a: Clefable
|-boost|p2a: Clefable|spa|1
|-boost|p2a: Clefable|spd|1
|
|-heal|p2a: Clefable|93/100|[from] item: Leftovers
|-sideend|p2: Johnny tots|Reflect
|upkeep
|turn|9
|
|t:|1743815972
|switch|p2a: Ogerpon|Ogerpon-Wellspring, F|40/100
|-damage|p2a: Ogerpon|28/100|[from] Stealth Rock
|move|p1a: Staraptor|Final Gambit|p2a: Ogerpon
|-damage|p2a: Ogerpon|0 fnt
|faint|p1a: Staraptor
|faint|p2a: Ogerpon
|
|upkeep
|
|t:|1743815977
|switch|p2a: Maushold|Maushold-Four|100/100
|switch|p1a: Gholdengo|Gholdengo|100/100
|-damage|p2a: Maushold|88/100|[from] Stealth Rock
|turn|10
|
|t:|1743815982
|move|p2a: Maushold|Tidy Up|p2a: Maushold
|-sideend|p2: Johnny tots|Stealth Rock
|-activate|p2a: Maushold|move: Tidy Up
|-boost|p2a: Maushold|atk|1
|-boost|p2a: Maushold|spe|1
|move|p1a: Gholdengo|Nasty Plot|p1a: Gholdengo
|-boost|p1a: Gholdengo|spa|2
|
|upkeep
|turn|11
|
|t:|1743815989
|-terastallize|p1a: Gholdengo|Fairy
|move|p2a: Maushold|Bite|p1a: Gholdengo
|-resisted|p1a: Gholdengo
|-damage|p1a: Gholdengo|84/100
|move|p1a: Gholdengo|Dazzling Gleam|p2a: Maushold
|-damage|p2a: Maushold|0 fnt
|faint|p2a: Maushold
|
|-heal|p1a: Gholdengo|90/100|[from] item: Leftovers
|upkeep
|
|t:|1743815999
|switch|p2a: Manaphy|Manaphy|100/100
|turn|12
|
|t:|1743816002
|move|p2a: Manaphy|Take Heart|p2a: Manaphy
|-boost|p2a: Manaphy|spa|1
|-boost|p2a: Manaphy|spd|1
|move|p1a: Gholdengo|Shadow Ball|p2a: Manaphy
|-damage|p2a: Manaphy|49/100
|
|-heal|p2a: Manaphy|55/100|[from] item: Leftovers
|-heal|p1a: Gholdengo|96/100|[from] item: Leftovers
|upkeep
|turn|13
|
|t:|1743816008
|move|p2a: Manaphy|Scald|p1a: Gholdengo
|-damage|p1a: Gholdengo|46/100
|move|p1a: Gholdengo|Shadow Ball|p2a: Manaphy
|-crit|p2a: Manaphy
|-damage|p2a: Manaphy|0 fnt
|faint|p2a: Manaphy
|
|-heal|p1a: Gholdengo|52/100|[from] item: Leftovers
|upkeep
|
|t:|1743816019
|switch|p2a: Clefable|Clefable, M|93/100
|turn|14
|
|t:|1743816022
|move|p1a: Gholdengo|Shadow Ball|p2a: Clefable
|-damage|p2a: Clefable|18/100
|move|p2a: Clefable|Moonblast|p1a: Gholdengo
|-damage|p1a: Gholdengo|11/100
|
|-heal|p1a: Gholdengo|17/100|[from] item: Leftovers
|-heal|p2a: Clefable|24/100|[from] item: Leftovers
|upkeep
|turn|15
|
|t:|1743816027
|move|p1a: Gholdengo|Recover|p1a: Gholdengo
|-heal|p1a: Gholdengo|67/100
|move|p2a: Clefable|Moonblast|p1a: Gholdengo
|-damage|p1a: Gholdengo|30/100
|-unboost|p1a: Gholdengo|spa|1
|
|-heal|p1a: Gholdengo|36/100|[from] item: Leftovers
|-heal|p2a: Clefable|31/100|[from] item: Leftovers
|upkeep
|turn|16
|
|t:|1743816030
|move|p1a: Gholdengo|Shadow Ball|p2a: Clefable
|-damage|p2a: Clefable|0 fnt
|faint|p2a: Clefable
|
|-heal|p1a: Gholdengo|43/100|[from] item: Leftovers
|upkeep
|
|t:|1743816033
|switch|p2a: Rillaboom|Rillaboom, F|100/100
|-fieldstart|move: Grassy Terrain|[from] ability: Grassy Surge|[of] p2a: Rillaboom
|turn|17
|
|t:|1743816035
|move|p2a: Rillaboom|Bulk Up|p2a: Rillaboom
|-boost|p2a: Rillaboom|atk|1
|-boost|p2a: Rillaboom|def|1
|move|p1a: Gholdengo|Shadow Ball|p2a: Rillaboom
|-damage|p2a: Rillaboom|24/100
|
|-heal|p2a: Rillaboom|30/100|[from] Grassy Terrain
|-heal|p1a: Gholdengo|49/100|[from] Grassy Terrain
|-heal|p1a: Gholdengo|55/100|[from] item: Leftovers
|upkeep
|turn|18
|j| m0chaman_829
|
|t:|1743816037
|move|p2a: Rillaboom|Grassy Glide|p1a: Gholdengo
|-damage|p1a: Gholdengo|4/100
|move|p1a: Gholdengo|Shadow Ball|p2a: Rillaboom
|-damage|p2a: Rillaboom|0 fnt
|faint|p2a: Rillaboom
|
|-heal|p1a: Gholdengo|10/100|[from] Grassy Terrain
|-heal|p1a: Gholdengo|16/100|[from] item: Leftovers
|upkeep
|-message|Johnny tots forfeited.
|
|win|a jellyfish
|raw|a jellyfish's rating: 1689 &rarr; <strong>1718</strong><br />(+29 for winning)
|raw|Johnny tots's rating: 1861 &rarr; <strong>1832</strong><br />(-29 for losing)
|l|☆Johnny tots
|player|p2|
|l|☆a jellyfish
|player|p1|
|l| m0chaman_829
