|j|☆Lemalifice
|j|☆Zmeeer
|t:|1743862988
|gametype|singles
|player|p1|Lemalifice|265|1119
|player|p2|Zmeeer|101|1090
|teamsize|p1|6
|teamsize|p2|6
|gen|9
|tier|[Gen 9] OU
|rated|
|rule|HP Percentage Mod: HP is shown in percentages
|rule|Endless Battle Clause: Forcing endless battles is banned
|rule|Species Clause: Limit one of each Pokémon
|rule|OHKO Clause: OHKO moves are banned
|rule|Evasion Items Clause: Evasion items are banned
|rule|Evasion Moves Clause: Evasion moves are banned
|rule|Sleep Moves Clause: Sleep-inducing moves are banned
|clearpoke
|poke|p1|Great Tusk|
|poke|p1|Gholdengo|
|poke|p1|Iron Valiant|
|poke|p1|Kingambit, M|
|poke|p1|Raging Bolt|
|poke|p1|Ogerpon-Wellspring, F|
|poke|p2|Great Tusk|
|poke|p2|Weavile, F|
|poke|p2|Hatterene, F|
|poke|p2|Iron Valiant|
|poke|p2|Dragapult, F|
|poke|p2|Heatran, F|
|teampreview
|
|t:|1743863008
|start
|switch|p1a: Gholdengo|Gholdengo|100/100
|switch|p2a: Colossal Tusk|Great Tusk|100/100
|turn|1
|
|t:|1743863017
|move|p1a: Gholdengo|Nasty Plot|p1a: Gholdengo
|-boost|p1a: Gholdengo|spa|2
|move|p2a: Colossal Tusk|Stealth Rock|p1a: Gholdengo
|-sidestart|p1: Lemalifice|move: Stealth Rock
|
|upkeep
|turn|2
|
|t:|1743863023
|move|p1a: Gholdengo|Nasty Plot|p1a: Gholdengo
|-boost|p1a: Gholdengo|spa|2
|move|p2a: Colossal Tusk|Knock Off|p1a: Gholdengo
|-supereffective|p1a: Gholdengo
|-damage|p1a: Gholdengo|41/100
|-enditem|p1a: Gholdengo|Choice Scarf|[from] move: Knock Off|[of] p2a: Colossal Tusk
|
|upkeep
|turn|3
|
|t:|1743863036
|move|p1a: Gholdengo|Focus Blast|p2a: Colossal Tusk|[miss]
|-miss|p1a: Gholdengo|p2a: Colossal Tusk
|move|p2a: Colossal Tusk|Body Press|p1a: Gholdengo
|-immune|p1a: Gholdengo
|
|upkeep
|turn|4
|
|t:|1743863041
|move|p1a: Gholdengo|Focus Blast|p2a: Colossal Tusk
|-damage|p2a: Colossal Tusk|0 fnt
|faint|p2a: Colossal Tusk
|-end|p2a: Colossal Tusk|Protosynthesis|[silent]
|
|upkeep
|
|t:|1743863056
|switch|p2a: thing|Weavile, F|100/100
|turn|5
|
|t:|1743863069
|switch|p1a: Great Tusk|Great Tusk, shiny|100/100
|-damage|p1a: Great Tusk|98/100|[from] Stealth Rock
|move|p2a: thing|Knock Off|p1a: Great Tusk
|-resisted|p1a: Great Tusk
|-damage|p1a: Great Tusk|72/100
|-damage|p2a: thing|84/100|[from] item: Rocky Helmet|[of] p1a: Great Tusk
|-enditem|p1a: Great Tusk|Rocky Helmet|[from] move: Knock Off|[of] p2a: thing
|
|upkeep
|turn|6
|
|t:|1743863095
|switch|p2a: Dragon DEEZ NUTS|Dragapult, F|100/100
|move|p1a: Great Tusk|Rapid Spin|p2a: Dragon DEEZ NUTS
|-immune|p2a: Dragon DEEZ NUTS
|
|upkeep
|turn|7
|
|t:|1743863109
|switch|p2a: Diemonster.wmv|Iron Valiant|100/100
|-enditem|p2a: Diemonster.wmv|Booster Energy
|-activate|p2a: Diemonster.wmv|ability: Quark Drive|[fromitem]
|-start|p2a: Diemonster.wmv|quarkdriveatk
|move|p1a: Great Tusk|Ice Spinner|p2a: Diemonster.wmv
|-damage|p2a: Diemonster.wmv|65/100
|
|upkeep
|turn|8
|
|t:|1743863117
|move|p2a: Diemonster.wmv|Grass Knot|p1a: Great Tusk
|-supereffective|p1a: Great Tusk
|-damage|p1a: Great Tusk|0 fnt
|faint|p1a: Great Tusk
|-end|p1a: Great Tusk|Protosynthesis|[silent]
|
|upkeep
|
|t:|1743863129
|switch|p1a: Iron Valiant|Iron Valiant|100/100
|-damage|p1a: Iron Valiant|94/100|[from] Stealth Rock
|-enditem|p1a: Iron Valiant|Booster Energy
|-activate|p1a: Iron Valiant|ability: Quark Drive|[fromitem]
|-start|p1a: Iron Valiant|quarkdrivespe
|turn|9
|
|t:|1743863143
|move|p1a: Iron Valiant|Expanding Force|p2a: Diemonster.wmv
|-supereffective|p2a: Diemonster.wmv
|-damage|p2a: Diemonster.wmv|0 fnt
|faint|p2a: Diemonster.wmv
|-end|p2a: Diemonster.wmv|Quark Drive|[silent]
|
|upkeep
|
|t:|1743863147
|switch|p2a: FIRE! FIRE! FIRE!|Heatran, F|100/100
|turn|10
|
|t:|1743863159
|-end|p1a: Iron Valiant|Quark Drive|[silent]
|switch|p1a: Ogerpon|Ogerpon-Wellspring, F|100/100
|-damage|p1a: Ogerpon|88/100|[from] Stealth Rock
|move|p2a: FIRE! FIRE! FIRE!|Lava Plume|p1a: Ogerpon
|-damage|p1a: Ogerpon|38/100
|
|upkeep
|turn|11
|
|t:|1743863168
|-terastallize|p2a: FIRE! FIRE! FIRE!|Grass
|move|p1a: Ogerpon|Ivy Cudgel|p2a: FIRE! FIRE! FIRE!|[anim] Ivy Cudgel Water
|-resisted|p2a: FIRE! FIRE! FIRE!
|-damage|p2a: FIRE! FIRE! FIRE!|76/100
|move|p2a: FIRE! FIRE! FIRE!|Lava Plume|p1a: Ogerpon
|-damage|p1a: Ogerpon|0 fnt
|faint|p1a: Ogerpon
|
|-heal|p2a: FIRE! FIRE! FIRE!|82/100|[from] item: Leftovers
|upkeep
|
|t:|1743863191
|switch|p1a: Iron Valiant|Iron Valiant|94/100
|-damage|p1a: Iron Valiant|88/100|[from] Stealth Rock
|turn|12
|
|t:|1743863204
|move|p1a: Iron Valiant|Moonblast|p2a: FIRE! FIRE! FIRE!
|-damage|p2a: FIRE! FIRE! FIRE!|41/100
|move|p2a: FIRE! FIRE! FIRE!|Lava Plume|p1a: Iron Valiant
|-damage|p1a: Iron Valiant|12/100
|-status|p1a: Iron Valiant|brn
|
|-heal|p2a: FIRE! FIRE! FIRE!|47/100|[from] item: Leftovers
|-damage|p1a: Iron Valiant|6/100 brn|[from] brn
|upkeep
|turn|13
|
|t:|1743863217
|switch|p2a: nope.avi|Hatterene, F|100/100
|move|p1a: Iron Valiant|Moonblast|p2a: nope.avi
|-damage|p2a: nope.avi|54/100
|
|-damage|p1a: Iron Valiant|0 fnt|[from] brn
|faint|p1a: Iron Valiant
|-end|p1a: Iron Valiant|Quark Drive|[silent]
|upkeep
|
|t:|1743863225
|switch|p1a: Gholdengo|Gholdengo|41/100
|-damage|p1a: Gholdengo|35/100|[from] Stealth Rock
|turn|14
|
|t:|1743863231
|switch|p2a: FIRE! FIRE! FIRE!|Heatran, F, tera:Grass|47/100
|move|p1a: Gholdengo|Shadow Ball|p2a: FIRE! FIRE! FIRE!
|-damage|p2a: FIRE! FIRE! FIRE!|13/100
|
|-heal|p2a: FIRE! FIRE! FIRE!|19/100|[from] item: Leftovers
|upkeep
|turn|15
|
|t:|1743863242
|move|p1a: Gholdengo|Focus Blast|p2a: FIRE! FIRE! FIRE!|[miss]
|-miss|p1a: Gholdengo|p2a: FIRE! FIRE! FIRE!
|move|p2a: FIRE! FIRE! FIRE!|Lava Plume|p1a: Gholdengo
|-supereffective|p1a: Gholdengo
|-damage|p1a: Gholdengo|0 fnt
|faint|p1a: Gholdengo
|
|-heal|p2a: FIRE! FIRE! FIRE!|26/100|[from] item: Leftovers
|upkeep
|
|t:|1743863250
|switch|p1a: Raging Bolt|Raging Bolt|100/100
|-damage|p1a: Raging Bolt|88/100|[from] Stealth Rock
|-enditem|p1a: Raging Bolt|Booster Energy
|-activate|p1a: Raging Bolt|ability: Protosynthesis|[fromitem]
|-start|p1a: Raging Bolt|protosynthesisspa
|turn|16
|
|t:|1743863260
|move|p1a: Raging Bolt|Thunderclap|p2a: FIRE! FIRE! FIRE!
|-resisted|p2a: FIRE! FIRE! FIRE!
|-damage|p2a: FIRE! FIRE! FIRE!|3/100
|move|p2a: FIRE! FIRE! FIRE!|Scorching Sands|p1a: Raging Bolt
|-supereffective|p1a: Raging Bolt
|-damage|p1a: Raging Bolt|39/100
|
|-heal|p2a: FIRE! FIRE! FIRE!|9/100|[from] item: Leftovers
|upkeep
|turn|17
|
|t:|1743863269
|move|p1a: Raging Bolt|Thunderclap|p2a: FIRE! FIRE! FIRE!
|-resisted|p2a: FIRE! FIRE! FIRE!
|-damage|p2a: FIRE! FIRE! FIRE!|0 fnt
|faint|p2a: FIRE! FIRE! FIRE!
|
|upkeep
|
|t:|1743863291
|switch|p2a: Dragon DEEZ NUTS|Dragapult, F|100/100
|turn|18
|
|t:|1743863295
|-terastallize|p1a: Raging Bolt|Fairy
|move|p2a: Dragon DEEZ NUTS|Sucker Punch|p1a: Raging Bolt
|-resisted|p1a: Raging Bolt
|-damage|p1a: Raging Bolt|22/100
|-damage|p2a: Dragon DEEZ NUTS|91/100|[from] item: Life Orb
|move|p1a: Raging Bolt|Dragon Pulse|p2a: Dragon DEEZ NUTS
|-supereffective|p2a: Dragon DEEZ NUTS
|-damage|p2a: Dragon DEEZ NUTS|0 fnt
|faint|p2a: Dragon DEEZ NUTS
|
|upkeep
|
|t:|1743863304
|switch|p2a: nope.avi|Hatterene, F|54/100
|turn|19
|
|t:|1743863314
|move|p1a: Raging Bolt|Thunder|p2a: nope.avi
|-damage|p2a: nope.avi|0 fnt
|faint|p2a: nope.avi
|
|upkeep
|
|t:|1743863317
|switch|p2a: thing|Weavile, F|84/100
|turn|20
|
|t:|1743863322
|move|p1a: Raging Bolt|Thunderclap|p2a: thing
|-damage|p2a: thing|14/100
|move|p2a: thing|Low Kick|p1a: Raging Bolt
|-resisted|p1a: Raging Bolt
|-damage|p1a: Raging Bolt|0 fnt
|faint|p1a: Raging Bolt
|-end|p1a: Raging Bolt|Protosynthesis|[silent]
|
|upkeep
|
|t:|1743863328
|switch|p1a: Kingambit|Kingambit, M|100/100
|-damage|p1a: Kingambit|94/100|[from] Stealth Rock
|-activate|p1a: Kingambit|ability: Supreme Overlord
|-start|p1a: Kingambit|fallen5|[silent]
|turn|21
|
|t:|1743863333
|move|p1a: Kingambit|Sucker Punch|p2a: thing
|-resisted|p2a: thing
|-damage|p2a: thing|0 fnt
|faint|p2a: thing
|
|win|Lemalifice
|raw|Lemalifice's rating: 1119 &rarr; <strong>1142</strong><br />(+23 for winning)
|raw|Zmeeer's rating: 1090 &rarr; <strong>1068</strong><br />(-22 for losing)
|c|☆Lemalifice|gg
