|j|☆BugCatcherWeevil
|j|☆MiaTaylor612
|t:|1743792575
|gametype|singles
|player|p1|BugCatcherWeevil|2|1675
|player|p2|MiaTaylor612|idol|1701
|teamsize|p1|6
|teamsize|p2|6
|gen|9
|tier|[Gen 9] OU
|rated|
|rule|HP Percentage Mod: HP is shown in percentages
|rule|Endless Battle Clause: Forcing endless battles is banned
|rule|Species Clause: Limit one of each Pokémon
|rule|OHKO Clause: OHKO moves are banned
|rule|Evasion Items Clause: Evasion items are banned
|rule|Evasion Moves Clause: Evasion moves are banned
|rule|Sleep Moves Clause: Sleep-inducing moves are banned
|clearpoke
|poke|p1|Iron Valiant|
|poke|p1|Great Tusk|
|poke|p1|Gholdengo|
|poke|p1|Zamazenta-*|
|poke|p1|Samurott-Hisui, F|
|poke|p1|Infernape, M|
|poke|p2|Garchomp, F|
|poke|p2|Slowking-Galar, F|
|poke|p2|Gholdengo|
|poke|p2|Moltres|
|poke|p2|Iron Valiant|
|poke|p2|Kingambit, M|
|teampreview
|inactive|Battle timer is ON: inactive players will automatically lose when time's up. (requested by MiaTaylor612)
|
|t:|1743792595
|start
|switch|p1a: Infernape|Infernape, M|100/100
|switch|p2a: Garchomp|Garchomp, F|100/100
|turn|1
|
|t:|1743792603
|move|p1a: Infernape|Will-O-Wisp|p2a: Garchomp
|-status|p2a: Garchomp|brn
|move|p2a: Garchomp|Earthquake|p1a: Infernape
|-supereffective|p1a: Infernape
|-damage|p1a: Infernape|35/100
|
|-damage|p2a: Garchomp|94/100 brn|[from] brn
|upkeep
|turn|2
|
|t:|1743792615
|move|p1a: Infernape|Stealth Rock|p2a: Garchomp
|-sidestart|p2: MiaTaylor612|move: Stealth Rock
|move|p2a: Garchomp|Stealth Rock|p1a: Infernape
|-sidestart|p1: BugCatcherWeevil|move: Stealth Rock
|
|-damage|p2a: Garchomp|88/100 brn|[from] brn
|upkeep
|turn|3
|
|t:|1743792634
|switch|p1a: Gholdengo|Gholdengo|100/100
|-damage|p1a: Gholdengo|94/100|[from] Stealth Rock
|-item|p1a: Gholdengo|Air Balloon
|move|p2a: Garchomp|Spikes|p1a: Gholdengo
|-sidestart|p1: BugCatcherWeevil|Spikes
|
|-damage|p2a: Garchomp|82/100 brn|[from] brn
|upkeep
|turn|4
|
|t:|1743792650
|move|p1a: Gholdengo|Shadow Ball|p2a: Garchomp
|-damage|p2a: Garchomp|46/100 brn
|move|p2a: Garchomp|Dragon Tail|p1a: Gholdengo
|-resisted|p1a: Gholdengo
|-damage|p1a: Gholdengo|90/100
|-enditem|p1a: Gholdengo|Air Balloon
|drag|p1a: Iron Valiant|Iron Valiant|100/100
|-damage|p1a: Iron Valiant|94/100|[from] Stealth Rock
|-damage|p1a: Iron Valiant|82/100|[from] Spikes
|-enditem|p1a: Iron Valiant|Booster Energy
|-activate|p1a: Iron Valiant|ability: Quark Drive|[fromitem]
|-start|p1a: Iron Valiant|quarkdrivespe
|
|-damage|p2a: Garchomp|40/100 brn|[from] brn
|upkeep
|turn|5
|
|t:|1743792665
|switch|p2a: Gholdengo|Gholdengo|100/100
|move|p1a: Iron Valiant|Calm Mind|p1a: Iron Valiant
|-boost|p1a: Iron Valiant|spa|1
|-boost|p1a: Iron Valiant|spd|1
|
|upkeep
|turn|6
|
|t:|1743792670
|-terastallize|p1a: Iron Valiant|Electric
|move|p1a: Iron Valiant|Calm Mind|p1a: Iron Valiant
|-boost|p1a: Iron Valiant|spa|1
|-boost|p1a: Iron Valiant|spd|1
|move|p2a: Gholdengo|Thunder Wave|p1a: Iron Valiant
|-immune|p1a: Iron Valiant
|
|upkeep
|turn|7
|
|t:|1743792677
|switch|p2a: Garchomp|Garchomp, F|40/100 brn
|-damage|p2a: Garchomp|34/100 brn|[from] Stealth Rock
|move|p1a: Iron Valiant|Calm Mind|p1a: Iron Valiant
|-boost|p1a: Iron Valiant|spa|1
|-boost|p1a: Iron Valiant|spd|1
|
|-damage|p2a: Garchomp|28/100 brn|[from] brn
|upkeep
|turn|8
|
|t:|1743792681
|move|p1a: Iron Valiant|Moonblast|p2a: Garchomp
|-supereffective|p2a: Garchomp
|-damage|p2a: Garchomp|0 fnt
|faint|p2a: Garchomp
|
|upkeep
|
|t:|1743792686
|switch|p2a: Moltres|Moltres|100/100
|turn|9
|
|t:|1743792693
|-terastallize|p2a: Moltres|Fairy
|move|p1a: Iron Valiant|Thunderbolt|p2a: Moltres
|-crit|p2a: Moltres
|-damage|p2a: Moltres|0 fnt
|faint|p2a: Moltres
|
|upkeep
|-message|MiaTaylor612 forfeited.
|
|win|BugCatcherWeevil
|raw|BugCatcherWeevil's rating: 1675 &rarr; <strong>1696</strong><br />(+21 for winning)
|raw|MiaTaylor612's rating: 1701 &rarr; <strong>1680</strong><br />(-21 for losing)
|l|☆MiaTaylor612
|player|p2|
