|j|☆d4ni3lb3rry
|j|☆ChaosKoko
|t:|1743913156
|gametype|singles
|player|p1|d4ni3lb3rry|aaron|1119
|player|p2|ChaosKoko|101|1073
|teamsize|p1|6
|teamsize|p2|6
|gen|9
|tier|[Gen 9] OU
|rated|
|rule|HP Percentage Mod: HP is shown in percentages
|rule|Endless Battle Clause: Forcing endless battles is banned
|rule|Species Clause: Limit one of each Pokémon
|rule|OHKO Clause: OHKO moves are banned
|rule|Evasion Items Clause: Evasion items are banned
|rule|Evasion Moves Clause: Evasion moves are banned
|rule|Sleep Moves Clause: Sleep-inducing moves are banned
|clearpoke
|poke|p1|Glimmora, F|
|poke|p1|Kyurem|
|poke|p1|Dragonite, F|
|poke|p1|Hoopa-Unbound|
|poke|p1|Azumarill, M|
|poke|p1|Cinderace, F|
|poke|p2|Kyurem|
|poke|p2|Suicune|
|poke|p2|Enamorus, F|
|poke|p2|Entei|
|poke|p2|Rotom-Mow|
|poke|p2|Tinkaton, F|
|teampreview
|inactive|Battle timer is ON: inactive players will automatically lose when time's up. (requested by d4ni3lb3rry)
|
|t:|1743913163
|start
|switch|p1a: Glimmora|Glimmora, F|100/100
|switch|p2a: Tinkaton|Tinkaton, F|100/100
|turn|1
|
|t:|1743913168
|move|p1a: Glimmora|Stealth Rock|p2a: Tinkaton
|-sidestart|p2: ChaosKoko|move: Stealth Rock
|move|p2a: Tinkaton|Stealth Rock|p1a: Glimmora
|-sidestart|p1: d4ni3lb3rry|move: Stealth Rock
|
|upkeep
|turn|2
|
|t:|1743913183
|move|p1a: Glimmora|Spikes|p2a: Tinkaton
|-sidestart|p2: ChaosKoko|Spikes
|move|p2a: Tinkaton|Gigaton Hammer|p1a: Glimmora
|-supereffective|p1a: Glimmora
|-enditem|p1a: Glimmora|Focus Sash
|-damage|p1a: Glimmora|1/100
|-activate|p1a: Glimmora|ability: Toxic Debris
|-sidestart|p2: ChaosKoko|move: Toxic Spikes
|
|upkeep
|turn|3
|
|t:|1743913193
|move|p1a: Glimmora|Spikes|p2a: Tinkaton
|-sidestart|p2: ChaosKoko|Spikes
|move|p2a: Tinkaton|Ice Hammer|p1a: Glimmora|[miss]
|-miss|p2a: Tinkaton|p1a: Glimmora
|
|upkeep
|turn|4
|
|t:|1743913198
|move|p1a: Glimmora|Spikes|p2a: Tinkaton
|-sidestart|p2: ChaosKoko|Spikes
|move|p2a: Tinkaton|Ice Hammer|p1a: Glimmora
|-damage|p1a: Glimmora|0 fnt
|-unboost|p2a: Tinkaton|spe|1
|-activate|p1a: Glimmora|ability: Toxic Debris
|-sidestart|p2: ChaosKoko|move: Toxic Spikes
|faint|p1a: Glimmora
|
|upkeep
|
|t:|1743913206
|switch|p1a: Cinderace|Cinderace, F|100/100
|turn|5
|
|t:|1743913213
|move|p1a: Cinderace|Pyro Ball|p2a: Tinkaton
|-supereffective|p2a: Tinkaton
|-damage|p2a: Tinkaton|0 fnt
|faint|p2a: Tinkaton
|
|upkeep
|
|t:|1743913219
|switch|p2a: Timoothy|Suicune, shiny|100/100
|-damage|p2a: Timoothy|88/100|[from] Stealth Rock
|-damage|p2a: Timoothy|63/100|[from] Spikes
|-status|p2a: Timoothy|tox
|turn|6
|
|t:|1743913227
|move|p1a: Cinderace|U-turn|p2a: Timoothy
|-damage|p2a: Timoothy|48/100 tox
|
|t:|1743913229
|switch|p1a: Azumarill|Azumarill, M|100/100|[from] U-turn
|-damage|p1a: Azumarill|88/100|[from] Stealth Rock
|move|p2a: Timoothy|Scald|p1a: Azumarill
|-resisted|p1a: Azumarill
|-damage|p1a: Azumarill|76/100
|
|-heal|p1a: Azumarill|82/100|[from] item: Leftovers
|-damage|p2a: Timoothy|42/100 tox|[from] psn
|upkeep
|turn|7
|
|t:|1743913244
|move|p2a: Timoothy|Rest|p2a: Timoothy
|-status|p2a: Timoothy|slp|[from] move: Rest
|-heal|p2a: Timoothy|100/100 slp|[silent]
|-enditem|p2a: Timoothy|Chesto Berry|[eat]
|-curestatus|p2a: Timoothy|slp|[msg]
|move|p1a: Azumarill|Knock Off|p2a: Timoothy
|-damage|p2a: Timoothy|81/100
|
|-heal|p1a: Azumarill|88/100|[from] item: Leftovers
|upkeep
|turn|8
|
|t:|1743913257
|move|p2a: Timoothy|Scald|p1a: Azumarill
|-resisted|p1a: Azumarill
|-damage|p1a: Azumarill|76/100
|move|p1a: Azumarill|Play Rough|p2a: Timoothy
|-damage|p2a: Timoothy|38/100
|
|-heal|p1a: Azumarill|82/100|[from] item: Leftovers
|upkeep
|turn|9
|
|t:|1743913265
|move|p2a: Timoothy|Ice Beam|p1a: Azumarill
|-resisted|p1a: Azumarill
|-damage|p1a: Azumarill|73/100
|move|p1a: Azumarill|Belly Drum|p1a: Azumarill
|-damage|p1a: Azumarill|23/100
|-setboost|p1a: Azumarill|atk|6|[from] move: Belly Drum
|
|-heal|p1a: Azumarill|29/100|[from] item: Leftovers
|upkeep
|turn|10
|
|t:|1743913275
|move|p1a: Azumarill|Aqua Jet|p2a: Timoothy
|-resisted|p2a: Timoothy
|-damage|p2a: Timoothy|1/100
|move|p2a: Timoothy|Scald|p1a: Azumarill
|-resisted|p1a: Azumarill
|-damage|p1a: Azumarill|17/100
|
|-heal|p1a: Azumarill|23/100|[from] item: Leftovers
|upkeep
|turn|11
|
|t:|1743913285
|move|p1a: Azumarill|Aqua Jet|p2a: Timoothy
|-resisted|p2a: Timoothy
|-damage|p2a: Timoothy|0 fnt
|faint|p2a: Timoothy
|
|-heal|p1a: Azumarill|29/100|[from] item: Leftovers
|upkeep
|
|t:|1743913294
|switch|p2a: Rotom|Rotom-Mow|100/100
|-damage|p2a: Rotom|88/100|[from] Stealth Rock
|turn|12
|
|t:|1743913319
|move|p1a: Azumarill|Aqua Jet|p2a: Rotom
|-resisted|p2a: Rotom
|-damage|p2a: Rotom|37/100
|move|p2a: Rotom|Leaf Storm|p1a: Azumarill
|-supereffective|p1a: Azumarill
|-damage|p1a: Azumarill|0 fnt
|-unboost|p2a: Rotom|spa|2
|faint|p1a: Azumarill
|
|upkeep
|
|t:|1743913332
|switch|p1a: Cinderace|Cinderace, F|100/100
|turn|13
|
|t:|1743913344
|move|p1a: Cinderace|Pyro Ball|p2a: Rotom
|-supereffective|p2a: Rotom
|-damage|p2a: Rotom|0 fnt
|faint|p2a: Rotom
|
|upkeep
|
|t:|1743913350
|switch|p2a: Enamorus|Enamorus, F|100/100
|-damage|p2a: Enamorus|76/100|[from] Stealth Rock
|turn|14
|
|t:|1743913357
|move|p1a: Cinderace|Pyro Ball|p2a: Enamorus
|-damage|p2a: Enamorus|0 fnt
|faint|p2a: Enamorus
|
|upkeep
|-message|ChaosKoko forfeited.
|
|win|d4ni3lb3rry
|raw|d4ni3lb3rry's rating: 1119 &rarr; <strong>1141</strong><br />(+22 for winning)
|raw|ChaosKoko's rating: 1073 &rarr; <strong>1055</strong><br />(-18 for losing)
|l|☆ChaosKoko
|player|p2|
|l|☆d4ni3lb3rry
|player|p1|
