|j|☆noahthebadplayer
|j|☆Skakakak
|t:|1743811503
|gametype|singles
|player|p1|noahthebadplayer|1|1151
|player|p2|Skakakak|101|1200
|teamsize|p1|6
|teamsize|p2|6
|gen|9
|tier|[Gen 9] OU
|rated|
|rule|HP Percentage Mod: HP is shown in percentages
|rule|Endless Battle Clause: Forcing endless battles is banned
|rule|Species Clause: Limit one of each Pokémon
|rule|OHKO Clause: OHKO moves are banned
|rule|Evasion Items Clause: Evasion items are banned
|rule|Evasion Moves Clause: Evasion moves are banned
|rule|Sleep Moves Clause: Sleep-inducing moves are banned
|clearpoke
|poke|p1|Gholdengo|
|poke|p1|Enamorus, F|
|poke|p1|Uxie|
|poke|p1|Swampert, M|
|poke|p1|Wartortle, M|
|poke|p1|Ursaluna, F|
|poke|p2|Samurott-Hisui, F|
|poke|p2|Gliscor, M|
|poke|p2|Great Tusk|
|poke|p2|Tinkaton, F|
|poke|p2|Dragapult, F|
|poke|p2|Garganacl, M|
|teampreview
|inactive|Battle timer is ON: inactive players will automatically lose when time's up. (requested by noahthebadplayer)
|c|☆noahthebadplayer|Glhf
|
|t:|1743811519
|start
|switch|p1a: Swampert|Swampert, M|100/100
|switch|p2a: Samurott|Samurott-Hisui, F|100/100
|turn|1
|
|t:|1743811527
|move|p2a: Samurott|Ceaseless Edge|p1a: Swampert
|-damage|p1a: Swampert|57/100
|-sidestart|p1: noahthebadplayer|Spikes
|move|p1a: Swampert|Flip Turn|p2a: Samurott
|-resisted|p2a: Samurott
|-damage|p2a: Samurott|83/100
|
|t:|1743811534
|switch|p1a: Enamorus|Enamorus, F|100/100|[from] Flip Turn
|
|upkeep
|turn|2
|
|t:|1743811542
|move|p1a: Enamorus|Superpower|p2a: Samurott
|-supereffective|p2a: Samurott
|-crit|p2a: Samurott
|-damage|p2a: Samurott|0 fnt
|-boost|p1a: Enamorus|atk|1
|-boost|p1a: Enamorus|def|1
|faint|p2a: Samurott
|
|upkeep
|
|t:|1743811551
|switch|p2a: Gliscor|Gliscor, M|100/100
|turn|3
|
|t:|1743811554
|move|p1a: Enamorus|Play Rough|p2a: Gliscor
|-damage|p2a: Gliscor|53/100
|move|p2a: Gliscor|Toxic|p1a: Enamorus
|-status|p1a: Enamorus|tox
|
|-damage|p1a: Enamorus|94/100 tox|[from] psn
|-status|p2a: Gliscor|tox|[from] item: Toxic Orb
|upkeep
|turn|4
|
|t:|1743811565
|switch|p1a: Wartortle|Wartortle, M, shiny|100/100
|-damage|p1a: Wartortle|88/100|[from] Spikes
|move|p2a: Gliscor|Protect||[still]
|-fail|p2a: Gliscor
|
|-heal|p2a: Gliscor|66/100 tox|[from] ability: Poison Heal
|upkeep
|turn|5
|
|t:|1743811570
|-terastallize|p1a: Wartortle|Poison
|move|p2a: Gliscor|Toxic|p1a: Wartortle|[miss]
|-miss|p2a: Gliscor|p1a: Wartortle
|move|p1a: Wartortle|Rapid Spin|p2a: Gliscor
|-damage|p2a: Gliscor|60/100 tox
|-boost|p1a: Wartortle|spe|1
|-sideend|p1: noahthebadplayer|Spikes|[from] move: Rapid Spin|[of] p1a: Wartortle
|
|-heal|p2a: Gliscor|72/100 tox|[from] ability: Poison Heal
|upkeep
|turn|6
|
|t:|1743811588
|move|p1a: Wartortle|Ice Beam|p2a: Gliscor
|-supereffective|p2a: Gliscor
|-damage|p2a: Gliscor|2/100 tox
|move|p2a: Gliscor|Earthquake|p1a: Wartortle
|-supereffective|p1a: Wartortle
|-damage|p1a: Wartortle|28/100
|
|-heal|p2a: Gliscor|14/100 tox|[from] ability: Poison Heal
|upkeep
|turn|7
|
|t:|1743811601
|move|p2a: Gliscor|Protect|p2a: Gliscor
|-singleturn|p2a: Gliscor|Protect
|move|p1a: Wartortle|Flip Turn|p2a: Gliscor
|-activate|p2a: Gliscor|move: Protect
|
|-heal|p2a: Gliscor|27/100 tox|[from] ability: Poison Heal
|upkeep
|turn|8
|
|t:|1743811605
|switch|p2a: Dragapult|Dragapult, F|100/100
|move|p1a: Wartortle|Flip Turn|p2a: Dragapult
|-resisted|p2a: Dragapult
|-damage|p2a: Dragapult|89/100
|
|t:|1743811618
|switch|p1a: Enamorus|Enamorus, F|94/100 tox|[from] Flip Turn
|
|-damage|p1a: Enamorus|88/100 tox|[from] psn
|upkeep
|turn|9
|
|t:|1743811627
|switch|p2a: Tinkaton|Tinkaton, F|100/100
|-item|p2a: Tinkaton|Air Balloon
|move|p1a: Enamorus|Play Rough|p2a: Tinkaton
|-resisted|p2a: Tinkaton
|-damage|p2a: Tinkaton|75/100
|-enditem|p2a: Tinkaton|Air Balloon
|-enditem|p1a: Enamorus|Heavy-Duty Boots|[silent]|[from] ability: Pickpocket|[of] p1a: Enamorus
|-item|p2a: Tinkaton|Heavy-Duty Boots|[from] ability: Pickpocket|[of] p1a: Enamorus
|
|-damage|p1a: Enamorus|76/100 tox|[from] psn
|upkeep
|turn|10
|
|t:|1743811641
|switch|p1a: Wartortle|Wartortle, M, shiny, tera:Poison|28/100
|move|p2a: Tinkaton|Stealth Rock|p1a: Wartortle
|-sidestart|p1: noahthebadplayer|move: Stealth Rock
|
|upkeep
|turn|11
|
|t:|1743811645
|move|p2a: Tinkaton|Gigaton Hammer|p1a: Wartortle
|-damage|p1a: Wartortle|0 fnt
|faint|p1a: Wartortle
|
|upkeep
|
|t:|1743811672
|switch|p1a: Ursaluna|Ursaluna, F|100/100
|-damage|p1a: Ursaluna|94/100|[from] Stealth Rock
|turn|12
|
|t:|1743811677
|move|p2a: Tinkaton|Knock Off|p1a: Ursaluna
|-damage|p1a: Ursaluna|82/100
|-enditem|p1a: Ursaluna|Flame Orb|[from] move: Knock Off|[of] p2a: Tinkaton
|move|p1a: Ursaluna|Earthquake|p2a: Tinkaton
|-supereffective|p2a: Tinkaton
|-damage|p2a: Tinkaton|0 fnt
|faint|p2a: Tinkaton
|
|upkeep
|
|t:|1743811687
|switch|p2a: Great Tusk|Great Tusk|100/100
|turn|13
|
|t:|1743811694
|move|p1a: Ursaluna|Protect|p1a: Ursaluna
|-singleturn|p1a: Ursaluna|Protect
|move|p2a: Great Tusk|Close Combat|p1a: Ursaluna
|-activate|p1a: Ursaluna|move: Protect
|
|upkeep
|turn|14
|
|t:|1743811716
|switch|p1a: Enamorus|Enamorus, F|76/100 tox
|-damage|p1a: Enamorus|51/100 tox|[from] Stealth Rock
|move|p2a: Great Tusk|Ice Spinner|p1a: Enamorus
|-supereffective|p1a: Enamorus
|-damage|p1a: Enamorus|0 fnt
|faint|p1a: Enamorus
|
|upkeep
|
|t:|1743811723
|switch|p1a: Uxie|Uxie|100/100
|-damage|p1a: Uxie|88/100|[from] Stealth Rock
|turn|15
|
|t:|1743811734
|-end|p2a: Great Tusk|Protosynthesis|[silent]
|switch|p2a: Garganacl|Garganacl, M|100/100
|move|p1a: Uxie|Mystical Power|p2a: Garganacl
|-damage|p2a: Garganacl|74/100
|-boost|p1a: Uxie|spa|1
|
|-heal|p2a: Garganacl|80/100|[from] item: Leftovers
|upkeep
|turn|16
|
|t:|1743811746
|move|p1a: Uxie|Mystical Power|p2a: Garganacl
|-damage|p2a: Garganacl|45/100
|-boost|p1a: Uxie|spa|1
|move|p2a: Garganacl|Curse|p2a: Garganacl
|-unboost|p2a: Garganacl|spe|1
|-boost|p2a: Garganacl|atk|1
|-boost|p2a: Garganacl|def|1
|
|-heal|p2a: Garganacl|51/100|[from] item: Leftovers
|upkeep
|turn|17
|inactive|noahthebadplayer has 120 seconds left.
|
|t:|1743811777
|move|p1a: Uxie|Mystical Power|p2a: Garganacl
|-damage|p2a: Garganacl|1/100
|-boost|p1a: Uxie|spa|1
|move|p2a: Garganacl|Recover|p2a: Garganacl
|-heal|p2a: Garganacl|51/100
|
|-heal|p2a: Garganacl|57/100|[from] item: Leftovers
|upkeep
|turn|18
|
|t:|1743811786
|switch|p2a: Gliscor|Gliscor, M|27/100 tox
|move|p1a: Uxie|Mystical Power|p2a: Gliscor
|-damage|p2a: Gliscor|0 fnt
|-boost|p1a: Uxie|spa|1
|faint|p2a: Gliscor
|
|upkeep
|
|t:|1743811789
|switch|p2a: Dragapult|Dragapult, F|89/100
|turn|19
|
|t:|1743811797
|move|p2a: Dragapult|Hex|p1a: Uxie
|-supereffective|p1a: Uxie
|-damage|p1a: Uxie|35/100
|move|p1a: Uxie|Mystical Power|p2a: Dragapult
|-damage|p2a: Dragapult|0 fnt
|-boost|p1a: Uxie|spa|1
|faint|p2a: Dragapult
|
|upkeep
|
|t:|1743811803
|switch|p2a: Great Tusk|Great Tusk|100/100
|turn|20
|
|t:|1743811808
|move|p1a: Uxie|Mystical Power|p2a: Great Tusk
|-supereffective|p2a: Great Tusk
|-damage|p2a: Great Tusk|0 fnt
|-boost|p1a: Uxie|spa|1
|faint|p2a: Great Tusk
|-end|p2a: Great Tusk|Protosynthesis|[silent]
|
|upkeep
|inactive|Skakakak has 120 seconds left.
|inactive|Skakakak has 90 seconds left.
|inactive|Skakakak has 60 seconds left.
|
|t:|1743811924
|switch|p2a: Garganacl|Garganacl, M|57/100
|turn|21
|
|t:|1743811929
|move|p1a: Uxie|Mystical Power|p2a: Garganacl
|-damage|p2a: Garganacl|0 fnt
|faint|p2a: Garganacl
|
|win|noahthebadplayer
|raw|noahthebadplayer's rating: 1151 &rarr; <strong>1178</strong><br />(+27 for winning)
|raw|Skakakak's rating: 1178 &rarr; <strong>1151</strong><br />(-27 for losing)
|l|☆noahthebadplayer
|player|p1|
