|j|☆stallkiller393
|j|☆berlious
|t:|1743843566
|gametype|singles
|player|p1|stallkiller393|rocketgrunt|1195
|player|p2|berlious|170|1172
|teamsize|p1|6
|teamsize|p2|6
|gen|9
|tier|[Gen 9] OU
|rated|
|rule|HP Percentage Mod: HP is shown in percentages
|rule|Endless Battle Clause: Forcing endless battles is banned
|rule|Species Clause: Limit one of each Pokémon
|rule|OHKO Clause: OHKO moves are banned
|rule|Evasion Items Clause: Evasion items are banned
|rule|Evasion Moves Clause: Evasion moves are banned
|rule|Sleep Moves Clause: Sleep-inducing moves are banned
|clearpoke
|poke|p1|Rampardos, M|
|poke|p1|Kommo-o, F|
|poke|p1|Sawsbuck, F|
|poke|p1|Torkoal, M|
|poke|p1|Scream Tail|
|poke|p1|Pecharunt|
|poke|p2|Ogerpon-Wellspring, F|
|poke|p2|Raging Bolt|
|poke|p2|Cinderace, M|
|poke|p2|Iron Valiant|
|poke|p2|Landorus-Therian, M|
|poke|p2|Dragapult, M|
|teampreview
|
|t:|1743843580
|start
|switch|p1a: Torkoal|Torkoal, M|100/100
|switch|p2a: Landorus|Landorus-Therian, M|100/100
|-ability|p2a: Landorus|Intimidate|boost
|-unboost|p1a: Torkoal|atk|1
|-weather|SunnyDay|[from] ability: Drought|[of] p1a: Torkoal
|turn|1
|
|t:|1743843589
|move|p2a: Landorus|Stealth Rock|p1a: Torkoal
|-sidestart|p1: stallkiller393|move: Stealth Rock
|move|p1a: Torkoal|Stealth Rock|p2a: Landorus
|-sidestart|p2: berlious|move: Stealth Rock
|
|-weather|SunnyDay|[upkeep]
|upkeep
|turn|2
|inactive|Battle timer is ON: inactive players will automatically lose when time's up. (requested by berlious)
|
|t:|1743843608
|switch|p1a: Sawsbuck|Sawsbuck, F|100/100
|-damage|p1a: Sawsbuck|88/100|[from] Stealth Rock
|move|p2a: Landorus|Earthquake|p1a: Sawsbuck
|-resisted|p1a: Sawsbuck
|-damage|p1a: Sawsbuck|55/100
|
|-weather|SunnyDay|[upkeep]
|upkeep
|turn|3
|
|t:|1743843618
|move|p1a: Sawsbuck|Swords Dance|p1a: Sawsbuck
|-boost|p1a: Sawsbuck|atk|2
|move|p2a: Landorus|U-turn|p1a: Sawsbuck
|-supereffective|p1a: Sawsbuck
|-damage|p1a: Sawsbuck|0 fnt
|faint|p1a: Sawsbuck
|inactive|berlious has 120 seconds left.
|c|☆stallkiller393|please hurry
|c|☆stallkiller393|taking long to switch
|inactive|berlious has 90 seconds left.
|
|t:|1743843683
|switch|p2a: Iron Valiant|Iron Valiant|100/100|[from] U-turn
|-damage|p2a: Iron Valiant|94/100|[from] Stealth Rock
|-enditem|p2a: Iron Valiant|Booster Energy
|-activate|p2a: Iron Valiant|ability: Quark Drive|[fromitem]
|-start|p2a: Iron Valiant|quarkdrivespe
|
|-weather|SunnyDay|[upkeep]
|upkeep
|
|t:|1743843698
|switch|p1a: Scream Tail|Scream Tail|100/100
|-damage|p1a: Scream Tail|88/100|[from] Stealth Rock
|-activate|p1a: Scream Tail|ability: Protosynthesis
|-start|p1a: Scream Tail|protosynthesisspe
|turn|4
|
|t:|1743843704
|-terastallize|p2a: Iron Valiant|Poison
|move|p2a: Iron Valiant|Tera Blast|p1a: Scream Tail|[anim] Tera Blast Poison
|-supereffective|p1a: Scream Tail
|-damage|p1a: Scream Tail|27/100
|move|p1a: Scream Tail|Psychic Noise|p2a: Iron Valiant
|-supereffective|p2a: Iron Valiant
|-damage|p2a: Iron Valiant|0 fnt
|faint|p2a: Iron Valiant
|-end|p2a: Iron Valiant|Quark Drive|[silent]
|-enditem|p1a: Scream Tail|Throat Spray
|-boost|p1a: Scream Tail|spa|1|[from] item: Throat Spray
|
|-weather|SunnyDay|[upkeep]
|upkeep
|inactive|berlious has 90 seconds left.
|
|t:|1743843741
|switch|p2a: Landorus|Landorus-Therian, M|100/100
|-ability|p2a: Landorus|Intimidate|boost
|-unboost|p1a: Scream Tail|atk|1
|turn|5
|
|t:|1743843757
|move|p1a: Scream Tail|Flamethrower|p2a: Landorus
|-damage|p2a: Landorus|40/100
|move|p2a: Landorus|Earthquake|p1a: Scream Tail
|-damage|p1a: Scream Tail|0 fnt
|faint|p1a: Scream Tail
|-end|p1a: Scream Tail|Protosynthesis|[silent]
|
|-weather|none
|upkeep
|
|t:|1743843766
|switch|p1a: Torkoal|Torkoal, M|100/100
|-damage|p1a: Torkoal|76/100|[from] Stealth Rock
|-weather|SunnyDay|[from] ability: Drought|[of] p1a: Torkoal
|turn|6
|
|t:|1743843773
|move|p2a: Landorus|Earthquake|p1a: Torkoal
|-supereffective|p1a: Torkoal
|-damage|p1a: Torkoal|0 fnt
|faint|p1a: Torkoal
|
|-weather|SunnyDay|[upkeep]
|upkeep
|
|t:|1743843791
|switch|p1a: Kommo-o|Kommo-o, F|100/100
|-damage|p1a: Kommo-o|94/100|[from] Stealth Rock
|turn|7
|inactive|berlious has 90 seconds left.
|
|t:|1743843803
|move|p2a: Landorus|Earthquake|p1a: Kommo-o
|-damage|p1a: Kommo-o|37/100
|move|p1a: Kommo-o|Clangorous Soul|p1a: Kommo-o
|-boost|p1a: Kommo-o|atk|1
|-boost|p1a: Kommo-o|def|1
|-boost|p1a: Kommo-o|spa|1
|-boost|p1a: Kommo-o|spd|1
|-boost|p1a: Kommo-o|spe|1
|-damage|p1a: Kommo-o|4/100
|
|-weather|SunnyDay|[upkeep]
|upkeep
|turn|8
|inactive|berlious has 90 seconds left.
|
|t:|1743843817
|move|p1a: Kommo-o|Scale Shot|p2a: Landorus|[miss]
|-miss|p1a: Kommo-o|p2a: Landorus
|move|p2a: Landorus|Earthquake|p1a: Kommo-o
|-damage|p1a: Kommo-o|0 fnt
|faint|p1a: Kommo-o
|
|-weather|SunnyDay|[upkeep]
|upkeep
|-message|stallkiller393 forfeited.
|
|win|berlious
|raw|stallkiller393's rating: 1195 &rarr; <strong>1168</strong><br />(-27 for losing)
|raw|berlious's rating: 1172 &rarr; <strong>1199</strong><br />(+27 for winning)
|l|☆stallkiller393
|player|p1|
|l|☆berlious
|player|p2|
