|badge|p1|silver|gen9ou|30-5
|uhtml|medal-msg|<div class="broadcast-blue">Curious what those medals under the avatar are? PS now has Ladder Seasons! For more information, check out the <a href="https://www.smogon.com/forums/threads/3740067/">thread on Smogon.</a></div>
|j|☆Johnny tots
|j|☆2(H2O)
|t:|1743813114
|gametype|singles
|player|p1|Johnny tots|2|1927
|player|p2|2(H2O)|chase|1812
|teamsize|p1|6
|teamsize|p2|6
|gen|9
|tier|[Gen 9] OU
|rated|
|rule|HP Percentage Mod: HP is shown in percentages
|rule|Endless Battle Clause: Forcing endless battles is banned
|rule|Species Clause: Limit one of each Pokémon
|rule|OHKO Clause: OHKO moves are banned
|rule|Evasion Items Clause: Evasion items are banned
|rule|Evasion Moves Clause: Evasion moves are banned
|rule|Sleep Moves Clause: Sleep-inducing moves are banned
|clearpoke
|poke|p1|Klefki, F|
|poke|p1|Manaphy|
|poke|p1|Kyurem|
|poke|p1|Cinderace, F|
|poke|p1|Iron Valiant|
|poke|p1|Clefable, F|
|poke|p2|Samurott-Hisui, F|
|poke|p2|Kingambit, M|
|poke|p2|Sandy Shocks|
|poke|p2|Gholdengo|
|poke|p2|Iron Valiant|
|poke|p2|Walking Wake|
|teampreview
|c|☆2(H2O)|Hf bro
|inactive|Battle timer is ON: inactive players will automatically lose when time's up. (requested by Johnny tots)
|
|t:|1743813121
|start
|switch|p1a: Klefki|Klefki, F|100/100
|switch|p2a: Sandy Shocks|Sandy Shocks|100/100
|-enditem|p2a: Sandy Shocks|Booster Energy
|-activate|p2a: Sandy Shocks|ability: Protosynthesis|[fromitem]
|-start|p2a: Sandy Shocks|protosynthesisspe
|turn|1
|
|t:|1743813125
|move|p1a: Klefki|Light Screen|p1a: Klefki
|-sidestart|p1: Johnny tots|move: Light Screen
|move|p2a: Sandy Shocks|Earth Power|p1a: Klefki
|-supereffective|p1a: Klefki
|-damage|p1a: Klefki|47/100
|-unboost|p1a: Klefki|spd|1
|
|upkeep
|turn|2
|
|t:|1743813127
|move|p1a: Klefki|Reflect|p1a: Klefki
|-sidestart|p1: Johnny tots|Reflect
|move|p2a: Sandy Shocks|Earth Power|p1a: Klefki
|-supereffective|p1a: Klefki
|-damage|p1a: Klefki|0 fnt
|faint|p1a: Klefki
|
|upkeep
|
|t:|1743813146
|switch|p1a: Kyurem|Kyurem|100/100
|-ability|p1a: Kyurem|Pressure
|turn|3
|j| harold712
|
|t:|1743813153
|-end|p2a: Sandy Shocks|Protosynthesis|[silent]
|switch|p2a: Iron Valiant|Iron Valiant|100/100
|-enditem|p2a: Iron Valiant|Booster Energy
|-activate|p2a: Iron Valiant|ability: Quark Drive|[fromitem]
|-start|p2a: Iron Valiant|quarkdrivespe
|move|p1a: Kyurem|Dragon Dance|p1a: Kyurem
|-boost|p1a: Kyurem|atk|1
|-boost|p1a: Kyurem|spe|1
|
|upkeep
|turn|4
|
|t:|1743813156
|switch|p1a: Clefable|Clefable, F|100/100
|move|p2a: Iron Valiant|Destiny Bond|p2a: Iron Valiant
|-singlemove|p2a: Iron Valiant|Destiny Bond
|
|upkeep
|turn|5
|
|t:|1743813164
|-end|p2a: Iron Valiant|Quark Drive|[silent]
|switch|p2a: Gholdengo|Gholdengo|100/100
|-item|p2a: Gholdengo|Air Balloon
|move|p1a: Clefable|Moonblast|p2a: Gholdengo
|-resisted|p2a: Gholdengo
|-damage|p2a: Gholdengo|82/100
|-enditem|p2a: Gholdengo|Air Balloon
|
|upkeep
|turn|6
|
|t:|1743813166
|move|p2a: Gholdengo|Thunder Wave|p1a: Clefable
|-status|p1a: Clefable|par
|cant|p1a: Clefable|par
|
|upkeep
|turn|7
|
|t:|1743813170
|switch|p2a: Sandy Shocks|Sandy Shocks|100/100
|move|p1a: Clefable|Fire Blast|p2a: Sandy Shocks
|-damage|p2a: Sandy Shocks|63/100
|
|upkeep
|turn|8
|
|t:|1743813175
|move|p2a: Sandy Shocks|Stealth Rock|p1a: Clefable
|-sidestart|p1: Johnny tots|move: Stealth Rock
|move|p1a: Clefable|Calm Mind|p1a: Clefable
|-boost|p1a: Clefable|spa|1
|-boost|p1a: Clefable|spd|1
|
|-sideend|p1: Johnny tots|move: Light Screen
|upkeep
|turn|9
|
|t:|1743813178
|move|p2a: Sandy Shocks|Earth Power|p1a: Clefable
|-damage|p1a: Clefable|73/100 par
|move|p1a: Clefable|Moonblast|p2a: Sandy Shocks
|-crit|p2a: Sandy Shocks
|-damage|p2a: Sandy Shocks|0 fnt
|faint|p2a: Sandy Shocks
|-end|p2a: Sandy Shocks|Protosynthesis|[silent]
|
|-heal|p1a: Clefable|79/100 par|[from] item: Leftovers
|-sideend|p1: Johnny tots|Reflect
|upkeep
|
|t:|1743813183
|switch|p2a: Kingambit|Kingambit, M|100/100
|-activate|p2a: Kingambit|ability: Supreme Overlord
|-start|p2a: Kingambit|fallen1|[silent]
|turn|10
|
|t:|1743813185
|switch|p1a: Cinderace|Cinderace, F|100/100
|move|p2a: Kingambit|Iron Head|p1a: Cinderace
|-resisted|p1a: Cinderace
|-damage|p1a: Cinderace|61/100
|
|upkeep
|turn|11
|
|t:|1743813188
|-end|p2a: Kingambit|fallen1|[silent]
|switch|p2a: Samurott|Samurott-Hisui, F|100/100
|move|p1a: Cinderace|Court Change|p1a: Cinderace
|-swapsideconditions
|-activate|p1a: Cinderace|move: Court Change
|
|upkeep
|turn|12
|
|t:|1743813195
|move|p1a: Cinderace|Pyro Ball|p2a: Samurott
|-resisted|p2a: Samurott
|-damage|p2a: Samurott|65/100
|move|p2a: Samurott|Ceaseless Edge|p1a: Cinderace
|-damage|p1a: Cinderace|1/100
|-sidestart|p1: Johnny tots|Spikes
|
|upkeep
|turn|13
|j| Duke Guy
|j| floating all day
|
|t:|1743813201
|move|p2a: Samurott|Aqua Jet|p1a: Cinderace
|-supereffective|p1a: Cinderace
|-damage|p1a: Cinderace|0 fnt
|faint|p1a: Cinderace
|
|upkeep
|
|t:|1743813205
|switch|p1a: Iron Valiant|Iron Valiant|100/100
|-damage|p1a: Iron Valiant|88/100|[from] Spikes
|-enditem|p1a: Iron Valiant|Booster Energy
|-activate|p1a: Iron Valiant|ability: Quark Drive|[fromitem]
|-start|p1a: Iron Valiant|quarkdrivespe
|turn|14
|j| Deadbyflinch
|l| Deadbyflinch
|
|t:|1743813217
|move|p1a: Iron Valiant|Close Combat|p2a: Samurott
|-supereffective|p2a: Samurott
|-damage|p2a: Samurott|0 fnt
|-unboost|p1a: Iron Valiant|def|1
|-unboost|p1a: Iron Valiant|spd|1
|faint|p2a: Samurott
|
|upkeep
|
|t:|1743813219
|switch|p2a: Gholdengo|Gholdengo|82/100
|-damage|p2a: Gholdengo|76/100|[from] Stealth Rock
|turn|15
|
|t:|1743813227
|-end|p1a: Iron Valiant|Quark Drive|[silent]
|switch|p1a: Clefable|Clefable, F|79/100 par
|move|p2a: Gholdengo|Shadow Ball|p1a: Clefable
|-damage|p1a: Clefable|39/100 par
|
|-heal|p1a: Clefable|45/100 par|[from] item: Leftovers
|upkeep
|turn|16
|
|t:|1743813230
|move|p2a: Gholdengo|Shadow Ball|p1a: Clefable
|-damage|p1a: Clefable|1/100 par
|move|p1a: Clefable|Fire Blast|p2a: Gholdengo
|-supereffective|p2a: Gholdengo
|-damage|p2a: Gholdengo|18/100
|
|-heal|p1a: Clefable|7/100 par|[from] item: Leftovers
|upkeep
|turn|17
|
|t:|1743813234
|switch|p1a: Manaphy|Manaphy|100/100
|-damage|p1a: Manaphy|88/100|[from] Spikes
|move|p2a: Gholdengo|Shadow Ball|p1a: Manaphy
|-damage|p1a: Manaphy|44/100
|
|-heal|p1a: Manaphy|50/100|[from] item: Leftovers
|upkeep
|turn|18
|
|t:|1743813236
|move|p1a: Manaphy|Take Heart|p1a: Manaphy
|-boost|p1a: Manaphy|spa|1
|-boost|p1a: Manaphy|spd|1
|move|p2a: Gholdengo|Thunder Wave|p1a: Manaphy
|-status|p1a: Manaphy|par
|
|-heal|p1a: Manaphy|56/100 par|[from] item: Leftovers
|upkeep
|turn|19
|
|t:|1743813239
|switch|p2a: Iron Valiant|Iron Valiant|100/100
|-damage|p2a: Iron Valiant|94/100|[from] Stealth Rock
|move|p1a: Manaphy|Take Heart|p1a: Manaphy
|-boost|p1a: Manaphy|spa|1
|-boost|p1a: Manaphy|spd|1
|-curestatus|p1a: Manaphy|par|[msg]
|
|-heal|p1a: Manaphy|63/100|[from] item: Leftovers
|upkeep
|turn|20
|
|t:|1743813244
|switch|p1a: Clefable|Clefable, F|7/100 par
|move|p2a: Iron Valiant|Close Combat|p1a: Clefable
|-resisted|p1a: Clefable
|-damage|p1a: Clefable|0 fnt
|-unboost|p2a: Iron Valiant|def|1
|-unboost|p2a: Iron Valiant|spd|1
|faint|p1a: Clefable
|
|upkeep
|
|t:|1743813249
|switch|p1a: Iron Valiant|Iron Valiant|88/100
|-damage|p1a: Iron Valiant|76/100|[from] Spikes
|turn|21
|
|t:|1743813256
|move|p2a: Iron Valiant|Destiny Bond|p2a: Iron Valiant
|-singlemove|p2a: Iron Valiant|Destiny Bond
|move|p1a: Iron Valiant|Ice Punch|p2a: Iron Valiant
|-damage|p2a: Iron Valiant|42/100
|
|upkeep
|turn|22
|
|t:|1743813262
|move|p1a: Iron Valiant|Ice Punch|p2a: Iron Valiant
|-damage|p2a: Iron Valiant|0 fnt
|faint|p2a: Iron Valiant
|-activate|p2a: Iron Valiant|move: Destiny Bond
|-end|p2a: Iron Valiant|Quark Drive|[silent]
|faint|p1a: Iron Valiant
|-end|p1a: Iron Valiant|Quark Drive|[silent]
|
|upkeep
|
|t:|1743813271
|switch|p2a: Walking Wake|Walking Wake|100/100
|switch|p1a: Manaphy|Manaphy|63/100
|-damage|p2a: Walking Wake|88/100|[from] Stealth Rock
|-damage|p1a: Manaphy|50/100|[from] Spikes
|-enditem|p2a: Walking Wake|Booster Energy
|-activate|p2a: Walking Wake|ability: Protosynthesis|[fromitem]
|-start|p2a: Walking Wake|protosynthesisspa
|turn|23
|
|t:|1743813274
|move|p2a: Walking Wake|Dragon Pulse|p1a: Manaphy
|-damage|p1a: Manaphy|0 fnt
|faint|p1a: Manaphy
|
|upkeep
|
|t:|1743813277
|switch|p1a: Kyurem|Kyurem|100/100
|-damage|p1a: Kyurem|88/100|[from] Spikes
|-ability|p1a: Kyurem|Pressure
|turn|24
|
|t:|1743813278
|-terastallize|p1a: Kyurem|Electric
|move|p2a: Walking Wake|Surf|p1a: Kyurem
|-damage|p1a: Kyurem|30/100
|move|p1a: Kyurem|Dragon Dance|p1a: Kyurem
|-boost|p1a: Kyurem|atk|1
|-boost|p1a: Kyurem|spe|1
|
|upkeep
|turn|25
|
|t:|1743813281
|move|p1a: Kyurem|Icicle Spear|p2a: Walking Wake
|-damage|p2a: Walking Wake|65/100
|-damage|p2a: Walking Wake|41/100
|-damage|p2a: Walking Wake|17/100
|-crit|p2a: Walking Wake
|-damage|p2a: Walking Wake|0 fnt
|faint|p2a: Walking Wake
|-end|p2a: Walking Wake|Protosynthesis|[silent]
|-hitcount|p2: Walking Wake|4
|
|upkeep
|
|t:|1743813282
|switch|p2a: Kingambit|Kingambit, M|100/100
|-damage|p2a: Kingambit|94/100|[from] Stealth Rock
|-activate|p2a: Kingambit|ability: Supreme Overlord
|-start|p2a: Kingambit|fallen4|[silent]
|turn|26
|
|t:|1743813285
|-terastallize|p2a: Kingambit|Dark
|move|p1a: Kyurem|Tera Blast|p2a: Kingambit|[anim] Tera Blast Electric
|-damage|p2a: Kingambit|38/100
|move|p2a: Kingambit|Kowtow Cleave|p1a: Kyurem
|-damage|p1a: Kyurem|0 fnt
|faint|p1a: Kyurem
|
|win|2(H2O)
|raw|Johnny tots's rating: 1927 &rarr; <strong>1901</strong><br />(-26 for losing)
|raw|2(H2O)'s rating: 1812 &rarr; <strong>1838</strong><br />(+26 for winning)
|l|☆Johnny tots
|player|p1|
|l|☆2(H2O)
|player|p2|
|l| harold712
|l| Duke Guy
