|j|☆WAKEYDO12
|j|☆alexismarelli
|t:|1743866119
|gametype|singles
|player|p1|WAKEYDO12|pokemonbreeder-gen4|1143
|player|p2|alexismarelli|265|1149
|teamsize|p1|6
|teamsize|p2|6
|gen|9
|tier|[Gen 9] OU
|rated|
|rule|HP Percentage Mod: HP is shown in percentages
|rule|Endless Battle Clause: Forcing endless battles is banned
|rule|Species Clause: Limit one of each Pokémon
|rule|OHKO Clause: OHKO moves are banned
|rule|Evasion Items Clause: Evasion items are banned
|rule|Evasion Moves Clause: Evasion moves are banned
|rule|Sleep Moves Clause: Sleep-inducing moves are banned
|clearpoke
|poke|p1|Zarude-Dada|
|poke|p1|Tornadus-Therian, M|
|poke|p1|Dondozo, M|
|poke|p1|Gholdengo|
|poke|p1|Iron Treads|
|poke|p1|Arcanine-Hisui, M|
|poke|p2|Scrafty, M|
|poke|p2|Porygon2|
|poke|p2|Jirachi|
|poke|p2|Dewgong, M|
|poke|p2|Mandibuzz, F|
|poke|p2|Veluza, F|
|teampreview
|
|t:|1743866136
|start
|switch|p1a: Tornadus|Tornadus-Therian, M|100/100
|switch|p2a: Dewgong|Dewgong, M|100/100
|turn|1
|
|t:|1743866148
|move|p1a: Tornadus|U-turn|p2a: Dewgong
|-damage|p2a: Dewgong|85/100
|inactive|Battle timer is ON: inactive players will automatically lose when time's up. (requested by alexismarelli)
|
|t:|1743866157
|switch|p1a: Dondozo|Dondozo, M|100/100|[from] U-turn
|move|p2a: Dewgong|Triple Axel|p1a: Dondozo
|-resisted|p1a: Dondozo
|-damage|p1a: Dondozo|99/100
|-resisted|p1a: Dondozo
|-damage|p1a: Dondozo|95/100
|-resisted|p1a: Dondozo
|-damage|p1a: Dondozo|90/100
|-hitcount|p1a: Dondozo|3
|
|upkeep
|turn|2
|inactive|WAKEYDO12 has 120 seconds left.
|
|t:|1743866194
|move|p2a: Dewgong|Liquidation|p1a: Dondozo
|-resisted|p1a: Dondozo
|-damage|p1a: Dondozo|83/100
|move|p1a: Dondozo|Wave Crash|p2a: Dewgong
|-resisted|p2a: Dewgong
|-damage|p2a: Dewgong|65/100
|-damage|p1a: Dondozo|78/100|[from] Recoil
|
|upkeep
|turn|3
|inactive|WAKEYDO12 has 120 seconds left.
|
|t:|1743866204
|move|p2a: Dewgong|Liquidation|p1a: Dondozo
|-resisted|p1a: Dondozo
|-damage|p1a: Dondozo|71/100
|move|p1a: Dondozo|Curse|p1a: Dondozo
|-unboost|p1a: Dondozo|spe|1
|-boost|p1a: Dondozo|atk|1
|-boost|p1a: Dondozo|def|1
|
|upkeep
|turn|4
|inactive|WAKEYDO12 has 120 seconds left.
|
|t:|1743866215
|move|p2a: Dewgong|Encore|p1a: Dondozo
|-start|p1a: Dondozo|Encore
|move|p1a: Dondozo|Curse|p1a: Dondozo
|-unboost|p1a: Dondozo|spe|1
|-boost|p1a: Dondozo|atk|1
|-boost|p1a: Dondozo|def|1
|
|upkeep
|turn|5
|inactive|WAKEYDO12 has 120 seconds left.
|
|t:|1743866225
|switch|p1a: Arcanine|Arcanine-Hisui, M|100/100
|move|p2a: Dewgong|Flip Turn|p1a: Arcanine
|-supereffective|p1a: Arcanine
|-damage|p1a: Arcanine|0 fnt
|faint|p1a: Arcanine
|
|t:|1743866232
|switch|p2a: Porygon2|Porygon2|100/100|[from] Flip Turn
|
|upkeep
|
|t:|1743866242
|switch|p1a: Gholdengo|Gholdengo|100/100
|turn|6
|
|t:|1743866249
|move|p1a: Gholdengo|Shadow Ball|p2a: Porygon2
|-immune|p2a: Porygon2
|move|p2a: Porygon2|Thunder Wave|p1a: Gholdengo
|-immune|p1a: Gholdengo|[from] ability: Good as Gold
|
|upkeep
|turn|7
|
|t:|1743866269
|move|p1a: Gholdengo|Nasty Plot|p1a: Gholdengo
|-boost|p1a: Gholdengo|spa|2
|move|p2a: Porygon2|Shadow Ball|p1a: Gholdengo
|-supereffective|p1a: Gholdengo
|-damage|p1a: Gholdengo|65/100
|
|-heal|p1a: Gholdengo|71/100|[from] item: Leftovers
|upkeep
|turn|8
|inactive|WAKEYDO12 has 120 seconds left.
|
|t:|1743866299
|move|p1a: Gholdengo|Make It Rain|p2a: Porygon2
|-damage|p2a: Porygon2|40/100
|-unboost|p1a: Gholdengo|spa|1
|move|p2a: Porygon2|Shadow Ball|p1a: Gholdengo
|-supereffective|p1a: Gholdengo
|-damage|p1a: Gholdengo|30/100
|
|-heal|p1a: Gholdengo|36/100|[from] item: Leftovers
|upkeep
|turn|9
|inactive|WAKEYDO12 has 120 seconds left.
|inactive|alexismarelli has 120 seconds left.
|
|t:|1743866328
|move|p1a: Gholdengo|Recover|p1a: Gholdengo
|-heal|p1a: Gholdengo|86/100
|move|p2a: Porygon2|Shadow Ball|p1a: Gholdengo
|-supereffective|p1a: Gholdengo
|-damage|p1a: Gholdengo|46/100
|
|-heal|p1a: Gholdengo|52/100|[from] item: Leftovers
|upkeep
|turn|10
|
|t:|1743866337
|move|p1a: Gholdengo|Recover|p1a: Gholdengo
|-heal|p1a: Gholdengo|100/100
|move|p2a: Porygon2|Shadow Ball|p1a: Gholdengo
|-supereffective|p1a: Gholdengo
|-damage|p1a: Gholdengo|61/100
|
|-heal|p1a: Gholdengo|67/100|[from] item: Leftovers
|upkeep
|turn|11
|inactive|alexismarelli has 120 seconds left.
|
|t:|1743866366
|move|p1a: Gholdengo|Recover|p1a: Gholdengo
|-heal|p1a: Gholdengo|100/100
|move|p2a: Porygon2|Shadow Ball|p1a: Gholdengo
|-supereffective|p1a: Gholdengo
|-damage|p1a: Gholdengo|60/100
|
|-heal|p1a: Gholdengo|66/100|[from] item: Leftovers
|upkeep
|turn|12
|
|t:|1743866375
|move|p1a: Gholdengo|Make It Rain|p2a: Porygon2
|-damage|p2a: Porygon2|0 fnt
|-unboost|p1a: Gholdengo|spa|1
|faint|p2a: Porygon2
|
|-heal|p1a: Gholdengo|72/100|[from] item: Leftovers
|upkeep
|
|t:|1743866385
|switch|p2a: Jirachi|Jirachi|100/100
|turn|13
|
|t:|1743866398
|move|p2a: Jirachi|Stealth Rock|p1a: Gholdengo
|-sidestart|p1: WAKEYDO12|move: Stealth Rock
|move|p1a: Gholdengo|Shadow Ball|p2a: Jirachi
|-supereffective|p2a: Jirachi
|-crit|p2a: Jirachi
|-damage|p2a: Jirachi|0 fnt
|faint|p2a: Jirachi
|
|-heal|p1a: Gholdengo|79/100|[from] item: Leftovers
|upkeep
|
|t:|1743866405
|switch|p2a: Scrafty|Scrafty, M|100/100
|-ability|p2a: Scrafty|Intimidate|boost
|-unboost|p1a: Gholdengo|atk|1
|turn|14
|
|t:|1743866416
|switch|p1a: Zarude|Zarude-Dada|100/100
|move|p2a: Scrafty|Dragon Dance|p2a: Scrafty
|-boost|p2a: Scrafty|atk|1
|-boost|p2a: Scrafty|spe|1
|
|upkeep
|turn|15
|
|t:|1743866429
|-terastallize|p2a: Scrafty|Poison
|move|p1a: Zarude|Bulk Up|p1a: Zarude
|-boost|p1a: Zarude|atk|1
|-boost|p1a: Zarude|def|1
|move|p2a: Scrafty|Dragon Dance|p2a: Scrafty
|-boost|p2a: Scrafty|atk|1
|-boost|p2a: Scrafty|spe|1
|
|upkeep
|turn|16
|
|t:|1743866437
|move|p2a: Scrafty|Poison Jab|p1a: Zarude
|-supereffective|p1a: Zarude
|-damage|p1a: Zarude|0 fnt
|faint|p1a: Zarude
|-damage|p2a: Scrafty|91/100|[from] item: Life Orb
|
|upkeep
|
|t:|1743866455
|switch|p1a: Dondozo|Dondozo, M|71/100
|turn|17
|
|t:|1743866461
|move|p2a: Scrafty|Poison Jab|p1a: Dondozo
|-damage|p1a: Dondozo|52/100
|-status|p1a: Dondozo|psn
|-damage|p2a: Scrafty|81/100|[from] item: Life Orb
|move|p1a: Dondozo|Rest|p1a: Dondozo
|-status|p1a: Dondozo|slp|[from] move: Rest
|-heal|p1a: Dondozo|100/100 slp|[silent]
|
|upkeep
|turn|18
|
|t:|1743866472
|switch|p2a: Dewgong|Dewgong, M|65/100
|cant|p1a: Dondozo|slp
|move|p1a: Dondozo|Sleep Talk|p1a: Dondozo
|move|p1a: Dondozo|Rest||[from] move: Sleep Talk|[still]
|-fail|p1a: Dondozo
|
|upkeep
|turn|19
|
|t:|1743866479
|move|p2a: Dewgong|Encore||[still]
|-fail|p2a: Dewgong
|cant|p1a: Dondozo|slp
|move|p1a: Dondozo|Sleep Talk|p1a: Dondozo
|move|p1a: Dondozo|Wave Crash|p2a: Dewgong|[from] move: Sleep Talk
|-resisted|p2a: Dewgong
|-damage|p2a: Dewgong|41/100
|-damage|p1a: Dondozo|95/100 slp|[from] Recoil
|
|upkeep
|turn|20
|
|t:|1743866488
|move|p2a: Dewgong|Liquidation|p1a: Dondozo
|-resisted|p1a: Dondozo
|-damage|p1a: Dondozo|87/100 slp
|-curestatus|p1a: Dondozo|slp|[msg]
|move|p1a: Dondozo|Sleep Talk||[still]
|-fail|p1a: Dondozo
|
|upkeep
|turn|21
|
|t:|1743866498
|move|p2a: Dewgong|Encore||[still]
|-fail|p2a: Dewgong
|move|p1a: Dondozo|Wave Crash|p2a: Dewgong
|-resisted|p2a: Dewgong
|-crit|p2a: Dewgong
|-damage|p2a: Dewgong|9/100
|-damage|p1a: Dondozo|79/100|[from] Recoil
|
|upkeep
|turn|22
|
|t:|1743866506
|move|p2a: Dewgong|Encore|p1a: Dondozo
|-start|p1a: Dondozo|Encore
|move|p1a: Dondozo|Wave Crash|p2a: Dewgong
|-resisted|p2a: Dewgong
|-damage|p2a: Dewgong|0 fnt
|faint|p2a: Dewgong
|-damage|p1a: Dondozo|77/100|[from] Recoil
|
|upkeep
|
|t:|1743866509
|switch|p2a: Veluza|Veluza, F|100/100
|turn|23
|
|t:|1743866527
|switch|p1a: Tornadus|Tornadus-Therian, M|100/100
|-damage|p1a: Tornadus|76/100|[from] Stealth Rock
|move|p2a: Veluza|Fillet Away|p2a: Veluza
|-boost|p2a: Veluza|atk|2
|-boost|p2a: Veluza|spa|2
|-boost|p2a: Veluza|spe|2
|-damage|p2a: Veluza|50/100
|-enditem|p2a: Veluza|Sitrus Berry|[eat]
|-heal|p2a: Veluza|75/100|[from] item: Sitrus Berry
|
|upkeep
|turn|24
|
|t:|1743866543
|move|p2a: Veluza|Aqua Cutter|p1a: Tornadus
|-damage|p1a: Tornadus|0 fnt
|faint|p1a: Tornadus
|
|upkeep
|
|t:|1743866549
|switch|p1a: Dondozo|Dondozo, M|77/100
|turn|25
|
|t:|1743866556
|move|p2a: Veluza|Psycho Cut|p1a: Dondozo
|-damage|p1a: Dondozo|55/100
|move|p1a: Dondozo|Curse|p1a: Dondozo
|-unboost|p1a: Dondozo|spe|1
|-boost|p1a: Dondozo|atk|1
|-boost|p1a: Dondozo|def|1
|
|upkeep
|turn|26
|
|t:|1743866563
|move|p2a: Veluza|Psycho Cut|p1a: Dondozo
|-damage|p1a: Dondozo|39/100
|move|p1a: Dondozo|Rest|p1a: Dondozo
|-status|p1a: Dondozo|slp|[from] move: Rest
|-heal|p1a: Dondozo|100/100 slp|[silent]
|
|upkeep
|turn|27
|
|t:|1743866573
|move|p2a: Veluza|Psycho Cut|p1a: Dondozo
|-damage|p1a: Dondozo|86/100 slp
|cant|p1a: Dondozo|slp
|move|p1a: Dondozo|Sleep Talk|p1a: Dondozo
|move|p1a: Dondozo|Wave Crash|p2a: Veluza|[from] move: Sleep Talk
|-resisted|p2a: Veluza
|-crit|p2a: Veluza
|-damage|p2a: Veluza|8/100
|-damage|p1a: Dondozo|72/100 slp|[from] Recoil
|
|upkeep
|turn|28
|l|☆alexismarelli
|inactive|alexismarelli disconnected and has a minute to reconnect!
|player|p2|
|inactive|alexismarelli has 30 seconds to reconnect!
|inactive|alexismarelli has 20 seconds to reconnect!
|inactive|alexismarelli has 15 seconds to reconnect!
|inactive|alexismarelli has 10 seconds to reconnect!
|inactive|alexismarelli has 5 seconds to reconnect!
|-message|alexismarelli lost due to inactivity.
|
|win|WAKEYDO12
|raw|WAKEYDO12's rating: 1165 &rarr; <strong>1189</strong><br />(+24 for winning)
|raw|alexismarelli's rating: 1149 &rarr; <strong>1125</strong><br />(-24 for losing)
|l|☆WAKEYDO12
|player|p1|
