|j|☆destro1995
|j|☆Pompey Magnus
|t:|1743858237
|gametype|singles
|player|p1|destro1995|dawn|1062
|player|p2|Pompey Magnus|gentleman-gen4|1078
|teamsize|p1|6
|teamsize|p2|6
|gen|9
|tier|[Gen 9] OU
|rated|
|rule|HP Percentage Mod: HP is shown in percentages
|rule|Endless Battle Clause: Forcing endless battles is banned
|rule|Species Clause: Limit one of each Pokémon
|rule|OHKO Clause: OHKO moves are banned
|rule|Evasion Items Clause: Evasion items are banned
|rule|Evasion Moves Clause: Evasion moves are banned
|rule|Sleep Moves Clause: Sleep-inducing moves are banned
|clearpoke
|poke|p1|Scream Tail|
|poke|p1|Shaymin|
|poke|p1|Sandaconda, M|
|poke|p1|Gallade, M|
|poke|p1|Crabominable, F|
|poke|p1|Appletun, M|
|poke|p2|Corviknight, F|
|poke|p2|Glimmora, F|
|poke|p2|Sinistcha|
|poke|p2|Azumarill, M|
|poke|p2|Deoxys-Speed|
|poke|p2|Weavile, F|
|teampreview
|
|t:|1743858245
|start
|switch|p1a: Sandaconda|Sandaconda, M|100/100
|switch|p2a: Azumarill|Azumarill, M|100/100
|turn|1
|inactive|Battle timer is ON: inactive players will automatically lose when time's up. (requested by Pompey Magnus)
|
|t:|1743858260
|switch|p1a: Gallade|Gallade, M|100/100
|move|p2a: Azumarill|Belly Drum|p2a: Azumarill
|-damage|p2a: Azumarill|50/100
|-setboost|p2a: Azumarill|atk|6|[from] move: Belly Drum
|-enditem|p2a: Azumarill|Sitrus Berry|[eat]
|-heal|p2a: Azumarill|75/100|[from] item: Sitrus Berry
|
|upkeep
|turn|2
|
|t:|1743858274
|move|p2a: Azumarill|Aqua Jet|p1a: Gallade
|-damage|p1a: Gallade|14/100
|move|p1a: Gallade|Psycho Cut|p2a: Azumarill
|-damage|p2a: Azumarill|17/100
|
|upkeep
|turn|3
|
|t:|1743858280
|move|p2a: Azumarill|Aqua Jet|p1a: Gallade
|-damage|p1a: Gallade|0 fnt
|faint|p1a: Gallade
|
|upkeep
|
|t:|1743858284
|switch|p1a: Shaymin|Shaymin|100/100
|turn|4
|
|t:|1743858293
|move|p2a: Azumarill|Aqua Jet|p1a: Shaymin
|-resisted|p1a: Shaymin
|-damage|p1a: Shaymin|79/100
|move|p1a: Shaymin|Psychic|p2a: Azumarill
|-crit|p2a: Azumarill
|-damage|p2a: Azumarill|0 fnt
|faint|p2a: Azumarill
|-damage|p1a: Shaymin|70/100|[from] item: Life Orb
|
|upkeep
|
|t:|1743858306
|switch|p2a: Glimmora|Glimmora, F|100/100
|turn|5
|
|t:|1743858316
|move|p2a: Glimmora|Mortal Spin|p1a: Shaymin
|-supereffective|p1a: Shaymin
|-damage|p1a: Shaymin|59/100
|-status|p1a: Shaymin|psn
|move|p1a: Shaymin|Giga Drain|p2a: Glimmora
|-damage|p2a: Glimmora|37/100
|-heal|p1a: Shaymin|83/100 psn|[from] drain|[of] p2a: Glimmora
|-damage|p1a: Shaymin|74/100 psn|[from] item: Life Orb
|
|-damage|p1a: Shaymin|61/100 psn|[from] psn
|upkeep
|turn|6
|
|t:|1743858323
|move|p2a: Glimmora|Stealth Rock|p1a: Shaymin
|-sidestart|p1: destro1995|move: Stealth Rock
|move|p1a: Shaymin|Giga Drain|p2a: Glimmora
|-damage|p2a: Glimmora|0 fnt
|-heal|p1a: Shaymin|75/100 psn|[from] drain|[of] p2a: Glimmora
|faint|p2a: Glimmora
|-damage|p1a: Shaymin|65/100 psn|[from] item: Life Orb
|
|-damage|p1a: Shaymin|53/100 psn|[from] psn
|upkeep
|
|t:|1743858333
|switch|p2a: Deoxys|Deoxys-Speed|100/100
|-ability|p2a: Deoxys|Pressure
|turn|7
|
|t:|1743858345
|move|p2a: Deoxys|Ice Beam|p1a: Shaymin
|-supereffective|p1a: Shaymin
|-damage|p1a: Shaymin|0 fnt
|faint|p1a: Shaymin
|-damage|p2a: Deoxys|91/100|[from] item: Life Orb
|
|upkeep
|
|t:|1743858353
|switch|p1a: Scream Tail|Scream Tail|100/100
|-damage|p1a: Scream Tail|88/100|[from] Stealth Rock
|-enditem|p1a: Scream Tail|Booster Energy
|-activate|p1a: Scream Tail|ability: Protosynthesis|[fromitem]
|-start|p1a: Scream Tail|protosynthesisspd
|turn|8
|
|t:|1743858369
|switch|p2a: Corviknight|Corviknight, F|100/100
|-ability|p2a: Corviknight|Pressure
|move|p1a: Scream Tail|Stealth Rock|p2a: Corviknight
|-sidestart|p2: Pompey Magnus|move: Stealth Rock
|
|upkeep
|turn|9
|
|t:|1743858376
|move|p1a: Scream Tail|Flamethrower|p2a: Corviknight
|-supereffective|p2a: Corviknight
|-damage|p2a: Corviknight|51/100
|move|p2a: Corviknight|Defog|p1a: Scream Tail
|-unboost|p1a: Scream Tail|evasion|1
|-sideend|p1: destro1995|Stealth Rock|[from] move: Defog|[of] p2a: Corviknight
|-sideend|p2: Pompey Magnus|Stealth Rock|[from] move: Defog|[of] p2a: Corviknight
|
|upkeep
|turn|10
|
|t:|1743858385
|move|p1a: Scream Tail|Flamethrower|p2a: Corviknight
|-supereffective|p2a: Corviknight
|-damage|p2a: Corviknight|1/100
|move|p2a: Corviknight|Roost|p2a: Corviknight
|-heal|p2a: Corviknight|51/100
|-singleturn|p2a: Corviknight|move: Roost
|
|upkeep
|turn|11
|
|t:|1743858395
|switch|p2a: Deoxys|Deoxys-Speed|91/100
|-ability|p2a: Deoxys|Pressure
|move|p1a: Scream Tail|Thunderbolt|p2a: Deoxys
|-damage|p2a: Deoxys|57/100
|
|upkeep
|turn|12
|
|t:|1743858406
|move|p2a: Deoxys|Extreme Speed|p1a: Scream Tail
|-damage|p1a: Scream Tail|70/100
|-damage|p2a: Deoxys|47/100|[from] item: Life Orb
|move|p1a: Scream Tail|Flamethrower|p2a: Deoxys
|-damage|p2a: Deoxys|10/100
|
|upkeep
|turn|13
|
|t:|1743858415
|move|p2a: Deoxys|Extreme Speed|p1a: Scream Tail
|-damage|p1a: Scream Tail|50/100
|-damage|p2a: Deoxys|0 fnt|[from] item: Life Orb
|faint|p2a: Deoxys
|move|p1a: Scream Tail|Flamethrower|p2: Deoxys|[notarget]
|-fail|p1a: Scream Tail
|
|upkeep
|
|t:|1743858417
|switch|p2a: Weavile|Weavile, F|100/100
|-ability|p2a: Weavile|Pressure
|turn|14
|
|t:|1743858422
|move|p2a: Weavile|Triple Axel|p1a: Scream Tail
|-damage|p1a: Scream Tail|42/100
|-damage|p1a: Scream Tail|26/100
|-damage|p1a: Scream Tail|1/100
|-hitcount|p1a: Scream Tail|3
|move|p1a: Scream Tail|Flamethrower|p2a: Weavile
|-supereffective|p2a: Weavile
|-damage|p2a: Weavile|41/100
|
|upkeep
|turn|15
|
|t:|1743858430
|move|p2a: Weavile|Ice Shard|p1a: Scream Tail
|-damage|p1a: Scream Tail|0 fnt
|faint|p1a: Scream Tail
|-end|p1a: Scream Tail|Protosynthesis|[silent]
|
|upkeep
|
|t:|1743858438
|switch|p1a: Appletun|Appletun, M|100/100
|turn|16
|
|t:|1743858458
|-terastallize|p1a: Appletun|Steel
|move|p2a: Weavile|Triple Axel|p1a: Appletun
|-resisted|p1a: Appletun
|-damage|p1a: Appletun|96/100
|-resisted|p1a: Appletun
|-damage|p1a: Appletun|87/100
|-resisted|p1a: Appletun
|-damage|p1a: Appletun|73/100
|-hitcount|p1a: Appletun|3
|move|p1a: Appletun|Dragon Pulse|p2a: Weavile
|-damage|p2a: Weavile|0 fnt
|faint|p2a: Weavile
|
|-activate|p1a: Appletun|ability: Ripen
|-heal|p1a: Appletun|79/100|[from] item: Leftovers
|upkeep
|
|t:|1743858471
|switch|p2a: Sinistcha|Sinistcha|100/100
|turn|17
|
|t:|1743858475
|move|p2a: Sinistcha|Calm Mind|p2a: Sinistcha
|-boost|p2a: Sinistcha|spa|1
|-boost|p2a: Sinistcha|spd|1
|move|p1a: Appletun|Dragon Pulse|p2a: Sinistcha
|-damage|p2a: Sinistcha|78/100
|
|-activate|p1a: Appletun|ability: Ripen
|-heal|p1a: Appletun|85/100|[from] item: Leftovers
|upkeep
|turn|18
|
|t:|1743858487
|switch|p1a: Crabominable|Crabominable, F|100/100
|move|p2a: Sinistcha|Calm Mind|p2a: Sinistcha
|-boost|p2a: Sinistcha|spa|1
|-boost|p2a: Sinistcha|spd|1
|
|upkeep
|turn|19
|
|t:|1743858500
|move|p2a: Sinistcha|Strength Sap|p1a: Crabominable
|-fail|p1a: Crabominable|unboost|Attack|[from] ability: Hyper Cutter|[of] p1a: Crabominable
|-heal|p2a: Sinistcha|100/100
|move|p1a: Crabominable|Gunk Shot|p2a: Sinistcha
|-damage|p2a: Sinistcha|69/100
|
|upkeep
|turn|20
|
|t:|1743858509
|move|p2a: Sinistcha|Shadow Ball|p1a: Crabominable
|-damage|p1a: Crabominable|26/100
|move|p1a: Crabominable|Avalanche|p2a: Sinistcha
|-supereffective|p2a: Sinistcha
|-damage|p2a: Sinistcha|0 fnt
|faint|p2a: Sinistcha
|
|upkeep
|
|t:|1743858514
|switch|p2a: Corviknight|Corviknight, F|51/100
|-ability|p2a: Corviknight|Pressure
|turn|21
|
|t:|1743858519
|move|p2a: Corviknight|Body Press|p1a: Crabominable
|-supereffective|p1a: Crabominable
|-damage|p1a: Crabominable|0 fnt
|faint|p1a: Crabominable
|
|upkeep
|
|t:|1743858523
|switch|p1a: Sandaconda|Sandaconda, M|100/100
|turn|22
|
|t:|1743858530
|move|p1a: Sandaconda|Coil|p1a: Sandaconda
|-boost|p1a: Sandaconda|atk|1
|-boost|p1a: Sandaconda|def|1
|-boost|p1a: Sandaconda|accuracy|1
|move|p2a: Corviknight|Iron Defense|p2a: Corviknight
|-boost|p2a: Corviknight|def|2
|
|upkeep
|turn|23
|
|t:|1743858535
|move|p1a: Sandaconda|Coil|p1a: Sandaconda
|-boost|p1a: Sandaconda|atk|1
|-boost|p1a: Sandaconda|def|1
|-boost|p1a: Sandaconda|accuracy|1
|move|p2a: Corviknight|Iron Defense|p2a: Corviknight
|-boost|p2a: Corviknight|def|2
|
|upkeep
|turn|24
|
|t:|1743858541
|move|p1a: Sandaconda|Coil|p1a: Sandaconda
|-boost|p1a: Sandaconda|atk|1
|-boost|p1a: Sandaconda|def|1
|-boost|p1a: Sandaconda|accuracy|1
|move|p2a: Corviknight|Iron Defense|p2a: Corviknight
|-boost|p2a: Corviknight|def|2
|
|upkeep
|turn|25
|
|t:|1743858552
|move|p1a: Sandaconda|Coil|p1a: Sandaconda
|-boost|p1a: Sandaconda|atk|1
|-boost|p1a: Sandaconda|def|1
|-boost|p1a: Sandaconda|accuracy|1
|move|p2a: Corviknight|Body Press|p1a: Sandaconda
|-crit|p1a: Sandaconda
|-damage|p1a: Sandaconda|0 fnt
|-damage|p2a: Corviknight|34/100|[from] item: Rocky Helmet|[of] p1a: Sandaconda
|-weather|Sandstorm|[from] ability: Sand Spit|[of] p1a: Sandaconda
|faint|p1a: Sandaconda
|
|-weather|Sandstorm|[upkeep]
|upkeep
|
|t:|1743858559
|switch|p1a: Appletun|Appletun, M, tera:Steel|85/100
|turn|26
|c|☆Pompey Magnus|Lol the crit
|
|t:|1743858567
|move|p2a: Corviknight|Body Press|p1a: Appletun
|-supereffective|p1a: Appletun
|-damage|p1a: Appletun|0 fnt
|faint|p1a: Appletun
|
|win|Pompey Magnus
|raw|destro1995's rating: 1062 &rarr; <strong>1044</strong><br />(-18 for losing)
|raw|Pompey Magnus's rating: 1078 &rarr; <strong>1105</strong><br />(+27 for winning)
|l|☆destro1995
|player|p1|
|l|☆Pompey Magnus
|player|p2|
