|j|☆Jesus is L0RD amen
|j|☆mod5
|t:|1743934385
|gametype|singles
|player|p1|Jesus is L0RD amen|266|1330
|player|p2|mod5|elesa|1360
|teamsize|p1|6
|teamsize|p2|6
|gen|9
|tier|[Gen 9] OU
|rated|
|rule|HP Percentage Mod: HP is shown in percentages
|rule|Endless Battle Clause: Forcing endless battles is banned
|rule|Species Clause: Limit one of each Pokémon
|rule|OHKO Clause: OHKO moves are banned
|rule|Evasion Items Clause: Evasion items are banned
|rule|Evasion Moves Clause: Evasion moves are banned
|rule|Sleep Moves Clause: Sleep-inducing moves are banned
|clearpoke
|poke|p1|Blaziken, F|
|poke|p1|Azelf|
|poke|p1|Uxie|
|poke|p1|Iron Moth|
|poke|p1|Raging Bolt|
|poke|p1|Diancie|
|poke|p2|Okidogi, M|
|poke|p2|Tinkaton, F|
|poke|p2|Cinderace, M|
|poke|p2|Landorus-Therian, M|
|poke|p2|Kyurem|
|poke|p2|Gholdengo|
|teampreview
|inactive|Battle timer is ON: inactive players will automatically lose when time's up. (requested by mod5)
|inactive|Jesus is L0RD amen also wants the timer to be on.
|
|t:|1743934394
|start
|switch|p1a: Azelf|Azelf, shiny|100/100
|switch|p2a: Da Hamma|Tinkaton, F, shiny|100/100
|-item|p2a: Da Hamma|Air Balloon
|turn|1
|
|t:|1743934401
|switch|p2a: Mandingo|Gholdengo|100/100
|move|p1a: Azelf|Explosion|p2a: Mandingo
|-immune|p2a: Mandingo
|faint|p1a: Azelf
|
|upkeep
|
|t:|1743934405
|switch|p1a: Blaziken|Blaziken, F, shiny|100/100
|turn|2
|
|t:|1743934410
|move|p2a: Mandingo|Trick|p1a: Blaziken
|-activate|p2a: Mandingo|move: Trick|[of] p1a: Blaziken
|-item|p1a: Blaziken|Choice Scarf|[from] move: Trick
|-item|p2a: Mandingo|Focus Sash|[from] move: Trick
|move|p1a: Blaziken|Swords Dance|p1a: Blaziken
|-boost|p1a: Blaziken|atk|2
|
|-ability|p1a: Blaziken|Speed Boost|boost
|-boost|p1a: Blaziken|spe|1
|upkeep
|turn|3
|
|t:|1743934417
|switch|p1a: Iron Moth|Iron Moth, shiny|100/100
|-enditem|p1a: Iron Moth|Booster Energy
|-activate|p1a: Iron Moth|ability: Quark Drive|[fromitem]
|-start|p1a: Iron Moth|quarkdrivespe
|move|p2a: Mandingo|Shadow Ball|p1a: Iron Moth
|-damage|p1a: Iron Moth|55/100
|
|upkeep
|turn|4
|
|t:|1743934427
|-terastallize|p2a: Mandingo|Normal
|move|p1a: Iron Moth|Fiery Dance|p2a: Mandingo
|-damage|p2a: Mandingo|50/100
|move|p2a: Mandingo|Power Gem|p1a: Iron Moth
|-supereffective|p1a: Iron Moth
|-crit|p1a: Iron Moth
|-damage|p1a: Iron Moth|0 fnt
|faint|p1a: Iron Moth
|-end|p1a: Iron Moth|Quark Drive|[silent]
|
|upkeep
|
|t:|1743934436
|switch|p1a: Blaziken|Blaziken, F, shiny|100/100
|turn|5
|
|t:|1743934449
|switch|p2a: Okidogi|Okidogi, M|100/100
|move|p1a: Blaziken|Close Combat|p2a: Okidogi
|-resisted|p2a: Okidogi
|-damage|p2a: Okidogi|77/100
|-unboost|p1a: Blaziken|def|1
|-unboost|p1a: Blaziken|spd|1
|
|-heal|p2a: Okidogi|83/100|[from] item: Leftovers
|-ability|p1a: Blaziken|Speed Boost|boost
|-boost|p1a: Blaziken|spe|1
|upkeep
|turn|6
|
|t:|1743934461
|move|p1a: Blaziken|Close Combat|p2a: Okidogi
|-resisted|p2a: Okidogi
|-damage|p2a: Okidogi|56/100
|-unboost|p1a: Blaziken|def|1
|-unboost|p1a: Blaziken|spd|1
|move|p2a: Okidogi|Drain Punch|p1a: Blaziken
|-damage|p1a: Blaziken|4/100
|-heal|p2a: Okidogi|94/100|[from] drain|[of] p1a: Blaziken
|
|-heal|p2a: Okidogi|100/100|[from] item: Leftovers
|-ability|p1a: Blaziken|Speed Boost|boost
|-boost|p1a: Blaziken|spe|1
|upkeep
|turn|7
|
|t:|1743934472
|move|p1a: Blaziken|Close Combat|p2a: Okidogi
|-resisted|p2a: Okidogi
|-damage|p2a: Okidogi|76/100
|-unboost|p1a: Blaziken|def|1
|-unboost|p1a: Blaziken|spd|1
|move|p2a: Okidogi|Drain Punch|p1a: Blaziken
|-damage|p1a: Blaziken|0 fnt
|-heal|p2a: Okidogi|78/100|[from] drain|[of] p1a: Blaziken
|faint|p1a: Blaziken
|
|-heal|p2a: Okidogi|84/100|[from] item: Leftovers
|upkeep
|
|t:|1743934483
|switch|p1a: Raging Bolt|Raging Bolt|100/100
|-enditem|p1a: Raging Bolt|Booster Energy
|-activate|p1a: Raging Bolt|ability: Protosynthesis|[fromitem]
|-start|p1a: Raging Bolt|protosynthesisspa
|turn|8
|
|t:|1743934499
|switch|p2a: Da Hamma|Tinkaton, F, shiny|100/100
|-item|p2a: Da Hamma|Air Balloon
|move|p1a: Raging Bolt|Thunderbolt|p2a: Da Hamma
|-damage|p2a: Da Hamma|41/100
|-enditem|p2a: Da Hamma|Air Balloon
|
|upkeep
|turn|9
|
|t:|1743934506
|move|p2a: Da Hamma|Encore|p1a: Raging Bolt
|-start|p1a: Raging Bolt|Encore
|move|p1a: Raging Bolt|Thunderbolt|p2a: Da Hamma
|-damage|p2a: Da Hamma|0 fnt
|faint|p2a: Da Hamma
|
|upkeep
|
|t:|1743934531
|switch|p2a: Osama Bin Meta|Landorus-Therian, M, shiny|100/100
|-ability|p2a: Osama Bin Meta|Intimidate|boost
|-unboost|p1a: Raging Bolt|atk|1
|turn|10
|
|t:|1743934538
|move|p2a: Osama Bin Meta|U-turn|p1a: Raging Bolt
|-damage|p1a: Raging Bolt|77/100
|
|t:|1743934544
|switch|p2a: Soccer Furry|Cinderace, M, shiny|100/100|[from] U-turn
|move|p1a: Raging Bolt|Thunderbolt|p2a: Soccer Furry
|-damage|p2a: Soccer Furry|9/100
|
|upkeep
|turn|11
|
|t:|1743934552
|move|p2a: Soccer Furry|U-turn|p1a: Raging Bolt
|-start|p2a: Soccer Furry|typechange|Bug|[from] ability: Libero
|-damage|p1a: Raging Bolt|49/100
|
|t:|1743934556
|switch|p2a: Osama Bin Meta|Landorus-Therian, M, shiny|100/100|[from] U-turn
|-ability|p2a: Osama Bin Meta|Intimidate|boost
|-unboost|p1a: Raging Bolt|atk|1
|move|p1a: Raging Bolt|Thunderbolt|p2a: Osama Bin Meta
|-immune|p2a: Osama Bin Meta
|
|-end|p1a: Raging Bolt|Encore
|upkeep
|turn|12
|
|t:|1743934561
|move|p2a: Osama Bin Meta|Earthquake|p1a: Raging Bolt
|-supereffective|p1a: Raging Bolt
|-damage|p1a: Raging Bolt|0 fnt
|faint|p1a: Raging Bolt
|-end|p1a: Raging Bolt|Protosynthesis|[silent]
|
|upkeep
|
|t:|1743934567
|switch|p1a: Uxie|Uxie, shiny|100/100
|turn|13
|
|t:|1743934594
|switch|p2a: Soccer Furry|Cinderace, M, shiny|9/100
|move|p1a: Uxie|Reflect|p1a: Uxie
|-sidestart|p1: Jesus is L0RD amen|Reflect
|
|upkeep
|turn|14
|
|t:|1743934609
|move|p2a: Soccer Furry|Taunt|p1a: Uxie
|-start|p2a: Soccer Furry|typechange|Dark|[from] ability: Libero
|-start|p1a: Uxie|move: Taunt
|cant|p1a: Uxie|move: Taunt|Light Screen
|
|upkeep
|turn|15
|
|t:|1743934617
|switch|p1a: Diancie|Diancie, shiny|100/100
|move|p2a: Soccer Furry|Court Change|p2a: Soccer Furry
|-swapsideconditions
|-activate|p2a: Soccer Furry|move: Court Change
|
|upkeep
|turn|16
|
|t:|1743934625
|-terastallize|p1a: Diancie|Steel
|move|p2a: Soccer Furry|Taunt|p1a: Diancie
|-start|p1a: Diancie|move: Taunt
|cant|p1a: Diancie|move: Taunt|Iron Defense
|
|upkeep
|turn|17
|
|t:|1743934632
|move|p2a: Soccer Furry|Pyro Ball|p1a: Diancie|[miss]
|-miss|p2a: Soccer Furry|p1a: Diancie
|move|p1a: Diancie|Draining Kiss|p2a: Soccer Furry
|-supereffective|p2a: Soccer Furry
|-damage|p2a: Soccer Furry|0 fnt
|faint|p2a: Soccer Furry
|
|upkeep
|
|t:|1743934638
|switch|p2a: Mandingo|Gholdengo, tera:Normal|50/100
|turn|18
|
|t:|1743934642
|move|p2a: Mandingo|Shadow Ball|p1a: Diancie
|-damage|p1a: Diancie|63/100
|move|p1a: Diancie|Draining Kiss|p2a: Mandingo
|-damage|p2a: Mandingo|25/100
|-heal|p1a: Diancie|88/100|[from] drain|[of] p2a: Mandingo
|
|-heal|p1a: Diancie|94/100|[from] item: Leftovers
|-end|p1a: Diancie|move: Taunt
|upkeep
|turn|19
|inactive|Jesus is L0RD amen has 120 seconds left.
|
|t:|1743934680
|move|p2a: Mandingo|Trick|p1a: Diancie
|-activate|p2a: Mandingo|move: Trick|[of] p1a: Diancie
|-item|p1a: Diancie|Focus Sash|[from] move: Trick
|-item|p2a: Mandingo|Leftovers|[from] move: Trick
|move|p1a: Diancie|Calm Mind|p1a: Diancie
|-boost|p1a: Diancie|spa|1
|-boost|p1a: Diancie|spd|1
|
|-heal|p2a: Mandingo|32/100|[from] item: Leftovers
|upkeep
|turn|20
|
|t:|1743934698
|move|p2a: Mandingo|Shadow Ball|p1a: Diancie
|-damage|p1a: Diancie|70/100
|move|p1a: Diancie|Calm Mind|p1a: Diancie
|-boost|p1a: Diancie|spa|1
|-boost|p1a: Diancie|spd|1
|
|-heal|p2a: Mandingo|38/100|[from] item: Leftovers
|-sideend|p2: mod5|Reflect
|upkeep
|turn|21
|
|t:|1743934712
|move|p2a: Mandingo|Shadow Ball|p1a: Diancie
|-damage|p1a: Diancie|51/100
|move|p1a: Diancie|Calm Mind|p1a: Diancie
|-boost|p1a: Diancie|spa|1
|-boost|p1a: Diancie|spd|1
|
|-heal|p2a: Mandingo|44/100|[from] item: Leftovers
|upkeep
|turn|22
|
|t:|1743934722
|move|p2a: Mandingo|Shadow Ball|p1a: Diancie
|-damage|p1a: Diancie|34/100
|move|p1a: Diancie|Iron Defense|p1a: Diancie
|-boost|p1a: Diancie|def|2
|
|-heal|p2a: Mandingo|50/100|[from] item: Leftovers
|upkeep
|turn|23
|inactive|mod5 has 120 seconds left.
|
|t:|1743934768
|move|p2a: Mandingo|Shadow Ball|p1a: Diancie
|-damage|p1a: Diancie|18/100
|move|p1a: Diancie|Draining Kiss|p2a: Mandingo
|-damage|p2a: Mandingo|0 fnt
|-heal|p1a: Diancie|66/100|[from] drain|[of] p2a: Mandingo
|faint|p2a: Mandingo
|
|upkeep
|
|t:|1743934777
|switch|p2a: Osama Bin Meta|Landorus-Therian, M, shiny|100/100
|-ability|p2a: Osama Bin Meta|Intimidate|boost
|-fail|p1a: Diancie|unboost|[from] ability: Clear Body|[of] p1a: Diancie
|turn|24
|
|t:|1743934783
|move|p2a: Osama Bin Meta|Earthquake|p1a: Diancie
|-supereffective|p1a: Diancie
|-damage|p1a: Diancie|11/100
|move|p1a: Diancie|Draining Kiss|p2a: Osama Bin Meta
|-damage|p2a: Osama Bin Meta|39/100
|-heal|p1a: Diancie|72/100|[from] drain|[of] p2a: Osama Bin Meta
|
|upkeep
|turn|25
|
|t:|1743934790
|move|p2a: Osama Bin Meta|Earthquake|p1a: Diancie
|-supereffective|p1a: Diancie
|-damage|p1a: Diancie|20/100
|move|p1a: Diancie|Draining Kiss|p2a: Osama Bin Meta
|-damage|p2a: Osama Bin Meta|0 fnt
|-heal|p1a: Diancie|58/100|[from] drain|[of] p2a: Osama Bin Meta
|faint|p2a: Osama Bin Meta
|
|upkeep
|inactive|mod5 has 120 seconds left.
|
|t:|1743934797
|switch|p2a: Okidogi|Okidogi, M|84/100
|turn|26
|
|t:|1743934807
|move|p2a: Okidogi|Drain Punch|p1a: Diancie
|-supereffective|p1a: Diancie
|-damage|p1a: Diancie|30/100
|-heal|p2a: Okidogi|93/100|[from] drain|[of] p1a: Diancie
|move|p1a: Diancie|Draining Kiss|p2a: Okidogi
|-damage|p2a: Okidogi|56/100
|-heal|p1a: Diancie|74/100|[from] drain|[of] p2a: Okidogi
|
|-heal|p2a: Okidogi|62/100|[from] item: Leftovers
|upkeep
|turn|27
|
|t:|1743934825
|move|p2a: Okidogi|Bulk Up|p2a: Okidogi
|-boost|p2a: Okidogi|atk|1
|-boost|p2a: Okidogi|def|1
|move|p1a: Diancie|Iron Defense|p1a: Diancie
|-boost|p1a: Diancie|def|2
|
|-heal|p2a: Okidogi|68/100|[from] item: Leftovers
|upkeep
|turn|28
|
|t:|1743934832
|move|p2a: Okidogi|Bulk Up|p2a: Okidogi
|-boost|p2a: Okidogi|atk|1
|-boost|p2a: Okidogi|def|1
|move|p1a: Diancie|Iron Defense|p1a: Diancie
|-boost|p1a: Diancie|def|2
|
|-heal|p2a: Okidogi|74/100|[from] item: Leftovers
|upkeep
|turn|29
|
|t:|1743934845
|move|p2a: Okidogi|Bulk Up|p2a: Okidogi
|-boost|p2a: Okidogi|atk|1
|-boost|p2a: Okidogi|def|1
|move|p1a: Diancie|Draining Kiss|p2a: Okidogi
|-damage|p2a: Okidogi|36/100
|-heal|p1a: Diancie|100/100|[from] drain|[of] p2a: Okidogi
|
|-heal|p2a: Okidogi|42/100|[from] item: Leftovers
|upkeep
|turn|30
|
|t:|1743934850
|move|p2a: Okidogi|Drain Punch|p1a: Diancie
|-supereffective|p1a: Diancie
|-damage|p1a: Diancie|67/100
|-heal|p2a: Okidogi|52/100|[from] drain|[of] p1a: Diancie
|move|p1a: Diancie|Calm Mind|p1a: Diancie
|-boost|p1a: Diancie|spa|1
|-boost|p1a: Diancie|spd|1
|
|-heal|p2a: Okidogi|58/100|[from] item: Leftovers
|upkeep
|turn|31
|
|t:|1743934860
|move|p2a: Okidogi|Bulk Up|p2a: Okidogi
|-boost|p2a: Okidogi|atk|1
|-boost|p2a: Okidogi|def|1
|move|p1a: Diancie|Draining Kiss|p2a: Okidogi
|-damage|p2a: Okidogi|15/100
|-heal|p1a: Diancie|100/100|[from] drain|[of] p2a: Okidogi
|
|-heal|p2a: Okidogi|22/100|[from] item: Leftovers
|upkeep
|turn|32
|
|t:|1743934863
|move|p2a: Okidogi|Drain Punch|p1a: Diancie
|-supereffective|p1a: Diancie
|-damage|p1a: Diancie|60/100
|-heal|p2a: Okidogi|34/100|[from] drain|[of] p1a: Diancie
|move|p1a: Diancie|Draining Kiss|p2a: Okidogi
|-damage|p2a: Okidogi|0 fnt
|-heal|p1a: Diancie|99/100|[from] drain|[of] p2a: Okidogi
|faint|p2a: Okidogi
|
|upkeep
|-message|mod5 forfeited.
|
|win|Jesus is L0RD amen
|raw|Jesus is L0RD amen's rating: 1330 &rarr; <strong>1352</strong><br />(+22 for winning)
|raw|mod5's rating: 1360 &rarr; <strong>1338</strong><br />(-22 for losing)
|l|☆mod5
|player|p2|
|l|☆Jesus is L0RD amen
|player|p1|
