|j|☆thestinkycheeseman
|j|☆Aphasia pusher
|t:|1743826671
|gametype|singles
|player|p1|thestinkycheeseman|skierf|1497
|player|p2|Aphasia pusher|cynthia-gen4|1454
|teamsize|p1|6
|teamsize|p2|6
|gen|9
|tier|[Gen 9] OU
|rated|
|rule|HP Percentage Mod: HP is shown in percentages
|rule|Endless Battle Clause: Forcing endless battles is banned
|rule|Species Clause: Limit one of each Pokémon
|rule|OHKO Clause: OHKO moves are banned
|rule|Evasion Items Clause: Evasion items are banned
|rule|Evasion Moves Clause: Evasion moves are banned
|rule|Sleep Moves Clause: Sleep-inducing moves are banned
|clearpoke
|poke|p1|Comfey, F|
|poke|p1|Ceruledge, M|
|poke|p1|Iron Moth|
|poke|p1|Walking Wake|
|poke|p1|Great Tusk|
|poke|p1|Ninetales, M|
|poke|p2|Zamazenta-*|
|poke|p2|Kingambit, M|
|poke|p2|Samurott-Hisui, F|
|poke|p2|Landorus-Therian, M|
|poke|p2|Iron Valiant|
|poke|p2|Iron Moth|
|teampreview
|inactive|Battle timer is ON: inactive players will automatically lose when time's up. (requested by Aphasia pusher)
|
|t:|1743826694
|start
|switch|p1a: Ninetales|Ninetales, M|100/100
|switch|p2a: Samurott|Samurott-Hisui, F|100/100
|-weather|SunnyDay|[from] ability: Drought|[of] p1a: Ninetales
|turn|1
|
|t:|1743826701
|move|p1a: Ninetales|Will-O-Wisp|p2a: Samurott|[miss]
|-miss|p1a: Ninetales|p2a: Samurott
|move|p2a: Samurott|Ceaseless Edge|p1a: Ninetales
|-damage|p1a: Ninetales|45/100
|-sidestart|p1: thestinkycheeseman|Spikes
|
|-weather|SunnyDay|[upkeep]
|upkeep
|turn|2
|
|t:|1743826713
|switch|p1a: Great Tusk|Great Tusk|100/100
|-damage|p1a: Great Tusk|88/100|[from] Spikes
|-activate|p1a: Great Tusk|ability: Protosynthesis
|-start|p1a: Great Tusk|protosynthesisspe
|move|p2a: Samurott|Ceaseless Edge|p1a: Great Tusk
|-resisted|p1a: Great Tusk
|-damage|p1a: Great Tusk|72/100
|-damage|p2a: Samurott|84/100|[from] item: Rocky Helmet|[of] p1a: Great Tusk
|-sidestart|p1: thestinkycheeseman|Spikes
|
|-weather|SunnyDay|[upkeep]
|upkeep
|turn|3
|
|t:|1743826742
|-terastallize|p2a: Samurott|Ghost
|move|p1a: Great Tusk|Rapid Spin|p2a: Samurott
|-immune|p2a: Samurott
|move|p2a: Samurott|Razor Shell|p1a: Great Tusk
|-supereffective|p1a: Great Tusk
|-damage|p1a: Great Tusk|34/100
|-unboost|p1a: Great Tusk|def|1
|-damage|p2a: Samurott|67/100|[from] item: Rocky Helmet|[of] p1a: Great Tusk
|
|-weather|SunnyDay|[upkeep]
|upkeep
|turn|4
|
|t:|1743826768
|-end|p1a: Great Tusk|Protosynthesis|[silent]
|switch|p1a: Walking Wake|Walking Wake|100/100
|-damage|p1a: Walking Wake|84/100|[from] Spikes
|-activate|p1a: Walking Wake|ability: Protosynthesis
|-start|p1a: Walking Wake|protosynthesisspe
|move|p2a: Samurott|Ceaseless Edge|p1a: Walking Wake
|-damage|p1a: Walking Wake|39/100
|-sidestart|p1: thestinkycheeseman|Spikes
|
|-weather|SunnyDay|[upkeep]
|upkeep
|turn|5
|inactive|Aphasia pusher has 120 seconds left.
|
|t:|1743826792
|switch|p2a: Iron Valiant|Iron Valiant|100/100
|-enditem|p2a: Iron Valiant|Booster Energy
|-activate|p2a: Iron Valiant|ability: Quark Drive|[fromitem]
|-start|p2a: Iron Valiant|quarkdrivespe
|move|p1a: Walking Wake|Hydro Steam|p2a: Iron Valiant
|-damage|p2a: Iron Valiant|0 fnt
|faint|p2a: Iron Valiant
|-end|p2a: Iron Valiant|Quark Drive|[silent]
|
|-weather|SunnyDay|[upkeep]
|upkeep
|inactive|Aphasia pusher has 120 seconds left.
|
|t:|1743826804
|switch|p2a: Iron Moth|Iron Moth|100/100
|-enditem|p2a: Iron Moth|Booster Energy
|-activate|p2a: Iron Moth|ability: Quark Drive|[fromitem]
|-start|p2a: Iron Moth|quarkdrivespa
|turn|6
|inactive|Aphasia pusher has 120 seconds left.
|
|t:|1743826813
|move|p1a: Walking Wake|Hydro Steam|p2a: Iron Moth
|-supereffective|p2a: Iron Moth
|-damage|p2a: Iron Moth|0 fnt
|faint|p2a: Iron Moth
|-end|p2a: Iron Moth|Quark Drive|[silent]
|
|-weather|SunnyDay|[upkeep]
|upkeep
|inactive|Aphasia pusher has 120 seconds left.
|
|t:|1743826819
|switch|p2a: Kingambit|Kingambit, M|100/100
|-activate|p2a: Kingambit|ability: Supreme Overlord
|-start|p2a: Kingambit|fallen2|[silent]
|turn|7
|
|t:|1743826843
|-end|p1a: Walking Wake|Protosynthesis|[silent]
|switch|p1a: Ceruledge|Ceruledge, M|100/100
|-damage|p1a: Ceruledge|76/100|[from] Spikes
|move|p2a: Kingambit|Kowtow Cleave|p1a: Ceruledge
|-supereffective|p1a: Ceruledge
|-damage|p1a: Ceruledge|0 fnt
|faint|p1a: Ceruledge
|
|-weather|SunnyDay|[upkeep]
|upkeep
|
|t:|1743826855
|switch|p1a: Great Tusk|Great Tusk|34/100
|-damage|p1a: Great Tusk|9/100|[from] Spikes
|-activate|p1a: Great Tusk|ability: Protosynthesis
|-start|p1a: Great Tusk|protosynthesisspe
|turn|8
|
|t:|1743826859
|move|p2a: Kingambit|Sucker Punch||[still]
|-fail|p2a: Kingambit
|move|p1a: Great Tusk|Stealth Rock|p2a: Kingambit
|-sidestart|p2: Aphasia pusher|move: Stealth Rock
|
|-weather|none
|-end|p1a: Great Tusk|Protosynthesis
|upkeep
|turn|9
|
|t:|1743826865
|move|p2a: Kingambit|Sucker Punch||[still]
|-fail|p2a: Kingambit
|move|p1a: Great Tusk|Stealth Rock||[still]
|-fail|p1a: Great Tusk
|
|upkeep
|turn|10
|
|t:|1743826869
|move|p2a: Kingambit|Sucker Punch|p1a: Great Tusk
|-resisted|p1a: Great Tusk
|-damage|p1a: Great Tusk|0 fnt
|-damage|p2a: Kingambit|84/100|[from] item: Rocky Helmet|[of] p1a: Great Tusk
|faint|p1a: Great Tusk
|-end|p1a: Great Tusk|Protosynthesis|[silent]
|
|-heal|p2a: Kingambit|90/100|[from] item: Leftovers
|upkeep
|
|t:|1743826873
|switch|p1a: Ninetales|Ninetales, M|45/100
|-damage|p1a: Ninetales|21/100|[from] Spikes
|-weather|SunnyDay|[from] ability: Drought|[of] p1a: Ninetales
|turn|11
|
|t:|1743826878
|move|p1a: Ninetales|Will-O-Wisp|p2a: Kingambit
|-status|p2a: Kingambit|brn
|move|p2a: Kingambit|Kowtow Cleave|p1a: Ninetales
|-damage|p1a: Ninetales|0 fnt
|faint|p1a: Ninetales
|
|-weather|SunnyDay|[upkeep]
|-heal|p2a: Kingambit|96/100 brn|[from] item: Leftovers
|-damage|p2a: Kingambit|90/100 brn|[from] brn
|upkeep
|
|t:|1743826889
|switch|p1a: Comfey|Comfey, F|100/100
|-damage|p1a: Comfey|76/100|[from] Spikes
|turn|12
|
|t:|1743826894
|-terastallize|p1a: Comfey|Water
|move|p1a: Comfey|Growth|p1a: Comfey
|-boost|p1a: Comfey|atk|2
|-boost|p1a: Comfey|spa|2
|move|p2a: Kingambit|Swords Dance|p2a: Kingambit
|-boost|p2a: Kingambit|atk|2
|
|-weather|SunnyDay|[upkeep]
|-heal|p2a: Kingambit|96/100 brn|[from] item: Leftovers
|-damage|p2a: Kingambit|90/100 brn|[from] brn
|upkeep
|turn|13
|
|t:|1743826910
|move|p1a: Comfey|Draining Kiss|p2a: Kingambit
|-damage|p2a: Kingambit|34/100 brn
|-heal|p1a: Comfey|100/100|[from] drain|[of] p2a: Kingambit
|-damage|p1a: Comfey|91/100|[from] item: Life Orb
|move|p2a: Kingambit|Kowtow Cleave|p1a: Comfey
|-damage|p1a: Comfey|12/100
|
|-weather|SunnyDay|[upkeep]
|-heal|p2a: Kingambit|40/100 brn|[from] item: Leftovers
|-damage|p2a: Kingambit|34/100 brn|[from] brn
|upkeep
|turn|14
|
|t:|1743826920
|move|p1a: Comfey|Draining Kiss|p2a: Kingambit
|-damage|p2a: Kingambit|0 fnt
|-heal|p1a: Comfey|45/100|[from] drain|[of] p2a: Kingambit
|faint|p2a: Kingambit
|-end|p2a: Kingambit|fallen2|[silent]
|-damage|p1a: Comfey|35/100|[from] item: Life Orb
|
|-weather|SunnyDay|[upkeep]
|upkeep
|
|t:|1743826937
|switch|p2a: Landorus|Landorus-Therian, M|100/100
|-damage|p2a: Landorus|88/100|[from] Stealth Rock
|-ability|p2a: Landorus|Intimidate|boost
|-unboost|p1a: Comfey|atk|1
|turn|15
|
|t:|1743826945
|move|p1a: Comfey|Draining Kiss|p2a: Landorus
|-damage|p2a: Landorus|27/100
|-heal|p1a: Comfey|93/100|[from] drain|[of] p2a: Landorus
|-damage|p1a: Comfey|76/100|[from] item: Rocky Helmet|[of] p2a: Landorus
|-damage|p1a: Comfey|66/100|[from] item: Life Orb
|move|p2a: Landorus|Earthquake|p1a: Comfey
|-damage|p1a: Comfey|13/100
|
|-weather|SunnyDay|[upkeep]
|upkeep
|turn|16
|
|t:|1743826956
|move|p1a: Comfey|Synthesis|p1a: Comfey
|-heal|p1a: Comfey|80/100
|move|p2a: Landorus|Earthquake|p1a: Comfey
|-damage|p1a: Comfey|24/100
|
|-weather|SunnyDay|[upkeep]
|upkeep
|turn|17
|
|t:|1743826974
|move|p1a: Comfey|Synthesis|p1a: Comfey
|-heal|p1a: Comfey|91/100
|move|p2a: Landorus|Earthquake|p1a: Comfey
|-damage|p1a: Comfey|36/100
|
|-weather|SunnyDay|[upkeep]
|upkeep
|turn|18
|
|t:|1743826983
|move|p1a: Comfey|Draining Kiss|p2a: Landorus
|-damage|p2a: Landorus|0 fnt
|-heal|p1a: Comfey|60/100|[from] drain|[of] p2a: Landorus
|-damage|p1a: Comfey|44/100|[from] item: Rocky Helmet|[of] p2a: Landorus
|faint|p2a: Landorus
|-damage|p1a: Comfey|34/100|[from] item: Life Orb
|
|-weather|none
|upkeep
|-message|Aphasia pusher forfeited.
|
|win|thestinkycheeseman
|raw|thestinkycheeseman's rating: 1497 &rarr; <strong>1515</strong><br />(+18 for winning)
|raw|Aphasia pusher's rating: 1454 &rarr; <strong>1436</strong><br />(-18 for losing)
|l|☆Aphasia pusher
|player|p2|
|l|☆thestinkycheeseman
|player|p1|
