|j|☆cuervotesteador
|j|☆antwan420
|t:|1743830381
|gametype|singles
|player|p1|cuervotesteador|1|1340
|player|p2|antwan420|unknown|1347
|teamsize|p1|6
|teamsize|p2|6
|gen|9
|tier|[Gen 9] OU
|rated|
|rule|HP Percentage Mod: HP is shown in percentages
|rule|Endless Battle Clause: Forcing endless battles is banned
|rule|Species Clause: Limit one of each Pokémon
|rule|OHKO Clause: OHKO moves are banned
|rule|Evasion Items Clause: Evasion items are banned
|rule|Evasion Moves Clause: Evasion moves are banned
|rule|Sleep Moves Clause: Sleep-inducing moves are banned
|clearpoke
|poke|p1|Hitmonchan, M|
|poke|p1|Moltres|
|poke|p1|Frosmoth, M|
|poke|p1|Iron Crown|
|poke|p1|Landorus-Therian, M|
|poke|p1|Ogerpon-Wellspring, F|
|poke|p2|Necrozma|
|poke|p2|Keldeo-Resolute|
|poke|p2|Cyclizar, F|
|poke|p2|Amoonguss, M|
|poke|p2|Gliscor, F|
|poke|p2|Copperajah, M|
|teampreview
|inactive|Battle timer is ON: inactive players will automatically lose when time's up. (requested by antwan420)
|
|t:|1743830432
|start
|switch|p1a: Hitmonchan|Hitmonchan, M|100/100
|switch|p2a: Keldeo|Keldeo-Resolute|100/100
|turn|1
|
|t:|1743830445
|move|p2a: Keldeo|Substitute|p2a: Keldeo
|-start|p2a: Keldeo|Substitute
|-damage|p2a: Keldeo|76/100
|move|p1a: Hitmonchan|Knock Off|p2a: Keldeo
|-resisted|p2a: Keldeo
|-activate|p2a: Keldeo|move: Substitute|[damage]
|
|-heal|p2a: Keldeo|82/100|[from] item: Leftovers
|upkeep
|turn|2
|
|t:|1743830452
|move|p2a: Keldeo|Surf|p1a: Hitmonchan
|-damage|p1a: Hitmonchan|41/100
|move|p1a: Hitmonchan|Drain Punch|p2a: Keldeo
|-end|p2a: Keldeo|Substitute
|-heal|p1a: Hitmonchan|45/100|[from] drain|[of] p2a: Keldeo
|
|-heal|p2a: Keldeo|88/100|[from] item: Leftovers
|upkeep
|turn|3
|
|t:|1743830463
|move|p2a: Keldeo|Secret Sword|p1a: Hitmonchan
|-damage|p1a: Hitmonchan|0 fnt
|faint|p1a: Hitmonchan
|
|-heal|p2a: Keldeo|94/100|[from] item: Leftovers
|upkeep
|
|t:|1743830469
|switch|p1a: Ogerpon|Ogerpon-Wellspring, F|100/100
|turn|4
|
|t:|1743830477
|switch|p1a: Landorus|Landorus-Therian, M|100/100
|-ability|p1a: Landorus|Intimidate|boost
|-unboost|p2a: Keldeo|atk|1
|switch|p2a: Amoonguss|Amoonguss, M|100/100
|
|upkeep
|turn|5
|
|t:|1743830484
|-terastallize|p1a: Landorus|Flying
|move|p1a: Landorus|Tera Blast|p2a: Amoonguss|[anim] Tera Blast Flying
|-supereffective|p2a: Amoonguss
|-damage|p2a: Amoonguss|11/100
|move|p2a: Amoonguss|Toxic|p1a: Landorus
|-status|p1a: Landorus|tox
|
|-damage|p1a: Landorus|95/100 tox|[from] psn
|upkeep
|turn|6
|
|t:|1743830493
|switch|p1a: Ogerpon|Ogerpon-Wellspring, F|100/100
|switch|p2a: Gliscor|Gliscor, F|100/100
|
|-status|p2a: Gliscor|tox|[from] item: Toxic Orb
|upkeep
|turn|7
|
|t:|1743830500
|switch|p2a: Amoonguss|Amoonguss, M|45/100
|move|p1a: Ogerpon|Swords Dance|p1a: Ogerpon
|-boost|p1a: Ogerpon|atk|2
|
|upkeep
|turn|8
|
|t:|1743830506
|switch|p2a: Gliscor|Gliscor, F|100/100 tox
|move|p1a: Ogerpon|Taunt|p2a: Gliscor
|-start|p2a: Gliscor|move: Taunt
|
|upkeep
|turn|9
|
|t:|1743830511
|switch|p2a: Amoonguss|Amoonguss, M|78/100
|move|p1a: Ogerpon|Swords Dance|p1a: Ogerpon
|-boost|p1a: Ogerpon|atk|2
|
|upkeep
|turn|10
|
|t:|1743830517
|move|p1a: Ogerpon|Taunt|p2a: Amoonguss
|-start|p2a: Amoonguss|move: Taunt
|move|p2a: Amoonguss|Foul Play|p1a: Ogerpon
|-damage|p1a: Ogerpon|0 fnt
|faint|p1a: Ogerpon
|
|upkeep
|-message|cuervotesteador forfeited.
|
|win|antwan420
|raw|cuervotesteador's rating: 1340 &rarr; <strong>1320</strong><br />(-20 for losing)
|raw|antwan420's rating: 1347 &rarr; <strong>1367</strong><br />(+20 for winning)
|l|☆cuervotesteador
|player|p1|
|l|☆antwan420
|player|p2|
