|j|☆PokemonPerson2
|j|☆Amaroviic_
|t:|1743861734
|gametype|singles
|player|p1|PokemonPerson2|cynthia-gen4|1293
|player|p2|Amaroviic_|170|1226
|teamsize|p1|6
|teamsize|p2|6
|gen|9
|tier|[Gen 9] OU
|rated|
|rule|HP Percentage Mod: HP is shown in percentages
|rule|Endless Battle Clause: Forcing endless battles is banned
|rule|Species Clause: Limit one of each Pokémon
|rule|OHKO Clause: OHKO moves are banned
|rule|Evasion Items Clause: Evasion items are banned
|rule|Evasion Moves Clause: Evasion moves are banned
|rule|Sleep Moves Clause: Sleep-inducing moves are banned
|clearpoke
|poke|p1|Darkrai|
|poke|p1|Garchomp, M|
|poke|p1|Great Tusk|
|poke|p1|Moltres|
|poke|p1|Ogerpon-Wellspring, F|
|poke|p1|Pecharunt|
|poke|p2|Ogerpon, F|
|poke|p2|Salamence, M|
|poke|p2|Lokix, M|
|poke|p2|Oricorio-Pom-Pom, F|
|poke|p2|Gallade, M|
|poke|p2|Whimsicott, F|
|teampreview
|inactive|Battle timer is ON: inactive players will automatically lose when time's up. (requested by PokemonPerson2)
|
|t:|1743861746
|start
|switch|p1a: Ogerpon|Ogerpon-Wellspring, F|100/100
|switch|p2a: Whimsicott|Whimsicott, F, shiny|100/100
|turn|1
|
|t:|1743861753
|move|p2a: Whimsicott|Tailwind|p2a: Whimsicott
|-sidestart|p2: Amaroviic_|move: Tailwind
|move|p1a: Ogerpon|U-turn|p2a: Whimsicott
|-damage|p2a: Whimsicott|77/100
|
|t:|1743861759
|switch|p1a: Pecharunt|Pecharunt|100/100|[from] U-turn
|
|upkeep
|turn|2
|
|t:|1743861768
|switch|p2a: Gallade|Gallade, M, shiny|100/100
|move|p1a: Pecharunt|Malignant Chain|p2a: Gallade
|-damage|p2a: Gallade|67/100
|
|upkeep
|turn|3
|
|t:|1743861774
|move|p2a: Gallade|Psycho Cut|p1a: Pecharunt
|-supereffective|p1a: Pecharunt
|-damage|p1a: Pecharunt|30/100
|-damage|p2a: Gallade|57/100|[from] item: Life Orb
|move|p1a: Pecharunt|Malignant Chain|p2a: Gallade
|-damage|p2a: Gallade|21/100
|
|upkeep
|turn|4
|
|t:|1743861782
|switch|p1a: Darkrai|Darkrai|100/100
|move|p2a: Gallade|Psycho Cut|p1a: Darkrai
|-immune|p1a: Darkrai
|
|-sideend|p2: Amaroviic_|move: Tailwind
|upkeep
|turn|5
|
|t:|1743861793
|switch|p2a: Whimsicott|Whimsicott, F, shiny|77/100
|move|p1a: Darkrai|Dark Pulse|p2a: Whimsicott
|-resisted|p2a: Whimsicott
|-damage|p2a: Whimsicott|52/100
|
|upkeep
|turn|6
|
|t:|1743861799
|move|p2a: Whimsicott|Tailwind|p2a: Whimsicott
|-sidestart|p2: Amaroviic_|move: Tailwind
|move|p1a: Darkrai|Sludge Bomb|p2a: Whimsicott
|-supereffective|p2a: Whimsicott
|-damage|p2a: Whimsicott|0 fnt
|faint|p2a: Whimsicott
|
|upkeep
|
|t:|1743861822
|switch|p2a: Oricorio|Oricorio-Pom-Pom, F, shiny|100/100
|turn|7
|
|t:|1743861829
|move|p2a: Oricorio|Quiver Dance|p2a: Oricorio
|-boost|p2a: Oricorio|spa|1
|-boost|p2a: Oricorio|spd|1
|-boost|p2a: Oricorio|spe|1
|move|p1a: Darkrai|Ice Beam|p2a: Oricorio
|-supereffective|p2a: Oricorio
|-damage|p2a: Oricorio|41/100
|
|upkeep
|turn|8
|
|t:|1743861839
|move|p2a: Oricorio|Roost|p2a: Oricorio
|-heal|p2a: Oricorio|92/100
|-singleturn|p2a: Oricorio|move: Roost
|move|p1a: Darkrai|Ice Beam|p2a: Oricorio
|-damage|p2a: Oricorio|64/100
|-status|p2a: Oricorio|frz
|
|upkeep
|turn|9
|
|t:|1743861847
|cant|p2a: Oricorio|frz
|move|p1a: Darkrai|Sludge Bomb|p2a: Oricorio
|-damage|p2a: Oricorio|34/100 frz
|
|-sideend|p2: Amaroviic_|move: Tailwind
|upkeep
|turn|10
|
|t:|1743861852
|cant|p2a: Oricorio|frz
|move|p1a: Darkrai|Ice Beam|p2a: Oricorio
|-supereffective|p2a: Oricorio
|-damage|p2a: Oricorio|0 fnt
|faint|p2a: Oricorio
|
|upkeep
|
|t:|1743861863
|switch|p2a: Lokix|Lokix, M|100/100
|turn|11
|
|t:|1743861868
|switch|p1a: Garchomp|Garchomp, M|100/100
|move|p2a: Lokix|Swords Dance|p2a: Lokix
|-boost|p2a: Lokix|atk|2
|
|upkeep
|turn|12
|
|t:|1743861878
|move|p2a: Lokix|Leech Life|p1a: Garchomp
|-damage|p1a: Garchomp|42/100
|-damage|p2a: Lokix|88/100|[from] ability: Rough Skin|[of] p1a: Garchomp
|-damage|p2a: Lokix|72/100|[from] item: Rocky Helmet|[of] p1a: Garchomp
|-damage|p2a: Lokix|62/100|[from] item: Life Orb
|move|p1a: Garchomp|Dragon Tail|p2a: Lokix
|-damage|p2a: Lokix|24/100
|drag|p2a: Salamence|Salamence, M|100/100
|
|upkeep
|turn|13
|
|t:|1743861897
|switch|p1a: Moltres|Moltres|100/100
|move|p2a: Salamence|Earthquake|p1a: Moltres
|-immune|p1a: Moltres
|
|upkeep
|turn|14
|
|t:|1743861907
|move|p2a: Salamence|Dragon Dance|p2a: Salamence
|-boost|p2a: Salamence|atk|1
|-boost|p2a: Salamence|spe|1
|move|p1a: Moltres|Roar|p2a: Salamence
|drag|p2a: Ogerpon|Ogerpon, F|100/100
|
|upkeep
|turn|15
|
|t:|1743861914
|move|p2a: Ogerpon|Knock Off|p1a: Moltres
|-damage|p1a: Moltres|60/100
|-status|p2a: Ogerpon|brn|[from] ability: Flame Body|[of] p1a: Moltres
|-enditem|p1a: Moltres|Heavy-Duty Boots|[from] move: Knock Off|[of] p2a: Ogerpon
|-damage|p2a: Ogerpon|91/100 brn|[from] item: Life Orb
|move|p1a: Moltres|U-turn|p2a: Ogerpon
|-supereffective|p2a: Ogerpon
|-damage|p2a: Ogerpon|55/100 brn
|
|t:|1743861928
|switch|p1a: Darkrai|Darkrai|100/100|[from] U-turn
|
|-damage|p2a: Ogerpon|49/100 brn|[from] brn
|upkeep
|turn|16
|
|t:|1743861931
|move|p1a: Darkrai|Ice Beam|p2a: Ogerpon
|-supereffective|p2a: Ogerpon
|-damage|p2a: Ogerpon|0 fnt
|faint|p2a: Ogerpon
|
|upkeep
|
|t:|1743861945
|switch|p2a: Lokix|Lokix, M|24/100
|turn|17
|
|t:|1743861952
|-terastallize|p1a: Darkrai|Poison
|move|p2a: Lokix|Sucker Punch|p1a: Darkrai
|-damage|p1a: Darkrai|54/100
|-damage|p2a: Lokix|14/100|[from] item: Life Orb
|move|p1a: Darkrai|Ice Beam|p2a: Lokix
|-damage|p2a: Lokix|0 fnt
|faint|p2a: Lokix
|
|-heal|p1a: Darkrai|60/100|[from] item: Leftovers
|upkeep
|
|t:|1743861956
|switch|p2a: Salamence|Salamence, M|100/100
|turn|18
|
|t:|1743861962
|-terastallize|p2a: Salamence|Electric
|move|p1a: Darkrai|Ice Beam|p2a: Salamence
|-damage|p2a: Salamence|68/100
|move|p2a: Salamence|Dragon Dance|p2a: Salamence
|-boost|p2a: Salamence|atk|1
|-boost|p2a: Salamence|spe|1
|
|-heal|p2a: Salamence|74/100|[from] item: Leftovers
|-heal|p1a: Darkrai|66/100|[from] item: Leftovers
|upkeep
|turn|19
|
|t:|1743861972
|move|p2a: Salamence|Earthquake|p1a: Darkrai
|-supereffective|p1a: Darkrai
|-damage|p1a: Darkrai|0 fnt
|faint|p1a: Darkrai
|-ability|p2a: Salamence|Moxie|boost
|-boost|p2a: Salamence|atk|1
|
|-heal|p2a: Salamence|80/100|[from] item: Leftovers
|upkeep
|
|t:|1743861984
|switch|p1a: Great Tusk|Great Tusk|100/100
|turn|20
|c|☆Amaroviic_|GG
|
|t:|1743861990
|move|p2a: Salamence|Dual Wingbeat|p1a: Great Tusk
|-supereffective|p1a: Great Tusk
|-damage|p1a: Great Tusk|26/100
|-supereffective|p1a: Great Tusk
|-damage|p1a: Great Tusk|0 fnt
|faint|p1a: Great Tusk
|-end|p1a: Great Tusk|Protosynthesis|[silent]
|-ability|p2a: Salamence|Moxie|boost
|-boost|p2a: Salamence|atk|1
|-hitcount|p1: Great Tusk|2
|
|-heal|p2a: Salamence|86/100|[from] item: Leftovers
|upkeep
|
|t:|1743861993
|switch|p1a: Moltres|Moltres|60/100
|turn|21
|
|t:|1743862001
|move|p2a: Salamence|Thunder Fang|p1a: Moltres
|-supereffective|p1a: Moltres
|-damage|p1a: Moltres|0 fnt
|-status|p2a: Salamence|brn|[from] ability: Flame Body|[of] p1a: Moltres
|faint|p1a: Moltres
|-ability|p2a: Salamence|Moxie|boost
|-boost|p2a: Salamence|atk|1
|
|-heal|p2a: Salamence|92/100 brn|[from] item: Leftovers
|-damage|p2a: Salamence|86/100 brn|[from] brn
|upkeep
|
|t:|1743862006
|switch|p1a: Garchomp|Garchomp, M|42/100
|turn|22
|
|t:|1743862009
|move|p2a: Salamence|Earthquake|p1a: Garchomp
|-damage|p1a: Garchomp|6/100
|move|p1a: Garchomp|Dragon Tail|p2a: Salamence
|-crit|p2a: Salamence
|-damage|p2a: Salamence|35/100 brn
|drag|p2a: Gallade|Gallade, M, shiny|21/100
|
|upkeep
|turn|23
|
|t:|1743862017
|move|p2a: Gallade|Psycho Cut|p1a: Garchomp
|-damage|p1a: Garchomp|0 fnt
|faint|p1a: Garchomp
|-damage|p2a: Gallade|11/100|[from] item: Life Orb
|
|upkeep
|
|t:|1743862021
|switch|p1a: Ogerpon|Ogerpon-Wellspring, F|100/100
|turn|24
|
|t:|1743862024
|move|p1a: Ogerpon|Ivy Cudgel|p2a: Gallade|[anim] Ivy Cudgel Water
|-damage|p2a: Gallade|0 fnt
|faint|p2a: Gallade
|
|upkeep
|
|t:|1743862025
|switch|p2a: Salamence|Salamence, M, tera:Electric|35/100 brn
|turn|25
|
|t:|1743862028
|move|p1a: Ogerpon|Ivy Cudgel|p2a: Salamence|[anim] Ivy Cudgel Water
|-damage|p2a: Salamence|0 fnt
|faint|p2a: Salamence
|
|win|PokemonPerson2
|raw|PokemonPerson2's rating: 1293 &rarr; <strong>1313</strong><br />(+20 for winning)
|raw|Amaroviic_'s rating: 1226 &rarr; <strong>1206</strong><br />(-20 for losing)
|l|☆Amaroviic_
|player|p2|
|l|☆PokemonPerson2
|player|p1|
