|j|☆EpicUmbreon29
|j|☆oz of the og
|t:|1743822925
|gametype|singles
|player|p1|EpicUmbreon29|grimsley|1658
|player|p2|oz of the og|morty-gen2|1666
|teamsize|p1|6
|teamsize|p2|6
|gen|9
|tier|[Gen 9] OU
|rated|
|rule|HP Percentage Mod: HP is shown in percentages
|rule|Endless Battle Clause: Forcing endless battles is banned
|rule|Species Clause: Limit one of each Pokémon
|rule|OHKO Clause: OHKO moves are banned
|rule|Evasion Items Clause: Evasion items are banned
|rule|Evasion Moves Clause: Evasion moves are banned
|rule|Sleep Moves Clause: Sleep-inducing moves are banned
|clearpoke
|poke|p1|Kyurem|
|poke|p1|Hatterene, F|
|poke|p1|Araquanid, M|
|poke|p1|Indeedee, M|
|poke|p1|Hawlucha, M|
|poke|p1|Great Tusk|
|poke|p2|Darkrai|
|poke|p2|Gliscor, F|
|poke|p2|Raging Bolt|
|poke|p2|Iron Treads|
|poke|p2|Zamazenta-*|
|poke|p2|Samurott-Hisui, M|
|teampreview
|inactive|Battle timer is ON: inactive players will automatically lose when time's up. (requested by oz of the og)
|
|t:|1743822933
|start
|switch|p1a: Araquanid|Araquanid, M|100/100
|switch|p2a: Samurott|Samurott-Hisui, M|100/100
|turn|1
|
|t:|1743822938
|move|p2a: Samurott|Ceaseless Edge|p1a: Araquanid
|-damage|p1a: Araquanid|47/100
|-sidestart|p1: EpicUmbreon29|Spikes
|move|p1a: Araquanid|Surf|p2a: Samurott
|-resisted|p2a: Samurott
|-damage|p2a: Samurott|61/100
|
|upkeep
|turn|2
|
|t:|1743822944
|move|p1a: Araquanid|Endure|p1a: Araquanid
|-singleturn|p1a: Araquanid|move: Endure
|move|p2a: Samurott|Ceaseless Edge|p1a: Araquanid
|-activate|p1a: Araquanid|move: Endure
|-damage|p1a: Araquanid|1/100
|-sidestart|p1: EpicUmbreon29|Spikes
|
|upkeep
|turn|3
|-enditem|p1a: Araquanid|Custap Berry|[eat]
|-activate|p1a: Araquanid|item: Custap Berry|[consumed]
|
|t:|1743822946
|move|p2a: Samurott|Aqua Jet|p1a: Araquanid
|-resisted|p1a: Araquanid
|-damage|p1a: Araquanid|0 fnt
|faint|p1a: Araquanid
|
|upkeep
|
|t:|1743822956
|switch|p1a: Kyurem|Kyurem|100/100
|-damage|p1a: Kyurem|84/100|[from] Spikes
|-ability|p1a: Kyurem|Pressure
|turn|4
|
|t:|1743822962
|switch|p2a: Zamazenta|Zamazenta|100/100
|-ability|p2a: Zamazenta|Dauntless Shield|boost
|-boost|p2a: Zamazenta|def|1
|move|p1a: Kyurem|Freeze-Dry|p2a: Zamazenta
|-damage|p2a: Zamazenta|57/100
|
|-heal|p2a: Zamazenta|63/100|[from] item: Leftovers
|upkeep
|turn|5
|
|t:|1743822965
|switch|p1a: Great Tusk|Great Tusk|100/100
|-damage|p1a: Great Tusk|84/100|[from] Spikes
|-enditem|p1a: Great Tusk|Booster Energy
|-activate|p1a: Great Tusk|ability: Protosynthesis|[fromitem]
|-start|p1a: Great Tusk|protosynthesisspe
|move|p2a: Zamazenta|Body Press|p1a: Great Tusk
|-damage|p1a: Great Tusk|51/100
|
|-heal|p2a: Zamazenta|70/100|[from] item: Leftovers
|upkeep
|turn|6
|
|t:|1743822970
|move|p1a: Great Tusk|Rapid Spin|p2a: Zamazenta
|-damage|p2a: Zamazenta|63/100
|-boost|p1a: Great Tusk|spe|1
|-sideend|p1: EpicUmbreon29|Spikes|[from] move: Rapid Spin|[of] p1a: Great Tusk
|move|p2a: Zamazenta|Body Press|p1a: Great Tusk
|-damage|p1a: Great Tusk|21/100
|
|-heal|p2a: Zamazenta|69/100|[from] item: Leftovers
|upkeep
|turn|7
|
|t:|1743822977
|-end|p1a: Great Tusk|Protosynthesis|[silent]
|switch|p1a: Hatterene|Hatterene, F|100/100
|move|p2a: Zamazenta|Body Press|p1a: Hatterene
|-resisted|p1a: Hatterene
|-damage|p1a: Hatterene|89/100
|
|-heal|p2a: Zamazenta|75/100|[from] item: Leftovers
|upkeep
|turn|8
|
|t:|1743822982
|switch|p1a: Kyurem|Kyurem|84/100
|-ability|p1a: Kyurem|Pressure
|-terastallize|p2a: Zamazenta|Steel
|move|p2a: Zamazenta|Heavy Slam|p1a: Kyurem
|-supereffective|p1a: Kyurem
|-damage|p1a: Kyurem|54/100
|
|-heal|p2a: Zamazenta|81/100|[from] item: Leftovers
|upkeep
|turn|9
|
|t:|1743822988
|switch|p1a: Great Tusk|Great Tusk|21/100
|move|p2a: Zamazenta|Iron Defense|p2a: Zamazenta
|-boost|p2a: Zamazenta|def|2
|
|-heal|p2a: Zamazenta|88/100|[from] item: Leftovers
|upkeep
|turn|10
|
|t:|1743822991
|move|p2a: Zamazenta|Body Press|p1a: Great Tusk
|-damage|p1a: Great Tusk|0 fnt
|faint|p1a: Great Tusk
|-end|p1a: Great Tusk|Protosynthesis|[silent]
|
|-heal|p2a: Zamazenta|94/100|[from] item: Leftovers
|upkeep
|
|t:|1743822997
|switch|p1a: Hatterene|Hatterene, F|89/100
|turn|11
|
|t:|1743823000
|-terastallize|p1a: Hatterene|Water
|move|p2a: Zamazenta|Heavy Slam|p1a: Hatterene
|-resisted|p1a: Hatterene
|-damage|p1a: Hatterene|69/100
|move|p1a: Hatterene|Nuzzle|p2a: Zamazenta
|-damage|p2a: Zamazenta|92/100
|-status|p2a: Zamazenta|par
|
|-heal|p2a: Zamazenta|98/100 par|[from] item: Leftovers
|upkeep
|turn|12
|
|t:|1743823004
|move|p2a: Zamazenta|Body Press|p1a: Hatterene
|-damage|p1a: Hatterene|1/100
|move|p1a: Hatterene|Mystical Fire|p2a: Zamazenta
|-supereffective|p2a: Zamazenta
|-damage|p2a: Zamazenta|61/100 par
|-unboost|p2a: Zamazenta|spa|1
|
|-heal|p2a: Zamazenta|68/100 par|[from] item: Leftovers
|upkeep
|turn|13
|
|t:|1743823010
|move|p2a: Zamazenta|Iron Defense|p2a: Zamazenta
|-boost|p2a: Zamazenta|def|2
|move|p1a: Hatterene|Mystical Fire|p2a: Zamazenta
|-supereffective|p2a: Zamazenta
|-damage|p2a: Zamazenta|33/100 par
|-unboost|p2a: Zamazenta|spa|1
|
|-heal|p2a: Zamazenta|39/100 par|[from] item: Leftovers
|upkeep
|turn|14
|
|t:|1743823012
|move|p2a: Zamazenta|Body Press|p1a: Hatterene
|-damage|p1a: Hatterene|0 fnt
|faint|p1a: Hatterene
|
|-heal|p2a: Zamazenta|45/100 par|[from] item: Leftovers
|upkeep
|
|t:|1743823014
|switch|p1a: Kyurem|Kyurem|54/100
|-ability|p1a: Kyurem|Pressure
|turn|15
|
|t:|1743823017
|move|p1a: Kyurem|Draco Meteor|p2a: Zamazenta
|-resisted|p2a: Zamazenta
|-damage|p2a: Zamazenta|5/100 par
|-unboost|p1a: Kyurem|spa|2
|move|p2a: Zamazenta|Body Press|p1a: Kyurem
|-supereffective|p1a: Kyurem
|-damage|p1a: Kyurem|0 fnt
|faint|p1a: Kyurem
|
|-heal|p2a: Zamazenta|12/100 par|[from] item: Leftovers
|upkeep
|
|t:|1743823020
|switch|p1a: Indeedee|Indeedee, M|100/100
|-fieldstart|move: Psychic Terrain|[from] ability: Psychic Surge|[of] p1a: Indeedee
|turn|16
|
|t:|1743823025
|move|p1a: Indeedee|Tera Blast|p2a: Zamazenta
|-resisted|p2a: Zamazenta
|-damage|p2a: Zamazenta|0 fnt
|faint|p2a: Zamazenta
|
|upkeep
|
|t:|1743823029
|switch|p2a: Darkrai|Darkrai|100/100
|turn|17
|
|t:|1743823033
|move|p2a: Darkrai|Dark Pulse|p1a: Indeedee
|-supereffective|p1a: Indeedee
|-damage|p1a: Indeedee|0 fnt
|faint|p1a: Indeedee
|
|upkeep
|
|t:|1743823035
|switch|p1a: Hawlucha|Hawlucha, M|100/100
|-enditem|p1a: Hawlucha|Psychic Seed
|-boost|p1a: Hawlucha|spd|1|[from] item: Psychic Seed
|turn|18
|
|t:|1743823039
|move|p1a: Hawlucha|Swords Dance|p1a: Hawlucha
|-boost|p1a: Hawlucha|atk|2
|move|p2a: Darkrai|Ice Beam|p1a: Hawlucha
|-supereffective|p1a: Hawlucha
|-damage|p1a: Hawlucha|41/100
|-status|p1a: Hawlucha|frz
|
|upkeep
|turn|19
|
|t:|1743823047
|switch|p2a: Raging Bolt|Raging Bolt|100/100
|-enditem|p2a: Raging Bolt|Booster Energy
|-activate|p2a: Raging Bolt|ability: Protosynthesis|[fromitem]
|-start|p2a: Raging Bolt|protosynthesisspa
|cant|p1a: Hawlucha|frz
|
|upkeep
|turn|20
|
|t:|1743823052
|move|p2a: Raging Bolt|Thunderclap|p1a: Hawlucha
|-hint|Psychic Terrain doesn't affect Pokémon immune to Ground.
|-supereffective|p1a: Hawlucha
|-damage|p1a: Hawlucha|0 fnt
|faint|p1a: Hawlucha
|
|win|oz of the og
|raw|EpicUmbreon29's rating: 1658 &rarr; <strong>1638</strong><br />(-20 for losing)
|raw|oz of the og's rating: 1666 &rarr; <strong>1686</strong><br />(+20 for winning)
|l|☆EpicUmbreon29
|player|p1|
|c|☆oz of the og|ouchy mama
|l|☆oz of the og
|player|p2|
