|j|☆Hbshbsspwnam
|j|☆thrvgc
|t:|1743852658
|gametype|singles
|player|p1|Hbshbsspwnam|266|1320
|player|p2|thrvgc|101|1274
|teamsize|p1|6
|teamsize|p2|6
|gen|9
|tier|[Gen 9] OU
|rated|
|rule|HP Percentage Mod: HP is shown in percentages
|rule|Endless Battle Clause: Forcing endless battles is banned
|rule|Species Clause: Limit one of each Pokémon
|rule|OHKO Clause: OHKO moves are banned
|rule|Evasion Items Clause: Evasion items are banned
|rule|Evasion Moves Clause: Evasion moves are banned
|rule|Sleep Moves Clause: Sleep-inducing moves are banned
|clearpoke
|poke|p1|Dragonite, F|
|poke|p1|Kingambit, F|
|poke|p1|Iron Moth|
|poke|p1|Samurott-Hisui, F|
|poke|p1|Iron Valiant|
|poke|p1|Landorus-Therian, M|
|poke|p2|Glimmora, F|
|poke|p2|Zapdos|
|poke|p2|Iron Crown|
|poke|p2|Iron Boulder|
|poke|p2|Great Tusk|
|poke|p2|Dragonite, F|
|teampreview
|inactive|Battle timer is ON: inactive players will automatically lose when time's up. (requested by Hbshbsspwnam)
|
|t:|1743852674
|start
|switch|p1a: Landorus|Landorus-Therian, M|100/100
|switch|p2a: Glimmora|Glimmora, F|100/100
|-ability|p1a: Landorus|Intimidate|boost
|-unboost|p2a: Glimmora|atk|1
|turn|1
|
|t:|1743852680
|move|p1a: Landorus|Taunt|p2a: Glimmora
|-start|p2a: Glimmora|move: Taunt
|cant|p2a: Glimmora|move: Taunt|Stealth Rock
|
|upkeep
|turn|2
|
|t:|1743852683
|move|p1a: Landorus|Stealth Rock|p2a: Glimmora
|-sidestart|p2: thrvgc|move: Stealth Rock
|move|p2a: Glimmora|Mortal Spin|p1a: Landorus
|-resisted|p1a: Landorus
|-damage|p1a: Landorus|98/100
|-status|p1a: Landorus|psn
|-sideend|p2: thrvgc|Stealth Rock|[from] move: Mortal Spin|[of] p2a: Glimmora
|
|-damage|p1a: Landorus|86/100 psn|[from] psn
|upkeep
|turn|3
|
|t:|1743852687
|switch|p2a: Zapdos|Zapdos|100/100
|move|p1a: Landorus|Earthquake|p2a: Zapdos
|-immune|p2a: Zapdos
|
|-damage|p1a: Landorus|73/100 psn|[from] psn
|upkeep
|turn|4
|
|t:|1743852694
|move|p1a: Landorus|Stone Edge|p2a: Zapdos
|-supereffective|p2a: Zapdos
|-damage|p2a: Zapdos|49/100
|move|p2a: Zapdos|Hurricane|p1a: Landorus
|-damage|p1a: Landorus|11/100 psn
|
|-damage|p1a: Landorus|0 fnt|[from] psn
|faint|p1a: Landorus
|upkeep
|
|t:|1743852709
|switch|p1a: Samurott|Samurott-Hisui, F|100/100
|turn|5
|
|t:|1743852714
|move|p1a: Samurott|Ceaseless Edge|p2a: Zapdos
|-damage|p2a: Zapdos|17/100
|-sidestart|p2: thrvgc|Spikes
|move|p2a: Zapdos|Thunder Wave|p1a: Samurott
|-status|p1a: Samurott|par
|
|upkeep
|turn|6
|
|t:|1743852719
|move|p2a: Zapdos|Roost|p2a: Zapdos
|-heal|p2a: Zapdos|67/100
|-singleturn|p2a: Zapdos|move: Roost
|move|p1a: Samurott|Ceaseless Edge|p2a: Zapdos|[miss]
|-miss|p1a: Samurott|p2a: Zapdos
|
|upkeep
|turn|7
|
|t:|1743852722
|move|p2a: Zapdos|Roost|p2a: Zapdos
|-heal|p2a: Zapdos|100/100
|-singleturn|p2a: Zapdos|move: Roost
|move|p1a: Samurott|Knock Off|p2a: Zapdos
|-damage|p2a: Zapdos|63/100
|-enditem|p2a: Zapdos|Heavy-Duty Boots|[from] move: Knock Off|[of] p1a: Samurott
|
|upkeep
|turn|8
|
|t:|1743852727
|move|p2a: Zapdos|Roost|p2a: Zapdos
|-heal|p2a: Zapdos|100/100
|-singleturn|p2a: Zapdos|move: Roost
|move|p1a: Samurott|Razor Shell|p2a: Zapdos
|-damage|p2a: Zapdos|56/100
|
|upkeep
|turn|9
|
|t:|1743852734
|move|p1a: Samurott|Sucker Punch||[still]
|-fail|p1a: Samurott
|move|p2a: Zapdos|Roost|p2a: Zapdos
|-heal|p2a: Zapdos|100/100
|-singleturn|p2a: Zapdos|move: Roost
|
|upkeep
|turn|10
|
|t:|1743852737
|cant|p1a: Samurott|par
|move|p2a: Zapdos|Volt Switch|p1a: Samurott
|-supereffective|p1a: Samurott
|-damage|p1a: Samurott|9/100 par
|
|t:|1743852742
|switch|p2a: Glimmora|Glimmora, F|100/100|[from] Volt Switch
|-damage|p2a: Glimmora|88/100|[from] Spikes
|
|upkeep
|turn|11
|
|t:|1743852753
|move|p2a: Glimmora|Stealth Rock|p1a: Samurott
|-sidestart|p1: Hbshbsspwnam|move: Stealth Rock
|move|p1a: Samurott|Razor Shell|p2a: Glimmora
|-supereffective|p2a: Glimmora
|-damage|p2a: Glimmora|0 fnt
|-activate|p2a: Glimmora|ability: Toxic Debris
|-sidestart|p1: Hbshbsspwnam|move: Toxic Spikes
|faint|p2a: Glimmora
|
|upkeep
|
|t:|1743852762
|switch|p2a: Great Tusk|Great Tusk|100/100
|-damage|p2a: Great Tusk|88/100|[from] Spikes
|-enditem|p2a: Great Tusk|Booster Energy
|-activate|p2a: Great Tusk|ability: Protosynthesis|[fromitem]
|-start|p2a: Great Tusk|protosynthesisspe
|turn|12
|
|t:|1743852766
|move|p2a: Great Tusk|Bulk Up|p2a: Great Tusk
|-boost|p2a: Great Tusk|atk|1
|-boost|p2a: Great Tusk|def|1
|move|p1a: Samurott|Razor Shell|p2a: Great Tusk
|-supereffective|p2a: Great Tusk
|-damage|p2a: Great Tusk|39/100
|-unboost|p2a: Great Tusk|def|1
|
|upkeep
|turn|13
|
|t:|1743852774
|move|p2a: Great Tusk|Rapid Spin|p1a: Samurott
|-damage|p1a: Samurott|0 fnt
|-boost|p2a: Great Tusk|spe|1
|-sideend|p2: thrvgc|Spikes|[from] move: Rapid Spin|[of] p2a: Great Tusk
|faint|p1a: Samurott
|
|upkeep
|inactive|Hbshbsspwnam has 120 seconds left.
|
|t:|1743852810
|switch|p1a: Iron Moth|Iron Moth|100/100
|-damage|p1a: Iron Moth|76/100|[from] Stealth Rock
|-sideend|p1: Hbshbsspwnam|move: Toxic Spikes|[of] p1a: Iron Moth
|-enditem|p1a: Iron Moth|Booster Energy
|-activate|p1a: Iron Moth|ability: Quark Drive|[fromitem]
|-start|p1a: Iron Moth|quarkdrivespe
|turn|14
|inactive|Hbshbsspwnam has 120 seconds left.
|
|t:|1743852833
|move|p2a: Great Tusk|Headlong Rush|p1a: Iron Moth
|-supereffective|p1a: Iron Moth
|-damage|p1a: Iron Moth|0 fnt
|-unboost|p2a: Great Tusk|def|1
|-unboost|p2a: Great Tusk|spd|1
|faint|p1a: Iron Moth
|-end|p1a: Iron Moth|Quark Drive|[silent]
|
|upkeep
|
|t:|1743852844
|switch|p1a: Dragonite|Dragonite, F|100/100
|turn|15
|
|t:|1743852847
|move|p2a: Great Tusk|Ice Spinner|p1a: Dragonite
|-supereffective|p1a: Dragonite
|-damage|p1a: Dragonite|18/100
|move|p1a: Dragonite|Dragon Dance|p1a: Dragonite
|-boost|p1a: Dragonite|atk|1
|-boost|p1a: Dragonite|spe|1
|
|upkeep
|turn|16
|
|t:|1743852854
|move|p1a: Dragonite|Extreme Speed|p2a: Great Tusk
|-damage|p2a: Great Tusk|0 fnt
|faint|p2a: Great Tusk
|-end|p2a: Great Tusk|Protosynthesis|[silent]
|
|upkeep
|
|t:|1743852857
|switch|p2a: Zapdos|Zapdos|100/100
|turn|17
|
|t:|1743852861
|move|p1a: Dragonite|Dragon Claw|p2a: Zapdos
|-damage|p2a: Zapdos|50/100
|move|p2a: Zapdos|Thunder Wave|p1a: Dragonite
|-status|p1a: Dragonite|par
|
|upkeep
|turn|18
|
|t:|1743852866
|move|p1a: Dragonite|Extreme Speed|p2a: Zapdos
|-damage|p2a: Zapdos|14/100
|move|p2a: Zapdos|Roost|p2a: Zapdos
|-heal|p2a: Zapdos|64/100
|-singleturn|p2a: Zapdos|move: Roost
|
|upkeep
|turn|19
|
|t:|1743852872
|move|p2a: Zapdos|Volt Switch|p1a: Dragonite
|-damage|p1a: Dragonite|0 fnt
|faint|p1a: Dragonite
|
|t:|1743852876
|switch|p2a: Iron Crown|Iron Crown|100/100|[from] Volt Switch
|
|upkeep
|
|t:|1743852889
|switch|p1a: Iron Valiant|Iron Valiant|100/100
|-damage|p1a: Iron Valiant|94/100|[from] Stealth Rock
|-enditem|p1a: Iron Valiant|Booster Energy
|-activate|p1a: Iron Valiant|ability: Quark Drive|[fromitem]
|-start|p1a: Iron Valiant|quarkdrivespe
|turn|20
|
|t:|1743852896
|-terastallize|p1a: Iron Valiant|Steel
|move|p1a: Iron Valiant|Knock Off|p2a: Iron Crown
|-supereffective|p2a: Iron Crown
|-damage|p2a: Iron Crown|34/100
|-enditem|p2a: Iron Crown|Choice Specs|[from] move: Knock Off|[of] p1a: Iron Valiant
|move|p2a: Iron Crown|Tachyon Cutter|p1a: Iron Valiant
|-resisted|p1a: Iron Valiant
|-damage|p1a: Iron Valiant|70/100
|-resisted|p1a: Iron Valiant
|-damage|p1a: Iron Valiant|47/100
|-hitcount|p1a: Iron Valiant|2
|
|upkeep
|turn|21
|
|t:|1743852907
|move|p1a: Iron Valiant|Knock Off|p2a: Iron Crown
|-supereffective|p2a: Iron Crown
|-damage|p2a: Iron Crown|0 fnt
|faint|p2a: Iron Crown
|-end|p2a: Iron Crown|Quark Drive|[silent]
|
|upkeep
|
|t:|1743852910
|switch|p2a: Zapdos|Zapdos|64/100
|turn|22
|
|t:|1743852915
|move|p1a: Iron Valiant|Moonblast|p2a: Zapdos
|-damage|p2a: Zapdos|18/100
|move|p2a: Zapdos|Thunder Wave|p1a: Iron Valiant
|-status|p1a: Iron Valiant|par
|
|upkeep
|turn|23
|
|t:|1743852919
|cant|p1a: Iron Valiant|par
|move|p2a: Zapdos|Roost|p2a: Zapdos
|-heal|p2a: Zapdos|68/100
|-singleturn|p2a: Zapdos|move: Roost
|
|upkeep
|turn|24
|
|t:|1743852922
|cant|p1a: Iron Valiant|par
|move|p2a: Zapdos|Roost|p2a: Zapdos
|-heal|p2a: Zapdos|100/100
|-singleturn|p2a: Zapdos|move: Roost
|
|upkeep
|turn|25
|
|t:|1743852926
|cant|p1a: Iron Valiant|par
|move|p2a: Zapdos|Volt Switch|p1a: Iron Valiant
|-damage|p1a: Iron Valiant|0 fnt
|faint|p1a: Iron Valiant
|-end|p1a: Iron Valiant|Quark Drive|[silent]
|c|☆Hbshbsspwnam|Wow
|
|t:|1743852934
|switch|p2a: Iron Boulder|Iron Boulder|100/100|[from] Volt Switch
|-enditem|p2a: Iron Boulder|Booster Energy
|-activate|p2a: Iron Boulder|ability: Quark Drive|[fromitem]
|-start|p2a: Iron Boulder|quarkdrivespe
|
|upkeep
|c|☆Hbshbsspwnam|skill
|
|t:|1743852940
|switch|p1a: Kingambit|Kingambit, F|100/100
|-damage|p1a: Kingambit|94/100|[from] Stealth Rock
|-activate|p1a: Kingambit|ability: Supreme Overlord
|-start|p1a: Kingambit|fallen5|[silent]
|-item|p1a: Kingambit|Air Balloon
|turn|26
|
|t:|1743852953
|-terastallize|p2a: Iron Boulder|Fighting
|move|p2a: Iron Boulder|Close Combat|p1a: Kingambit
|-supereffective|p1a: Kingambit
|-damage|p1a: Kingambit|0 fnt
|-unboost|p2a: Iron Boulder|def|1
|-unboost|p2a: Iron Boulder|spd|1
|-enditem|p1a: Kingambit|Air Balloon
|faint|p1a: Kingambit
|-end|p1a: Kingambit|fallen5|[silent]
|
|win|thrvgc
|raw|Hbshbsspwnam's rating: 1320 &rarr; <strong>1297</strong><br />(-23 for losing)
|raw|thrvgc's rating: 1274 &rarr; <strong>1302</strong><br />(+28 for winning)
|c|☆thrvgc|eat my shorts
|c|☆Hbshbsspwnam|Lmao
|c|☆Hbshbsspwnam|wth
|l|☆Hbshbsspwnam
|player|p1|
|c|☆thrvgc|i clicked t wave i win you lose its ok
|l|☆thrvgc
|player|p2|
