|j|☆memer_is_a_slur
|j|☆thathomiesapien
|t:|1743820768
|gametype|singles
|player|p1|memer_is_a_slur|blaine|1323
|player|p2|thathomiesapien|265|1312
|teamsize|p1|6
|teamsize|p2|6
|gen|9
|tier|[Gen 9] OU
|rated|
|rule|HP Percentage Mod: HP is shown in percentages
|rule|Endless Battle Clause: Forcing endless battles is banned
|rule|Species Clause: Limit one of each Pokémon
|rule|OHKO Clause: OHKO moves are banned
|rule|Evasion Items Clause: Evasion items are banned
|rule|Evasion Moves Clause: Evasion moves are banned
|rule|Sleep Moves Clause: Sleep-inducing moves are banned
|clearpoke
|poke|p1|Blissey, F|
|poke|p1|Clefable, M|
|poke|p1|Gliscor, M|
|poke|p1|Ting-Lu|
|poke|p1|Dondozo, F|
|poke|p1|Clodsire, F|
|poke|p2|Tyranitar, M|
|poke|p2|Hydrapple, F|
|poke|p2|Arcanine-Hisui, M|
|poke|p2|Gliscor, M|
|poke|p2|Alomomola, F|
|poke|p2|Forretress, F|
|teampreview
|inactive|Battle timer is ON: inactive players will automatically lose when time's up. (requested by memer_is_a_slur)
|
|t:|1743820775
|start
|switch|p1a: mmm sand|Gliscor, M|100/100
|switch|p2a: Forretress|Forretress, F|100/100
|turn|1
|
|t:|1743820781
|move|p1a: mmm sand|Stealth Rock|p2a: Forretress
|-sidestart|p2: thathomiesapien|move: Stealth Rock
|move|p2a: Forretress|Stealth Rock|p1a: mmm sand
|-sidestart|p1: memer_is_a_slur|move: Stealth Rock
|
|-status|p1a: mmm sand|tox|[from] item: Toxic Orb
|upkeep
|turn|2
|
|t:|1743820787
|move|p1a: mmm sand|Knock Off|p2a: Forretress
|-damage|p2a: Forretress|88/100
|-enditem|p2a: Forretress|Heavy-Duty Boots|[from] move: Knock Off|[of] p1a: mmm sand
|move|p2a: Forretress|Rapid Spin|p1a: mmm sand
|-damage|p1a: mmm sand|94/100 tox
|-boost|p2a: Forretress|spe|1
|-sideend|p2: thathomiesapien|Stealth Rock|[from] move: Rapid Spin|[of] p2a: Forretress
|
|-heal|p1a: mmm sand|100/100 tox|[from] ability: Poison Heal
|upkeep
|turn|3
|
|t:|1743820795
|switch|p2a: HeyApple|Hydrapple, F|100/100
|move|p1a: mmm sand|Stealth Rock|p2a: HeyApple
|-sidestart|p2: thathomiesapien|move: Stealth Rock
|
|upkeep
|turn|4
|
|t:|1743820802
|switch|p1a: Neverender|Blissey, F|100/100
|move|p2a: HeyApple|Leaf Storm|p1a: Neverender
|-damage|p1a: Neverender|68/100
|-unboost|p2a: HeyApple|spa|2
|
|upkeep
|turn|5
|
|t:|1743820807
|switch|p2a: Hurty|Arcanine-Hisui, M|100/100
|-damage|p2a: Hurty|75/100|[from] Stealth Rock
|move|p1a: Neverender|Soft-Boiled|p1a: Neverender
|-heal|p1a: Neverender|100/100
|
|upkeep
|turn|6
|
|t:|1743820816
|switch|p1a: mmm sand|Gliscor, M|100/100 tox
|-damage|p1a: mmm sand|88/100 tox|[from] Stealth Rock
|move|p2a: Hurty|Head Smash|p1a: mmm sand|[miss]
|-miss|p2a: Hurty|p1a: mmm sand
|
|-heal|p1a: mmm sand|100/100 tox|[from] ability: Poison Heal
|upkeep
|turn|7
|
|t:|1743820831
|switch|p2a: HeyApple|Hydrapple, F|100/100
|-damage|p2a: HeyApple|88/100|[from] Stealth Rock
|move|p1a: mmm sand|Knock Off|p2a: HeyApple
|-damage|p2a: HeyApple|70/100
|-enditem|p2a: HeyApple|Choice Specs|[from] move: Knock Off|[of] p1a: mmm sand
|
|upkeep
|turn|8
|
|t:|1743820844
|switch|p1a: Neverender|Blissey, F|100/100
|move|p2a: HeyApple|Fickle Beam|p1a: Neverender
|-damage|p1a: Neverender|87/100
|
|upkeep
|turn|9
|
|t:|1743820852
|switch|p2a: Forretress|Forretress, F|88/100
|-damage|p2a: Forretress|75/100|[from] Stealth Rock
|move|p1a: Neverender|Seismic Toss|p2a: Forretress
|-damage|p2a: Forretress|47/100
|
|upkeep
|turn|10
|
|t:|1743820860
|move|p1a: Neverender|Seismic Toss|p2a: Forretress
|-damage|p2a: Forretress|19/100
|move|p2a: Forretress|Rapid Spin|p1a: Neverender
|-damage|p1a: Neverender|76/100
|-boost|p2a: Forretress|spe|1
|-sideend|p2: thathomiesapien|Stealth Rock|[from] move: Rapid Spin|[of] p2a: Forretress
|
|upkeep
|turn|11
|
|t:|1743820863
|switch|p2a: Alomomola|Alomomola, F|100/100
|move|p1a: Neverender|Seismic Toss|p2a: Alomomola
|-damage|p2a: Alomomola|82/100
|-damage|p1a: Neverender|59/100|[from] item: Rocky Helmet|[of] p2a: Alomomola
|
|upkeep
|turn|12
|
|t:|1743820869
|move|p2a: Alomomola|Wish|p2a: Alomomola
|move|p1a: Neverender|Soft-Boiled|p1a: Neverender
|-heal|p1a: Neverender|100/100
|
|upkeep
|turn|13
|
|t:|1743820872
|switch|p1a: fent goblin|Clodsire, F|100/100
|move|p2a: Alomomola|Flip Turn|p1a: fent goblin
|-immune|p1a: fent goblin|[from] ability: Water Absorb
|
|-heal|p2a: Alomomola|100/100|[from] move: Wish|[wisher] Alomomola
|upkeep
|turn|14
|
|t:|1743820875
|move|p2a: Alomomola|Wish|p2a: Alomomola
|move|p1a: fent goblin|Toxic|p2a: Alomomola
|-status|p2a: Alomomola|tox
|
|-damage|p2a: Alomomola|94/100 tox|[from] psn
|upkeep
|turn|15
|
|t:|1743820879
|switch|p2a: Forretress|Forretress, F|19/100
|move|p1a: fent goblin|Protect||[still]
|-fail|p1a: fent goblin
|
|-heal|p2a: Forretress|94/100|[from] move: Wish|[wisher] Alomomola
|upkeep
|turn|16
|
|t:|1743820889
|switch|p1a: mmm sand|Gliscor, M|100/100 tox
|-damage|p1a: mmm sand|88/100 tox|[from] Stealth Rock
|move|p2a: Forretress|Spikes|p1a: mmm sand
|-sidestart|p1: memer_is_a_slur|Spikes
|
|-heal|p1a: mmm sand|100/100 tox|[from] ability: Poison Heal
|upkeep
|turn|17
|
|t:|1743820898
|move|p1a: mmm sand|Stealth Rock|p2a: Forretress
|-sidestart|p2: thathomiesapien|move: Stealth Rock
|move|p2a: Forretress|Spikes|p1a: mmm sand
|-sidestart|p1: memer_is_a_slur|Spikes
|
|upkeep
|turn|18
|
|t:|1743820912
|move|p1a: mmm sand|Stealth Rock||[still]
|-fail|p1a: mmm sand
|move|p2a: Forretress|Rapid Spin|p1a: mmm sand
|-damage|p1a: mmm sand|94/100 tox
|-boost|p2a: Forretress|spe|1
|-sideend|p2: thathomiesapien|Stealth Rock|[from] move: Rapid Spin|[of] p2a: Forretress
|
|-heal|p1a: mmm sand|100/100 tox|[from] ability: Poison Heal
|upkeep
|turn|19
|
|t:|1743820917
|move|p1a: mmm sand|Stealth Rock|p2a: Forretress
|-sidestart|p2: thathomiesapien|move: Stealth Rock
|move|p2a: Forretress|Spikes|p1a: mmm sand
|-sidestart|p1: memer_is_a_slur|Spikes
|
|upkeep
|turn|20
|
|t:|1743820921
|move|p1a: mmm sand|Knock Off|p2a: Forretress
|-damage|p2a: Forretress|85/100
|move|p2a: Forretress|Rapid Spin|p1a: mmm sand
|-damage|p1a: mmm sand|93/100 tox
|-boost|p2a: Forretress|spe|1
|-sideend|p2: thathomiesapien|Stealth Rock|[from] move: Rapid Spin|[of] p2a: Forretress
|
|-heal|p1a: mmm sand|100/100 tox|[from] ability: Poison Heal
|upkeep
|turn|21
|inactive|thathomiesapien has 120 seconds left.
|
|t:|1743820967
|move|p2a: Forretress|Rapid Spin|p1a: mmm sand
|-damage|p1a: mmm sand|95/100 tox
|-boost|p2a: Forretress|spe|1
|move|p1a: mmm sand|Stealth Rock|p2a: Forretress
|-sidestart|p2: thathomiesapien|move: Stealth Rock
|
|-heal|p1a: mmm sand|100/100 tox|[from] ability: Poison Heal
|upkeep
|turn|22
|
|t:|1743820979
|move|p2a: Forretress|Rapid Spin|p1a: mmm sand
|-damage|p1a: mmm sand|93/100 tox
|-boost|p2a: Forretress|spe|1
|-sideend|p2: thathomiesapien|Stealth Rock|[from] move: Rapid Spin|[of] p2a: Forretress
|move|p1a: mmm sand|Stealth Rock|p2a: Forretress
|-sidestart|p2: thathomiesapien|move: Stealth Rock
|
|-heal|p1a: mmm sand|100/100 tox|[from] ability: Poison Heal
|upkeep
|turn|23
|inactive|thathomiesapien has 120 seconds left.
|
|t:|1743820991
|move|p2a: Forretress|Rapid Spin|p1a: mmm sand
|-damage|p1a: mmm sand|94/100 tox
|-boost|p2a: Forretress|spe|1
|-sideend|p2: thathomiesapien|Stealth Rock|[from] move: Rapid Spin|[of] p2a: Forretress
|move|p1a: mmm sand|Stealth Rock|p2a: Forretress
|-sidestart|p2: thathomiesapien|move: Stealth Rock
|
|-heal|p1a: mmm sand|100/100 tox|[from] ability: Poison Heal
|upkeep
|turn|24
|inactive|thathomiesapien has 120 seconds left.
|
|t:|1743820999
|switch|p1a: TheSlowRush|Ting-Lu|100/100
|-ability|p1a: TheSlowRush|Vessel of Ruin
|move|p2a: Forretress|Rapid Spin|p1a: TheSlowRush
|-damage|p1a: TheSlowRush|94/100
|-boost|p2a: Forretress|spe|1
|-sideend|p2: thathomiesapien|Stealth Rock|[from] move: Rapid Spin|[of] p2a: Forretress
|
|upkeep
|turn|25
|inactive|thathomiesapien has 120 seconds left.
|
|t:|1743821011
|move|p2a: Forretress|Body Press|p1a: TheSlowRush
|-supereffective|p1a: TheSlowRush
|-damage|p1a: TheSlowRush|61/100
|move|p1a: TheSlowRush|Ruination|p2a: Forretress
|-damage|p2a: Forretress|43/100
|
|upkeep
|turn|26
|
|t:|1743821018
|switch|p2a: Alomomola|Alomomola, F|100/100 tox
|move|p1a: TheSlowRush|Rest|p1a: TheSlowRush
|-status|p1a: TheSlowRush|slp|[from] move: Rest
|-heal|p1a: TheSlowRush|100/100 slp|[silent]
|
|-damage|p2a: Alomomola|94/100 tox|[from] psn
|upkeep
|turn|27
|
|t:|1743821026
|switch|p1a: fent goblin|Clodsire, F|100/100
|move|p2a: Alomomola|Wish|p2a: Alomomola
|
|-damage|p2a: Alomomola|82/100 tox|[from] psn
|upkeep
|turn|28
|
|t:|1743821034
|switch|p2a: Forretress|Forretress, F|43/100
|move|p1a: fent goblin|Protect||[still]
|-fail|p1a: fent goblin
|
|-heal|p2a: Forretress|100/100|[from] move: Wish|[wisher] Alomomola
|upkeep
|turn|29
|
|t:|1743821045
|switch|p2a: My Favewit|Tyranitar, M|100/100
|-weather|Sandstorm|[from] ability: Sand Stream|[of] p2a: My Favewit
|switch|p1a: TheSlowRush|Ting-Lu|100/100 slp
|-ability|p1a: TheSlowRush|Vessel of Ruin
|
|-weather|Sandstorm|[upkeep]
|upkeep
|turn|30
|
|t:|1743821052
|move|p2a: My Favewit|Knock Off|p1a: TheSlowRush
|-resisted|p1a: TheSlowRush
|-damage|p1a: TheSlowRush|85/100 slp
|-enditem|p1a: TheSlowRush|Heavy-Duty Boots|[from] move: Knock Off|[of] p2a: My Favewit
|cant|p1a: TheSlowRush|slp
|move|p1a: TheSlowRush|Sleep Talk|p1a: TheSlowRush
|move|p1a: TheSlowRush|Ruination|p2a: My Favewit|[from] move: Sleep Talk|[miss]
|-miss|p1a: TheSlowRush|p2a: My Favewit
|
|-weather|Sandstorm|[upkeep]
|upkeep
|turn|31
|
|t:|1743821057
|cant|p1a: TheSlowRush|slp
|move|p1a: TheSlowRush|Sleep Talk|p1a: TheSlowRush
|move|p1a: TheSlowRush|Rest||[from] move: Sleep Talk|[still]
|-fail|p1a: TheSlowRush
|move|p2a: My Favewit|Dragon Tail|p1a: TheSlowRush
|-damage|p1a: TheSlowRush|73/100 slp
|drag|p1a: Clefy|Clefable, M|100/100
|
|-weather|Sandstorm|[upkeep]
|upkeep
|turn|32
|
|t:|1743821063
|move|p2a: My Favewit|Knock Off|p1a: Clefy
|-resisted|p1a: Clefy
|-damage|p1a: Clefy|80/100
|-enditem|p1a: Clefy|Leftovers|[from] move: Knock Off|[of] p2a: My Favewit
|move|p1a: Clefy|Moonblast|p2a: My Favewit
|-supereffective|p2a: My Favewit
|-damage|p2a: My Favewit|79/100
|
|-weather|Sandstorm|[upkeep]
|upkeep
|turn|33
|
|t:|1743821072
|move|p2a: My Favewit|Rock Blast|p1a: Clefy
|-damage|p1a: Clefy|69/100
|-damage|p1a: Clefy|58/100
|-hitcount|p1a: Clefy|2
|move|p1a: Clefy|Knock Off|p2a: My Favewit
|-resisted|p2a: My Favewit
|-damage|p2a: My Favewit|72/100
|-enditem|p2a: My Favewit|Assault Vest|[from] move: Knock Off|[of] p1a: Clefy
|
|-weather|none
|upkeep
|turn|34
|
|t:|1743821080
|switch|p2a: Alomomola|Alomomola, F|100/100 tox
|move|p1a: Clefy|Moonlight|p1a: Clefy
|-heal|p1a: Clefy|100/100
|
|-damage|p2a: Alomomola|94/100 tox|[from] psn
|upkeep
|turn|35
|
|t:|1743821092
|move|p1a: Clefy|Moonblast|p2a: Alomomola
|-damage|p2a: Alomomola|56/100 tox
|move|p2a: Alomomola|Wish|p2a: Alomomola
|
|-damage|p2a: Alomomola|44/100 tox|[from] psn
|upkeep
|turn|36
|
|t:|1743821096
|switch|p1a: TheSlowRush|Ting-Lu|73/100 slp
|-damage|p1a: TheSlowRush|67/100 slp|[from] Stealth Rock
|-damage|p1a: TheSlowRush|42/100 slp|[from] Spikes
|-ability|p1a: TheSlowRush|Vessel of Ruin
|switch|p2a: Hurty|Arcanine-Hisui, M|75/100
|
|-heal|p2a: Hurty|100/100|[from] move: Wish|[wisher] Alomomola
|upkeep
|turn|37
|
|t:|1743821103
|-terastallize|p1a: TheSlowRush|Ghost
|move|p2a: Hurty|Close Combat|p1a: TheSlowRush
|-immune|p1a: TheSlowRush
|-curestatus|p1a: TheSlowRush|slp|[msg]
|move|p1a: TheSlowRush|Rest|p1a: TheSlowRush
|-status|p1a: TheSlowRush|slp|[from] move: Rest
|-heal|p1a: TheSlowRush|100/100 slp|[silent]
|
|upkeep
|turn|38
|
|t:|1743821116
|switch|p2a: He Don't Die|Gliscor, M|100/100
|switch|p1a: mmm sand|Gliscor, M|100/100 tox
|-damage|p1a: mmm sand|88/100 tox|[from] Stealth Rock
|
|-heal|p1a: mmm sand|100/100 tox|[from] ability: Poison Heal
|-status|p2a: He Don't Die|tox|[from] item: Toxic Orb
|upkeep
|turn|39
|
|t:|1743821125
|switch|p2a: Forretress|Forretress, F|100/100
|move|p1a: mmm sand|Stealth Rock|p2a: Forretress
|-sidestart|p2: thathomiesapien|move: Stealth Rock
|
|upkeep
|turn|40
|
|t:|1743821143
|switch|p1a: TheSlowRush|Ting-Lu, tera:Ghost|100/100 slp
|-damage|p1a: TheSlowRush|88/100 slp|[from] Stealth Rock
|-damage|p1a: TheSlowRush|63/100 slp|[from] Spikes
|-ability|p1a: TheSlowRush|Vessel of Ruin
|switch|p2a: My Favewit|Tyranitar, M|72/100
|-damage|p2a: My Favewit|60/100|[from] Stealth Rock
|-weather|Sandstorm|[from] ability: Sand Stream|[of] p2a: My Favewit
|
|-weather|Sandstorm|[upkeep]
|-damage|p1a: TheSlowRush|57/100 slp|[from] Sandstorm
|upkeep
|turn|41
|
|t:|1743821153
|move|p2a: My Favewit|Knock Off|p1a: TheSlowRush
|-supereffective|p1a: TheSlowRush
|-damage|p1a: TheSlowRush|16/100 slp
|cant|p1a: TheSlowRush|slp
|move|p1a: TheSlowRush|Sleep Talk|p1a: TheSlowRush
|move|p1a: TheSlowRush|Ruination|p2a: My Favewit|[from] move: Sleep Talk
|-damage|p2a: My Favewit|30/100
|
|-weather|Sandstorm|[upkeep]
|-damage|p1a: TheSlowRush|10/100 slp|[from] Sandstorm
|upkeep
|turn|42
|
|t:|1743821158
|switch|p1a: mmm sand|Gliscor, M|100/100 tox
|-damage|p1a: mmm sand|88/100 tox|[from] Stealth Rock
|move|p2a: My Favewit|Knock Off|p1a: mmm sand
|-damage|p1a: mmm sand|53/100 tox
|-enditem|p1a: mmm sand|Toxic Orb|[from] move: Knock Off|[of] p2a: My Favewit
|
|-weather|Sandstorm|[upkeep]
|-heal|p1a: mmm sand|66/100 tox|[from] ability: Poison Heal
|upkeep
|turn|43
|
|t:|1743821164
|move|p1a: mmm sand|Toxic|p2a: My Favewit
|-status|p2a: My Favewit|tox
|move|p2a: My Favewit|Avalanche|p1a: mmm sand
|-supereffective|p1a: mmm sand
|-damage|p1a: mmm sand|9/100 tox
|
|-weather|Sandstorm|[upkeep]
|-heal|p1a: mmm sand|21/100 tox|[from] ability: Poison Heal
|-damage|p2a: My Favewit|24/100 tox|[from] psn
|upkeep
|turn|44
|
|t:|1743821173
|switch|p2a: Forretress|Forretress, F|100/100
|-damage|p2a: Forretress|88/100|[from] Stealth Rock
|move|p1a: mmm sand|Protect||[still]
|-fail|p1a: mmm sand
|
|-weather|none
|-heal|p1a: mmm sand|34/100 tox|[from] ability: Poison Heal
|upkeep
|turn|45
|
|t:|1743821178
|switch|p1a: TheSlowRush|Ting-Lu, tera:Ghost|10/100 slp
|-damage|p1a: TheSlowRush|0 fnt|[from] Stealth Rock
|faint|p1a: TheSlowRush
|move|p2a: Forretress|Rapid Spin|p1: TheSlowRush|[notarget]
|-fail|p2a: Forretress
|
|upkeep
|
|t:|1743821185
|switch|p1a: mmm sand|Gliscor, M|34/100 tox
|-damage|p1a: mmm sand|21/100 tox|[from] Stealth Rock
|turn|46
|
|t:|1743821189
|move|p1a: mmm sand|Protect|p1a: mmm sand
|-singleturn|p1a: mmm sand|Protect
|move|p2a: Forretress|Rapid Spin|p1a: mmm sand
|-activate|p1a: mmm sand|move: Protect
|
|-heal|p1a: mmm sand|34/100 tox|[from] ability: Poison Heal
|upkeep
|turn|47
|
|t:|1743821195
|move|p1a: mmm sand|Stealth Rock||[still]
|-fail|p1a: mmm sand
|move|p2a: Forretress|Rapid Spin|p1a: mmm sand
|-damage|p1a: mmm sand|27/100 tox
|-boost|p2a: Forretress|spe|1
|-sideend|p2: thathomiesapien|Stealth Rock|[from] move: Rapid Spin|[of] p2a: Forretress
|
|-heal|p1a: mmm sand|39/100 tox|[from] ability: Poison Heal
|upkeep
|turn|48
|
|t:|1743821200
|move|p1a: mmm sand|Stealth Rock|p2a: Forretress
|-sidestart|p2: thathomiesapien|move: Stealth Rock
|move|p2a: Forretress|Rapid Spin|p1a: mmm sand
|-damage|p1a: mmm sand|33/100 tox
|-boost|p2a: Forretress|spe|1
|-sideend|p2: thathomiesapien|Stealth Rock|[from] move: Rapid Spin|[of] p2a: Forretress
|
|-heal|p1a: mmm sand|45/100 tox|[from] ability: Poison Heal
|upkeep
|turn|49
|
|t:|1743821207
|move|p2a: Forretress|Body Press|p1a: mmm sand
|-resisted|p1a: mmm sand
|-damage|p1a: mmm sand|36/100 tox
|move|p1a: mmm sand|Stealth Rock|p2a: Forretress
|-sidestart|p2: thathomiesapien|move: Stealth Rock
|
|-heal|p1a: mmm sand|49/100 tox|[from] ability: Poison Heal
|upkeep
|turn|50
|
|t:|1743821212
|move|p1a: mmm sand|Protect|p1a: mmm sand
|-singleturn|p1a: mmm sand|Protect
|move|p2a: Forretress|Rapid Spin|p1a: mmm sand
|-activate|p1a: mmm sand|move: Protect
|
|-heal|p1a: mmm sand|61/100 tox|[from] ability: Poison Heal
|upkeep
|turn|51
|
|t:|1743821216
|move|p2a: Forretress|Rapid Spin|p1a: mmm sand
|-damage|p1a: mmm sand|54/100 tox
|-boost|p2a: Forretress|spe|1
|-sideend|p2: thathomiesapien|Stealth Rock|[from] move: Rapid Spin|[of] p2a: Forretress
|move|p1a: mmm sand|Knock Off|p2a: Forretress
|-damage|p2a: Forretress|79/100
|
|-heal|p1a: mmm sand|67/100 tox|[from] ability: Poison Heal
|upkeep
|turn|52
|
|t:|1743821230
|switch|p2a: HeyApple|Hydrapple, F|100/100
|move|p1a: mmm sand|Stealth Rock|p2a: HeyApple
|-sidestart|p2: thathomiesapien|move: Stealth Rock
|
|-heal|p1a: mmm sand|79/100 tox|[from] ability: Poison Heal
|upkeep
|turn|53
|
|t:|1743821247
|switch|p1a: Neverender|Blissey, F|100/100
|switch|p2a: Alomomola|Alomomola, F|77/100 tox
|-damage|p2a: Alomomola|65/100 tox|[from] Stealth Rock
|
|-damage|p2a: Alomomola|59/100 tox|[from] psn
|upkeep
|turn|54
|
|t:|1743821251
|move|p2a: Alomomola|Wish|p2a: Alomomola
|move|p1a: Neverender|Seismic Toss|p2a: Alomomola
|-damage|p2a: Alomomola|40/100 tox
|-damage|p1a: Neverender|84/100|[from] item: Rocky Helmet|[of] p2a: Alomomola
|
|-damage|p2a: Alomomola|27/100 tox|[from] psn
|upkeep
|turn|55
|
|t:|1743821255
|move|p2a: Alomomola|Flip Turn|p1a: Neverender
|-damage|p1a: Neverender|66/100
|
|t:|1743821261
|switch|p2a: Forretress|Forretress, F|79/100|[from] Flip Turn
|-damage|p2a: Forretress|67/100|[from] Stealth Rock
|move|p1a: Neverender|Seismic Toss|p2a: Forretress
|-damage|p2a: Forretress|39/100
|
|-heal|p2a: Forretress|100/100|[from] move: Wish|[wisher] Alomomola
|upkeep
|turn|56
|
|t:|1743821272
|switch|p2a: Alomomola|Alomomola, F|61/100 tox
|-damage|p2a: Alomomola|48/100 tox|[from] Stealth Rock
|move|p1a: Neverender|Soft-Boiled|p1a: Neverender
|-heal|p1a: Neverender|100/100
|
|-damage|p2a: Alomomola|42/100 tox|[from] psn
|upkeep
|turn|57
|
|t:|1743821277
|move|p2a: Alomomola|Wish|p2a: Alomomola
|move|p1a: Neverender|Seismic Toss|p2a: Alomomola
|-damage|p2a: Alomomola|24/100 tox
|-damage|p1a: Neverender|84/100|[from] item: Rocky Helmet|[of] p2a: Alomomola
|
|-damage|p2a: Alomomola|11/100 tox|[from] psn
|upkeep
|turn|58
|
|t:|1743821288
|switch|p2a: Hurty|Arcanine-Hisui, M|100/100
|-damage|p2a: Hurty|75/100|[from] Stealth Rock
|switch|p1a: fent goblin|Clodsire, F|100/100
|
|-heal|p2a: Hurty|100/100|[from] move: Wish|[wisher] Alomomola
|upkeep
|turn|59
|
|t:|1743821298
|switch|p2a: He Don't Die|Gliscor, M|100/100 tox
|-damage|p2a: He Don't Die|88/100 tox|[from] Stealth Rock
|move|p1a: fent goblin|Toxic|p2a: He Don't Die
|-fail|p2a: He Don't Die|tox
|
|-heal|p2a: He Don't Die|100/100 tox|[from] ability: Poison Heal
|upkeep
|turn|60
|
|t:|1743821308
|switch|p1a: mmm sand|Gliscor, M|79/100 tox
|-damage|p1a: mmm sand|67/100 tox|[from] Stealth Rock
|move|p2a: He Don't Die|Substitute|p2a: He Don't Die
|-start|p2a: He Don't Die|Substitute
|-damage|p2a: He Don't Die|76/100 tox
|
|-heal|p2a: He Don't Die|88/100 tox|[from] ability: Poison Heal
|-heal|p1a: mmm sand|79/100 tox|[from] ability: Poison Heal
|upkeep
|turn|61
|
|t:|1743821317
|switch|p1a: Ahsa|Dondozo, F|100/100
|move|p2a: He Don't Die|Earthquake|p1a: Ahsa
|-damage|p1a: Ahsa|87/100
|
|-heal|p2a: He Don't Die|100/100 tox|[from] ability: Poison Heal
|upkeep
|turn|62
|
|t:|1743821321
|move|p2a: He Don't Die|Toxic|p1a: Ahsa
|-status|p1a: Ahsa|tox
|move|p1a: Ahsa|Curse|p1a: Ahsa
|-unboost|p1a: Ahsa|spe|1
|-boost|p1a: Ahsa|atk|1
|-boost|p1a: Ahsa|def|1
|
|-damage|p1a: Ahsa|80/100 tox|[from] psn
|upkeep
|turn|63
|
|t:|1743821328
|switch|p2a: Alomomola|Alomomola, F|45/100 tox
|-damage|p2a: Alomomola|32/100 tox|[from] Stealth Rock
|move|p1a: Ahsa|Curse|p1a: Ahsa
|-unboost|p1a: Ahsa|spe|1
|-boost|p1a: Ahsa|atk|1
|-boost|p1a: Ahsa|def|1
|
|-damage|p2a: Alomomola|26/100 tox|[from] psn
|-damage|p1a: Ahsa|68/100 tox|[from] psn
|upkeep
|turn|64
|
|t:|1743821333
|move|p2a: Alomomola|Wish|p2a: Alomomola
|move|p1a: Ahsa|Rest|p1a: Ahsa
|-status|p1a: Ahsa|slp|[from] move: Rest
|-heal|p1a: Ahsa|100/100 slp|[silent]
|
|-damage|p2a: Alomomola|14/100 tox|[from] psn
|upkeep
|turn|65
|
|t:|1743821344
|switch|p2a: HeyApple|Hydrapple, F|100/100
|-damage|p2a: HeyApple|88/100|[from] Stealth Rock
|cant|p1a: Ahsa|slp
|move|p1a: Ahsa|Sleep Talk|p1a: Ahsa
|move|p1a: Ahsa|Rest||[from] move: Sleep Talk|[still]
|-fail|p1a: Ahsa
|
|-heal|p2a: HeyApple|100/100|[from] move: Wish|[wisher] Alomomola
|upkeep
|turn|66
|
|t:|1743821356
|switch|p1a: Neverender|Blissey, F|84/100
|move|p2a: HeyApple|Leaf Storm|p1a: Neverender
|-damage|p1a: Neverender|61/100
|-unboost|p2a: HeyApple|spa|2
|
|upkeep
|turn|67
|
|t:|1743821360
|switch|p2a: Alomomola|Alomomola, F|47/100 tox
|-damage|p2a: Alomomola|35/100 tox|[from] Stealth Rock
|move|p1a: Neverender|Soft-Boiled|p1a: Neverender
|-heal|p1a: Neverender|100/100
|
|-damage|p2a: Alomomola|28/100 tox|[from] psn
|upkeep
|turn|68
|
|t:|1743821368
|switch|p2a: HeyApple|Hydrapple, F|100/100
|-damage|p2a: HeyApple|88/100|[from] Stealth Rock
|move|p1a: Neverender|Seismic Toss|p2a: HeyApple
|-damage|p2a: HeyApple|60/100
|
|upkeep
|turn|69
|
|t:|1743821377
|switch|p2a: Alomomola|Alomomola, F|62/100 tox
|-damage|p2a: Alomomola|49/100 tox|[from] Stealth Rock
|move|p1a: Neverender|Seismic Toss|p2a: Alomomola
|-damage|p2a: Alomomola|31/100 tox
|-damage|p1a: Neverender|84/100|[from] item: Rocky Helmet|[of] p2a: Alomomola
|
|-damage|p2a: Alomomola|24/100 tox|[from] psn
|upkeep
|turn|70
|
|t:|1743821386
|switch|p2a: Forretress|Forretress, F|100/100
|-damage|p2a: Forretress|88/100|[from] Stealth Rock
|move|p1a: Neverender|Seismic Toss|p2a: Forretress
|-damage|p2a: Forretress|60/100
|
|upkeep
|turn|71
|
|t:|1743821392
|move|p1a: Neverender|Seismic Toss|p2a: Forretress
|-damage|p2a: Forretress|32/100
|move|p2a: Forretress|Rapid Spin|p1a: Neverender
|-damage|p1a: Neverender|73/100
|-boost|p2a: Forretress|spe|1
|-sideend|p2: thathomiesapien|Stealth Rock|[from] move: Rapid Spin|[of] p2a: Forretress
|
|upkeep
|turn|72
|
|t:|1743821395
|switch|p2a: Alomomola|Alomomola, F|58/100 tox
|move|p1a: Neverender|Seismic Toss|p2a: Alomomola
|-damage|p2a: Alomomola|39/100 tox
|-damage|p1a: Neverender|56/100|[from] item: Rocky Helmet|[of] p2a: Alomomola
|
|-damage|p2a: Alomomola|33/100 tox|[from] psn
|upkeep
|turn|73
|
|t:|1743821408
|move|p2a: Alomomola|Wish|p2a: Alomomola
|move|p1a: Neverender|Soft-Boiled|p1a: Neverender
|-heal|p1a: Neverender|100/100
|
|-damage|p2a: Alomomola|21/100 tox|[from] psn
|upkeep
|turn|74
|
|t:|1743821412
|switch|p2a: My Favewit|Tyranitar, M|24/100 tox
|-weather|Sandstorm|[from] ability: Sand Stream|[of] p2a: My Favewit
|move|p1a: Neverender|Seismic Toss|p2a: My Favewit
|-damage|p2a: My Favewit|0 fnt
|faint|p2a: My Favewit
|
|-weather|Sandstorm|[upkeep]
|-damage|p1a: Neverender|94/100|[from] Sandstorm
|upkeep
|
|t:|1743821417
|switch|p2a: Alomomola|Alomomola, F|54/100 tox
|turn|75
|
|t:|1743821427
|switch|p1a: fent goblin|Clodsire, F|100/100
|move|p2a: Alomomola|Wish|p2a: Alomomola
|
|-weather|Sandstorm|[upkeep]
|-damage|p2a: Alomomola|48/100 tox|[from] Sandstorm
|-damage|p2a: Alomomola|42/100 tox|[from] psn
|upkeep
|turn|76
|
|t:|1743821436
|switch|p2a: He Don't Die|Gliscor, M|100/100 tox
|move|p1a: fent goblin|Protect||[still]
|-fail|p1a: fent goblin
|
|-weather|Sandstorm|[upkeep]
|upkeep
|turn|77
|
|t:|1743821443
|switch|p2a: HeyApple|Hydrapple, F|93/100
|switch|p1a: mmm sand|Gliscor, M|79/100 tox
|-damage|p1a: mmm sand|67/100 tox|[from] Stealth Rock
|
|-weather|Sandstorm|[upkeep]
|-damage|p2a: HeyApple|87/100|[from] Sandstorm
|-heal|p1a: mmm sand|79/100 tox|[from] ability: Poison Heal
|upkeep
|turn|78
|
|t:|1743821450
|move|p1a: mmm sand|Protect|p1a: mmm sand
|-singleturn|p1a: mmm sand|Protect
|move|p2a: HeyApple|Leaf Storm|p1a: mmm sand
|-activate|p1a: mmm sand|move: Protect
|
|-weather|none
|-heal|p1a: mmm sand|92/100 tox|[from] ability: Poison Heal
|upkeep
|turn|79
|
|t:|1743821458
|switch|p1a: Neverender|Blissey, F|94/100
|switch|p2a: Hurty|Arcanine-Hisui, M|100/100
|
|upkeep
|turn|80
|
|t:|1743821463
|switch|p1a: fent goblin|Clodsire, F|100/100
|move|p2a: Hurty|Flare Blitz|p1a: fent goblin
|-damage|p1a: fent goblin|43/100
|-damage|p2a: Hurty|91/100|[from] item: Life Orb
|
|upkeep
|turn|81
|
|t:|1743821472
|move|p1a: fent goblin|Protect|p1a: fent goblin
|-singleturn|p1a: fent goblin|Protect
|move|p2a: Hurty|Flare Blitz|p1a: fent goblin
|-activate|p1a: fent goblin|move: Protect
|
|upkeep
|turn|82
|
|t:|1743821479
|switch|p2a: HeyApple|Hydrapple, F|100/100
|switch|p1a: Ahsa|Dondozo, F|100/100 slp
|
|upkeep
|turn|83
|
|t:|1743821483
|switch|p1a: Neverender|Blissey, F|94/100
|move|p2a: HeyApple|Leaf Storm|p1a: Neverender
|-damage|p1a: Neverender|73/100
|-unboost|p2a: HeyApple|spa|2
|
|upkeep
|turn|84
|
|t:|1743821490
|switch|p2a: He Don't Die|Gliscor, M|100/100 tox
|move|p1a: Neverender|Soft-Boiled|p1a: Neverender
|-heal|p1a: Neverender|100/100
|
|upkeep
|turn|85
|
|t:|1743821498
|switch|p2a: HeyApple|Hydrapple, F|100/100
|switch|p1a: mmm sand|Gliscor, M|92/100 tox
|-damage|p1a: mmm sand|79/100 tox|[from] Stealth Rock
|
|-heal|p1a: mmm sand|92/100 tox|[from] ability: Poison Heal
|upkeep
|turn|86
|
|t:|1743821508
|move|p1a: mmm sand|Protect|p1a: mmm sand
|-singleturn|p1a: mmm sand|Protect
|move|p2a: HeyApple|Draco Meteor|p1a: mmm sand
|-activate|p1a: mmm sand|move: Protect
|
|-heal|p1a: mmm sand|100/100 tox|[from] ability: Poison Heal
|upkeep
|turn|87
|
|t:|1743821513
|move|p1a: mmm sand|Toxic|p2a: HeyApple
|-status|p2a: HeyApple|tox
|move|p2a: HeyApple|Draco Meteor|p1a: mmm sand|[miss]
|-miss|p2a: HeyApple|p1a: mmm sand
|
|-damage|p2a: HeyApple|94/100 tox|[from] psn
|upkeep
|turn|88
|
|t:|1743821519
|move|p1a: mmm sand|Protect|p1a: mmm sand
|-singleturn|p1a: mmm sand|Protect
|move|p2a: HeyApple|Draco Meteor|p1a: mmm sand
|-activate|p1a: mmm sand|move: Protect
|
|-damage|p2a: HeyApple|82/100 tox|[from] psn
|upkeep
|turn|89
|
|t:|1743821522
|switch|p1a: Neverender|Blissey, F|100/100
|move|p2a: HeyApple|Draco Meteor|p1a: Neverender
|-damage|p1a: Neverender|77/100
|-unboost|p2a: HeyApple|spa|2
|
|-damage|p2a: HeyApple|63/100 tox|[from] psn
|upkeep
|turn|90
|
|t:|1743821526
|switch|p2a: Alomomola|Alomomola, F|75/100 tox
|move|p1a: Neverender|Seismic Toss|p2a: Alomomola
|-damage|p2a: Alomomola|56/100 tox
|-damage|p1a: Neverender|60/100|[from] item: Rocky Helmet|[of] p2a: Alomomola
|
|-damage|p2a: Alomomola|50/100 tox|[from] psn
|upkeep
|turn|91
|
|t:|1743821531
|move|p2a: Alomomola|Wish|p2a: Alomomola
|move|p1a: Neverender|Soft-Boiled|p1a: Neverender
|-heal|p1a: Neverender|100/100
|
|-damage|p2a: Alomomola|38/100 tox|[from] psn
|upkeep
|turn|92
|
|t:|1743821535
|switch|p2a: Forretress|Forretress, F|32/100
|switch|p1a: fent goblin|Clodsire, F|43/100
|
|-heal|p2a: Forretress|100/100|[from] move: Wish|[wisher] Alomomola
|upkeep
|turn|93
|
|t:|1743821540
|switch|p2a: He Don't Die|Gliscor, M|100/100 tox
|move|p1a: fent goblin|Recover|p1a: fent goblin
|-heal|p1a: fent goblin|93/100
|
|upkeep
|turn|94
|
|t:|1743821549
|switch|p2a: HeyApple|Hydrapple, F|97/100 tox
|switch|p1a: mmm sand|Gliscor, M|100/100 tox
|-damage|p1a: mmm sand|88/100 tox|[from] Stealth Rock
|
|-heal|p1a: mmm sand|100/100 tox|[from] ability: Poison Heal
|-damage|p2a: HeyApple|90/100 tox|[from] psn
|upkeep
|turn|95
|
|t:|1743821558
|switch|p1a: Neverender|Blissey, F|100/100
|move|p2a: HeyApple|Hydro Pump|p1a: Neverender
|-damage|p1a: Neverender|88/100
|
|-damage|p2a: HeyApple|78/100 tox|[from] psn
|upkeep
|turn|96
|
|t:|1743821565
|switch|p2a: Hurty|Arcanine-Hisui, M|91/100
|move|p1a: Neverender|Shadow Ball|p2a: Hurty
|-damage|p2a: Hurty|74/100
|-unboost|p2a: Hurty|spd|1
|
|upkeep
|turn|97
|
|t:|1743821575
|switch|p1a: Ahsa|Dondozo, F|100/100 slp
|move|p2a: Hurty|Head Smash|p1a: Ahsa|[miss]
|-miss|p2a: Hurty|p1a: Ahsa
|
|upkeep
|turn|98
|
|t:|1743821578
|switch|p2a: HeyApple|Hydrapple, F|100/100 tox
|cant|p1a: Ahsa|slp
|move|p1a: Ahsa|Sleep Talk|p1a: Ahsa
|move|p1a: Ahsa|Curse|p1a: Ahsa|[from] move: Sleep Talk
|-unboost|p1a: Ahsa|spe|1
|-boost|p1a: Ahsa|atk|1
|-boost|p1a: Ahsa|def|1
|
|-damage|p2a: HeyApple|94/100 tox|[from] psn
|upkeep
|turn|99
|
|t:|1743821586
|switch|p1a: Neverender|Blissey, F|88/100
|move|p2a: HeyApple|Fickle Beam|p1a: Neverender|[anim] Fickle Beam All Out
|-activate|p2a: HeyApple|move: Fickle Beam
|-damage|p1a: Neverender|63/100
|
|-damage|p2a: HeyApple|82/100 tox|[from] psn
|upkeep
|turn|100
|
|t:|1743821594
|switch|p2a: Alomomola|Alomomola, F|71/100 tox
|move|p1a: Neverender|Soft-Boiled|p1a: Neverender
|-heal|p1a: Neverender|100/100
|
|-damage|p2a: Alomomola|65/100 tox|[from] psn
|upkeep
|turn|101
|
|t:|1743821601
|switch|p2a: HeyApple|Hydrapple, F|100/100 tox
|move|p1a: Neverender|Shadow Ball|p2a: HeyApple
|-damage|p2a: HeyApple|88/100 tox
|
|-damage|p2a: HeyApple|82/100 tox|[from] psn
|upkeep
|turn|102
|
|t:|1743821609
|move|p1a: Neverender|Shadow Ball|p2a: HeyApple
|-damage|p2a: HeyApple|69/100 tox
|-unboost|p2a: HeyApple|spd|1
|move|p2a: HeyApple|Hydro Pump|p1a: Neverender
|-damage|p1a: Neverender|87/100
|
|-damage|p2a: HeyApple|57/100 tox|[from] psn
|upkeep
|turn|103
|
|t:|1743821612
|switch|p2a: Alomomola|Alomomola, F|98/100 tox
|move|p1a: Neverender|Shadow Ball|p2a: Alomomola
|-crit|p2a: Alomomola
|-damage|p2a: Alomomola|71/100 tox
|
|-damage|p2a: Alomomola|65/100 tox|[from] psn
|upkeep
|turn|104
|
|t:|1743821617
|switch|p2a: HeyApple|Hydrapple, F|90/100 tox
|move|p1a: Neverender|Shadow Ball|p2a: HeyApple
|-crit|p2a: HeyApple
|-damage|p2a: HeyApple|72/100 tox
|
|-damage|p2a: HeyApple|66/100 tox|[from] psn
|upkeep
|turn|105
|
|t:|1743821628
|switch|p2a: Alomomola|Alomomola, F|99/100 tox
|move|p1a: Neverender|Shadow Ball|p2a: Alomomola
|-damage|p2a: Alomomola|80/100 tox
|
|-damage|p2a: Alomomola|74/100 tox|[from] psn
|upkeep
|turn|106
|
|t:|1743821646
|switch|p2a: HeyApple|Hydrapple, F|99/100 tox
|move|p1a: Neverender|Shadow Ball|p2a: HeyApple
|-damage|p2a: HeyApple|87/100 tox
|
|-damage|p2a: HeyApple|81/100 tox|[from] psn
|upkeep
|turn|107
|
|t:|1743821658
|move|p1a: Neverender|Seismic Toss|p2a: HeyApple
|-damage|p2a: HeyApple|52/100 tox
|move|p2a: HeyApple|Fickle Beam|p1a: Neverender
|-damage|p1a: Neverender|74/100
|
|-damage|p2a: HeyApple|40/100 tox|[from] psn
|upkeep
|turn|108
|
|t:|1743821662
|switch|p2a: Alomomola|Alomomola, F|100/100 tox
|move|p1a: Neverender|Shadow Ball|p2a: Alomomola
|-damage|p2a: Alomomola|83/100 tox
|
|-damage|p2a: Alomomola|77/100 tox|[from] psn
|upkeep
|turn|109
|
|t:|1743821665
|move|p2a: Alomomola|Flip Turn|p1a: Neverender
|-damage|p1a: Neverender|55/100
|
|t:|1743821667
|switch|p2a: HeyApple|Hydrapple, F|73/100 tox|[from] Flip Turn
|move|p1a: Neverender|Shadow Ball|p2a: HeyApple
|-damage|p2a: HeyApple|61/100 tox
|
|-damage|p2a: HeyApple|55/100 tox|[from] psn
|upkeep
|turn|110
|
|t:|1743821670
|switch|p2a: Alomomola|Alomomola, F|100/100 tox
|move|p1a: Neverender|Seismic Toss|p2a: Alomomola
|-damage|p2a: Alomomola|82/100 tox
|-damage|p1a: Neverender|39/100|[from] item: Rocky Helmet|[of] p2a: Alomomola
|
|-damage|p2a: Alomomola|76/100 tox|[from] psn
|upkeep
|turn|111
|
|t:|1743821673
|switch|p1a: fent goblin|Clodsire, F|93/100
|move|p2a: Alomomola|Flip Turn|p1a: fent goblin
|-heal|p1a: fent goblin|100/100|[from] ability: Water Absorb|[of] p2a: Alomomola
|
|-damage|p2a: Alomomola|63/100 tox|[from] psn
|upkeep
|turn|112
|
|t:|1743821686
|switch|p2a: He Don't Die|Gliscor, M|100/100 tox
|move|p1a: fent goblin|Earthquake|p2a: He Don't Die
|-immune|p2a: He Don't Die
|
|upkeep
|turn|113
|
|t:|1743821690
|switch|p2a: Forretress|Forretress, F|100/100
|switch|p1a: mmm sand|Gliscor, M|100/100 tox
|-damage|p1a: mmm sand|88/100 tox|[from] Stealth Rock
|
|-heal|p1a: mmm sand|100/100 tox|[from] ability: Poison Heal
|upkeep
|turn|114
|
|t:|1743821696
|move|p1a: mmm sand|Stealth Rock|p2a: Forretress
|-sidestart|p2: thathomiesapien|move: Stealth Rock
|move|p2a: Forretress|Spikes||[still]
|-fail|p2a: Forretress
|
|upkeep
|turn|115
|
|t:|1743821700
|move|p1a: mmm sand|Knock Off|p2a: Forretress
|-damage|p2a: Forretress|92/100
|move|p2a: Forretress|Rapid Spin|p1a: mmm sand
|-damage|p1a: mmm sand|94/100 tox
|-boost|p2a: Forretress|spe|1
|-sideend|p2: thathomiesapien|Stealth Rock|[from] move: Rapid Spin|[of] p2a: Forretress
|
|-heal|p1a: mmm sand|100/100 tox|[from] ability: Poison Heal
|upkeep
|turn|116
|
|t:|1743821702
|move|p1a: mmm sand|Knock Off|p2a: Forretress
|-crit|p2a: Forretress
|-damage|p2a: Forretress|78/100
|move|p2a: Forretress|Spikes||[still]
|-fail|p2a: Forretress
|
|upkeep
|turn|117
|
|t:|1743821710
|switch|p2a: He Don't Die|Gliscor, M|100/100 tox
|move|p1a: mmm sand|Stealth Rock|p2a: He Don't Die
|-sidestart|p2: thathomiesapien|move: Stealth Rock
|
|upkeep
|turn|118
|
|t:|1743821714
|switch|p2a: Forretress|Forretress, F|78/100
|-damage|p2a: Forretress|66/100|[from] Stealth Rock
|move|p1a: mmm sand|Knock Off|p2a: Forretress
|-damage|p2a: Forretress|56/100
|
|upkeep
|turn|119
|
|t:|1743821720
|move|p1a: mmm sand|Knock Off|p2a: Forretress
|-damage|p2a: Forretress|47/100
|move|p2a: Forretress|Rapid Spin|p1a: mmm sand
|-damage|p1a: mmm sand|94/100 tox
|-boost|p2a: Forretress|spe|1
|-sideend|p2: thathomiesapien|Stealth Rock|[from] move: Rapid Spin|[of] p2a: Forretress
|
|-heal|p1a: mmm sand|100/100 tox|[from] ability: Poison Heal
|upkeep
|turn|120
|
|t:|1743821735
|switch|p1a: Clefy|Clefable, M|100/100
|switch|p2a: Alomomola|Alomomola, F|97/100 tox
|
|-damage|p2a: Alomomola|90/100 tox|[from] psn
|upkeep
|turn|121
|
|t:|1743821740
|move|p1a: Clefy|Knock Off|p2a: Alomomola
|-damage|p2a: Alomomola|82/100 tox
|-enditem|p2a: Alomomola|Rocky Helmet|[from] move: Knock Off|[of] p1a: Clefy
|move|p2a: Alomomola|Wish|p2a: Alomomola
|
|-damage|p2a: Alomomola|70/100 tox|[from] psn
|upkeep
|turn|122
|
|t:|1743821743
|move|p1a: Clefy|Moonblast|p2a: Alomomola
|-damage|p2a: Alomomola|30/100 tox
|-unboost|p2a: Alomomola|spa|1
|move|p2a: Alomomola|Flip Turn|p1a: Clefy
|-damage|p1a: Clefy|88/100
|
|t:|1743821749
|switch|p2a: Forretress|Forretress, F|47/100|[from] Flip Turn
|
|-heal|p2a: Forretress|100/100|[from] move: Wish|[wisher] Alomomola
|upkeep
|turn|123
|
|t:|1743821764
|switch|p2a: Alomomola|Alomomola, F|64/100 tox
|move|p1a: Clefy|Protect||[still]
|-fail|p1a: Clefy
|
|-damage|p2a: Alomomola|57/100 tox|[from] psn
|upkeep
|turn|124
|
|t:|1743821772
|switch|p2a: He Don't Die|Gliscor, M|100/100 tox
|move|p1a: Clefy|Knock Off|p2a: He Don't Die
|-damage|p2a: He Don't Die|91/100 tox
|-enditem|p2a: He Don't Die|Toxic Orb|[from] move: Knock Off|[of] p1a: Clefy
|
|-heal|p2a: He Don't Die|100/100 tox|[from] ability: Poison Heal
|upkeep
|turn|125
|
|t:|1743821779
|move|p2a: He Don't Die|Substitute|p2a: He Don't Die
|-start|p2a: He Don't Die|Substitute
|-damage|p2a: He Don't Die|76/100 tox
|move|p1a: Clefy|Moonblast|p2a: He Don't Die
|-end|p2a: He Don't Die|Substitute
|
|-heal|p2a: He Don't Die|88/100 tox|[from] ability: Poison Heal
|upkeep
|turn|126
|
|t:|1743821786
|switch|p2a: Alomomola|Alomomola, F|91/100 tox
|move|p1a: Clefy|Moonblast|p2a: Alomomola
|-damage|p2a: Alomomola|52/100 tox
|
|-damage|p2a: Alomomola|46/100 tox|[from] psn
|upkeep
|turn|127
|
|t:|1743821798
|switch|p2a: He Don't Die|Gliscor, M|88/100 tox
|move|p1a: Clefy|Moonblast|p2a: He Don't Die
|-damage|p2a: He Don't Die|50/100 tox
|-unboost|p2a: He Don't Die|spa|1
|
|-heal|p2a: He Don't Die|62/100 tox|[from] ability: Poison Heal
|upkeep
|turn|128
|
|t:|1743821804
|move|p2a: He Don't Die|Protect|p2a: He Don't Die
|-singleturn|p2a: He Don't Die|Protect
|move|p1a: Clefy|Moonblast|p2a: He Don't Die
|-activate|p2a: He Don't Die|move: Protect
|
|-heal|p2a: He Don't Die|75/100 tox|[from] ability: Poison Heal
|upkeep
|turn|129
|
|t:|1743821813
|switch|p2a: Hurty|Arcanine-Hisui, M|74/100
|move|p1a: Clefy|Moonblast|p2a: Hurty
|-resisted|p2a: Hurty
|-crit|p2a: Hurty
|-damage|p2a: Hurty|47/100
|-unboost|p2a: Hurty|spa|1
|
|upkeep
|turn|130
|
|t:|1743821826
|switch|p1a: Ahsa|Dondozo, F|100/100 slp
|move|p2a: Hurty|Head Smash|p1a: Ahsa
|-damage|p1a: Ahsa|55/100 slp
|-damage|p2a: Hurty|37/100|[from] item: Life Orb
|
|upkeep
|turn|131
|
|t:|1743821830
|switch|p2a: HeyApple|Hydrapple, F|88/100 tox
|-curestatus|p1a: Ahsa|slp|[msg]
|move|p1a: Ahsa|Rest|p1a: Ahsa
|-status|p1a: Ahsa|slp|[from] move: Rest
|-heal|p1a: Ahsa|100/100 slp|[silent]
|
|-damage|p2a: HeyApple|82/100 tox|[from] psn
|upkeep
|turn|132
|
|t:|1743821839
|switch|p1a: Clefy|Clefable, M|88/100
|move|p2a: HeyApple|Leaf Storm|p1a: Clefy
|-damage|p1a: Clefy|17/100
|-unboost|p2a: HeyApple|spa|2
|
|-damage|p2a: HeyApple|70/100 tox|[from] psn
|upkeep
|turn|133
|
|t:|1743821848
|switch|p2a: Hurty|Arcanine-Hisui, M|37/100
|move|p1a: Clefy|Protect||[still]
|-fail|p1a: Clefy
|
|upkeep
|turn|134
|
|t:|1743821862
|switch|p1a: Ahsa|Dondozo, F|100/100 slp
|move|p2a: Hurty|Head Smash|p1a: Ahsa|[miss]
|-miss|p2a: Hurty|p1a: Ahsa
|
|upkeep
|turn|135
|
|t:|1743821866
|switch|p2a: HeyApple|Hydrapple, F|100/100 tox
|cant|p1a: Ahsa|slp
|move|p1a: Ahsa|Sleep Talk|p1a: Ahsa
|move|p1a: Ahsa|Rest||[from] move: Sleep Talk|[still]
|-fail|p1a: Ahsa
|
|-damage|p2a: HeyApple|94/100 tox|[from] psn
|upkeep
|turn|136
|
|t:|1743821875
|switch|p1a: Neverender|Blissey, F|39/100
|move|p2a: HeyApple|Leaf Storm|p1a: Neverender
|-damage|p1a: Neverender|18/100
|-unboost|p2a: HeyApple|spa|2
|
|-damage|p2a: HeyApple|82/100 tox|[from] psn
|upkeep
|turn|137
|
|t:|1743821882
|switch|p2a: Alomomola|Alomomola, F|79/100 tox
|move|p1a: Neverender|Seismic Toss|p2a: Alomomola
|-damage|p2a: Alomomola|60/100 tox
|
|-damage|p2a: Alomomola|54/100 tox|[from] psn
|upkeep
|turn|138
|
|t:|1743821889
|switch|p1a: fent goblin|Clodsire, F|100/100
|move|p2a: Alomomola|Wish|p2a: Alomomola
|
|-damage|p2a: Alomomola|42/100 tox|[from] psn
|upkeep
|turn|139
|
|t:|1743821900
|switch|p2a: He Don't Die|Gliscor, M|75/100 tox
|switch|p1a: mmm sand|Gliscor, M|100/100 tox
|-damage|p1a: mmm sand|88/100 tox|[from] Stealth Rock
|
|-heal|p2a: He Don't Die|100/100 tox|[from] move: Wish|[wisher] Alomomola
|-heal|p1a: mmm sand|100/100 tox|[from] ability: Poison Heal
|upkeep
|turn|140
|
|t:|1743821905
|switch|p2a: Forretress|Forretress, F|100/100
|move|p1a: mmm sand|Stealth Rock|p2a: Forretress
|-sidestart|p2: thathomiesapien|move: Stealth Rock
|
|upkeep
|turn|141
|
|t:|1743821911
|switch|p1a: Clefy|Clefable, M|17/100
|move|p2a: Forretress|Rapid Spin|p1a: Clefy
|-damage|p1a: Clefy|9/100
|-boost|p2a: Forretress|spe|1
|-sideend|p2: thathomiesapien|Stealth Rock|[from] move: Rapid Spin|[of] p2a: Forretress
|
|upkeep
|turn|142
|c|☆thathomiesapien|Making me earn this
|
|t:|1743821923
|move|p2a: Forretress|Rapid Spin|p1a: Clefy
|-damage|p1a: Clefy|1/100
|-boost|p2a: Forretress|spe|1
|move|p1a: Clefy|Moonlight|p1a: Clefy
|-heal|p1a: Clefy|51/100
|
|upkeep
|turn|143
|
|t:|1743821931
|move|p2a: Forretress|Body Press|p1a: Clefy
|-resisted|p1a: Clefy
|-damage|p1a: Clefy|41/100
|move|p1a: Clefy|Moonlight|p1a: Clefy
|-heal|p1a: Clefy|91/100
|
|upkeep
|turn|144
|
|t:|1743821941
|switch|p2a: Alomomola|Alomomola, F|75/100 tox
|move|p1a: Clefy|Moonblast|p2a: Alomomola
|-damage|p2a: Alomomola|37/100 tox
|
|-damage|p2a: Alomomola|31/100 tox|[from] psn
|upkeep
|turn|145
|
|t:|1743821948
|switch|p2a: He Don't Die|Gliscor, M|100/100 tox
|move|p1a: Clefy|Moonblast|p2a: He Don't Die
|-damage|p2a: He Don't Die|65/100 tox
|
|-heal|p2a: He Don't Die|78/100 tox|[from] ability: Poison Heal
|upkeep
|turn|146
|
|t:|1743821957
|move|p2a: He Don't Die|Protect|p2a: He Don't Die
|-singleturn|p2a: He Don't Die|Protect
|move|p1a: Clefy|Moonblast|p2a: He Don't Die
|-activate|p2a: He Don't Die|move: Protect
|
|-heal|p2a: He Don't Die|90/100 tox|[from] ability: Poison Heal
|upkeep
|turn|147
|
|t:|1743821966
|move|p2a: He Don't Die|Earthquake|p1a: Clefy
|-damage|p1a: Clefy|66/100
|move|p1a: Clefy|Moonblast|p2a: He Don't Die
|-damage|p2a: He Don't Die|55/100 tox
|
|-heal|p2a: He Don't Die|67/100 tox|[from] ability: Poison Heal
|upkeep
|turn|148
|
|t:|1743821976
|move|p2a: He Don't Die|Earthquake|p1a: Clefy
|-damage|p1a: Clefy|40/100
|move|p1a: Clefy|Moonblast|p2a: He Don't Die
|-damage|p2a: He Don't Die|26/100 tox
|-unboost|p2a: He Don't Die|spa|1
|
|-heal|p2a: He Don't Die|39/100 tox|[from] ability: Poison Heal
|upkeep
|turn|149
|
|t:|1743821980
|move|p2a: He Don't Die|Protect|p2a: He Don't Die
|-singleturn|p2a: He Don't Die|Protect
|move|p1a: Clefy|Moonlight|p1a: Clefy
|-heal|p1a: Clefy|90/100
|
|-heal|p2a: He Don't Die|51/100 tox|[from] ability: Poison Heal
|upkeep
|turn|150
|
|t:|1743821988
|move|p2a: He Don't Die|Substitute|p2a: He Don't Die
|-start|p2a: He Don't Die|Substitute
|-damage|p2a: He Don't Die|26/100 tox
|move|p1a: Clefy|Moonblast|p2a: He Don't Die
|-end|p2a: He Don't Die|Substitute
|
|-heal|p2a: He Don't Die|39/100 tox|[from] ability: Poison Heal
|upkeep
|turn|151
|
|t:|1743821990
|move|p2a: He Don't Die|Protect|p2a: He Don't Die
|-singleturn|p2a: He Don't Die|Protect
|move|p1a: Clefy|Moonblast|p2a: He Don't Die
|-activate|p2a: He Don't Die|move: Protect
|
|-heal|p2a: He Don't Die|51/100 tox|[from] ability: Poison Heal
|upkeep
|turn|152
|
|t:|1743821995
|move|p2a: He Don't Die|Substitute|p2a: He Don't Die
|-start|p2a: He Don't Die|Substitute
|-damage|p2a: He Don't Die|26/100 tox
|move|p1a: Clefy|Knock Off|p2a: He Don't Die
|-activate|p2a: He Don't Die|move: Substitute|[damage]
|
|-heal|p2a: He Don't Die|39/100 tox|[from] ability: Poison Heal
|upkeep
|turn|153
|
|t:|1743821997
|move|p2a: He Don't Die|Earthquake|p1a: Clefy
|-damage|p1a: Clefy|65/100
|move|p1a: Clefy|Moonblast|p2a: He Don't Die
|-end|p2a: He Don't Die|Substitute
|
|-heal|p2a: He Don't Die|51/100 tox|[from] ability: Poison Heal
|upkeep
|turn|154
|
|t:|1743822003
|move|p2a: He Don't Die|Substitute|p2a: He Don't Die
|-start|p2a: He Don't Die|Substitute
|-damage|p2a: He Don't Die|26/100 tox
|move|p1a: Clefy|Moonblast|p2a: He Don't Die
|-end|p2a: He Don't Die|Substitute
|
|-heal|p2a: He Don't Die|39/100 tox|[from] ability: Poison Heal
|upkeep
|turn|155
|
|t:|1743822005
|move|p2a: He Don't Die|Protect|p2a: He Don't Die
|-singleturn|p2a: He Don't Die|Protect
|move|p1a: Clefy|Moonblast|p2a: He Don't Die
|-activate|p2a: He Don't Die|move: Protect
|
|-heal|p2a: He Don't Die|51/100 tox|[from] ability: Poison Heal
|upkeep
|turn|156
|
|t:|1743822008
|move|p2a: He Don't Die|Substitute|p2a: He Don't Die
|-start|p2a: He Don't Die|Substitute
|-damage|p2a: He Don't Die|26/100 tox
|move|p1a: Clefy|Moonblast|p2a: He Don't Die
|-end|p2a: He Don't Die|Substitute
|
|-heal|p2a: He Don't Die|39/100 tox|[from] ability: Poison Heal
|upkeep
|turn|157
|
|t:|1743822013
|move|p2a: He Don't Die|Substitute|p2a: He Don't Die
|-start|p2a: He Don't Die|Substitute
|-damage|p2a: He Don't Die|14/100 tox
|move|p1a: Clefy|Moonlight|p1a: Clefy
|-heal|p1a: Clefy|100/100
|
|-heal|p2a: He Don't Die|26/100 tox|[from] ability: Poison Heal
|upkeep
|turn|158
|
|t:|1743822017
|switch|p1a: mmm sand|Gliscor, M|100/100 tox
|-damage|p1a: mmm sand|88/100 tox|[from] Stealth Rock
|move|p2a: He Don't Die|Protect||[still]
|-fail|p2a: He Don't Die
|
|-heal|p2a: He Don't Die|39/100 tox|[from] ability: Poison Heal
|-heal|p1a: mmm sand|100/100 tox|[from] ability: Poison Heal
|upkeep
|turn|159
|
|t:|1743822026
|switch|p2a: Forretress|Forretress, F|100/100
|move|p1a: mmm sand|Stealth Rock|p2a: Forretress
|-sidestart|p2: thathomiesapien|move: Stealth Rock
|
|upkeep
|turn|160
|
|t:|1743822044
|move|p1a: mmm sand|Stealth Rock||[still]
|-fail|p1a: mmm sand
|move|p2a: Forretress|Rapid Spin|p1a: mmm sand
|-damage|p1a: mmm sand|94/100 tox
|-boost|p2a: Forretress|spe|1
|-sideend|p2: thathomiesapien|Stealth Rock|[from] move: Rapid Spin|[of] p2a: Forretress
|
|-heal|p1a: mmm sand|100/100 tox|[from] ability: Poison Heal
|upkeep
|turn|161
|
|t:|1743822047
|move|p1a: mmm sand|Stealth Rock|p2a: Forretress
|-sidestart|p2: thathomiesapien|move: Stealth Rock
|move|p2a: Forretress|Spikes||[still]
|-fail|p2a: Forretress
|
|upkeep
|turn|162
|
|t:|1743822050
|move|p1a: mmm sand|Protect|p1a: mmm sand
|-singleturn|p1a: mmm sand|Protect
|move|p2a: Forretress|Rapid Spin|p1a: mmm sand
|-activate|p1a: mmm sand|move: Protect
|
|upkeep
|turn|163
|
|t:|1743822055
|switch|p1a: Clefy|Clefable, M|100/100
|move|p2a: Forretress|Rapid Spin|p1a: Clefy
|-damage|p1a: Clefy|92/100
|-boost|p2a: Forretress|spe|1
|-sideend|p2: thathomiesapien|Stealth Rock|[from] move: Rapid Spin|[of] p2a: Forretress
|
|upkeep
|turn|164
|inactive|thathomiesapien has 120 seconds left.
|
|t:|1743822094
|switch|p2a: Alomomola|Alomomola, F|64/100 tox
|move|p1a: Clefy|Knock Off|p2a: Alomomola
|-damage|p2a: Alomomola|59/100 tox
|
|-damage|p2a: Alomomola|53/100 tox|[from] psn
|upkeep
|turn|165
|
|t:|1743822106
|switch|p2a: Forretress|Forretress, F|100/100
|move|p1a: Clefy|Knock Off|p2a: Forretress
|-crit|p2a: Forretress
|-damage|p2a: Forretress|91/100
|
|upkeep
|turn|166
|
|t:|1743822112
|switch|p2a: Alomomola|Alomomola, F|86/100 tox
|move|p1a: Clefy|Knock Off|p2a: Alomomola
|-damage|p2a: Alomomola|80/100 tox
|
|-damage|p2a: Alomomola|74/100 tox|[from] psn
|upkeep
|turn|167
|
|t:|1743822120
|move|p1a: Clefy|Knock Off|p2a: Alomomola
|-damage|p2a: Alomomola|68/100 tox
|move|p2a: Alomomola|Wish|p2a: Alomomola
|
|-damage|p2a: Alomomola|56/100 tox|[from] psn
|upkeep
|turn|168
|
|t:|1743822126
|switch|p2a: Hurty|Arcanine-Hisui, M|37/100
|move|p1a: Clefy|Knock Off|p2a: Hurty
|-damage|p2a: Hurty|20/100
|-enditem|p2a: Hurty|Life Orb|[from] move: Knock Off|[of] p1a: Clefy
|
|-heal|p2a: Hurty|99/100|[from] move: Wish|[wisher] Alomomola
|upkeep
|turn|169
|
|t:|1743822137
|move|p1a: Clefy|Protect|p1a: Clefy
|-singleturn|p1a: Clefy|Protect
|move|p2a: Hurty|Head Smash|p1a: Clefy
|-activate|p1a: Clefy|move: Protect
|
|upkeep
|turn|170
|
|t:|1743822145
|switch|p1a: Ahsa|Dondozo, F|100/100 slp
|move|p2a: Hurty|Flare Blitz|p1a: Ahsa
|-resisted|p1a: Ahsa
|-damage|p1a: Ahsa|87/100 slp
|
|upkeep
|turn|171
|
|t:|1743822149
|switch|p2a: HeyApple|Hydrapple, F|100/100 tox
|cant|p1a: Ahsa|slp
|move|p1a: Ahsa|Sleep Talk|p1a: Ahsa
|move|p1a: Ahsa|Rest||[from] move: Sleep Talk|[still]
|-fail|p1a: Ahsa
|
|-damage|p2a: HeyApple|94/100 tox|[from] psn
|upkeep
|turn|172
|
|t:|1743822162
|switch|p1a: Neverender|Blissey, F|18/100
|move|p2a: HeyApple|Hydro Pump|p1a: Neverender
|-damage|p1a: Neverender|5/100
|
|-damage|p2a: HeyApple|82/100 tox|[from] psn
|upkeep
|turn|173
|
|t:|1743822169
|switch|p2a: Alomomola|Alomomola, F|89/100 tox
|move|p1a: Neverender|Seismic Toss|p2a: Alomomola
|-damage|p2a: Alomomola|70/100 tox
|
|-damage|p2a: Alomomola|64/100 tox|[from] psn
|upkeep
|turn|174
|
|t:|1743822176
|move|p2a: Alomomola|Flip Turn|p1a: Neverender
|-damage|p1a: Neverender|0 fnt
|faint|p1a: Neverender
|
|t:|1743822179
|switch|p2a: He Don't Die|Gliscor, M|39/100 tox|[from] Flip Turn
|
|-heal|p2a: He Don't Die|51/100 tox|[from] ability: Poison Heal
|upkeep
|
|t:|1743822186
|switch|p1a: Clefy|Clefable, M|92/100
|turn|175
|
|t:|1743822211
|move|p2a: He Don't Die|Substitute|p2a: He Don't Die
|-start|p2a: He Don't Die|Substitute
|-damage|p2a: He Don't Die|26/100 tox
|move|p1a: Clefy|Knock Off|p2a: He Don't Die
|-activate|p2a: He Don't Die|move: Substitute|[damage]
|
|-heal|p2a: He Don't Die|39/100 tox|[from] ability: Poison Heal
|upkeep
|turn|176
|
|t:|1743822215
|switch|p1a: mmm sand|Gliscor, M|100/100 tox
|-damage|p1a: mmm sand|88/100 tox|[from] Stealth Rock
|move|p2a: He Don't Die|Earthquake|p1a: mmm sand
|-immune|p1a: mmm sand
|
|-heal|p2a: He Don't Die|51/100 tox|[from] ability: Poison Heal
|-heal|p1a: mmm sand|100/100 tox|[from] ability: Poison Heal
|upkeep
|turn|177
|
|t:|1743822229
|switch|p2a: HeyApple|Hydrapple, F|100/100 tox
|move|p1a: mmm sand|Knock Off|p2a: HeyApple
|-damage|p2a: HeyApple|87/100 tox
|
|-damage|p2a: HeyApple|81/100 tox|[from] psn
|upkeep
|turn|178
|
|t:|1743822241
|move|p1a: mmm sand|Protect|p1a: mmm sand
|-singleturn|p1a: mmm sand|Protect
|move|p2a: HeyApple|Leaf Storm|p1a: mmm sand
|-activate|p1a: mmm sand|move: Protect
|
|-damage|p2a: HeyApple|68/100 tox|[from] psn
|upkeep
|turn|179
|
|t:|1743822249
|move|p1a: mmm sand|Stealth Rock|p2a: HeyApple
|-sidestart|p2: thathomiesapien|move: Stealth Rock
|move|p2a: HeyApple|Hydro Pump|p1a: mmm sand|[miss]
|-miss|p2a: HeyApple|p1a: mmm sand
|
|-damage|p2a: HeyApple|50/100 tox|[from] psn
|upkeep
|turn|180
|
|t:|1743822254
|switch|p2a: Forretress|Forretress, F|91/100
|-damage|p2a: Forretress|79/100|[from] Stealth Rock
|move|p1a: mmm sand|Protect||[still]
|-fail|p1a: mmm sand
|
|upkeep
|turn|181
|
|t:|1743822266
|move|p1a: mmm sand|Knock Off|p2a: Forretress
|-damage|p2a: Forretress|70/100
|move|p2a: Forretress|Rapid Spin|p1a: mmm sand
|-damage|p1a: mmm sand|94/100 tox
|-boost|p2a: Forretress|spe|1
|-sideend|p2: thathomiesapien|Stealth Rock|[from] move: Rapid Spin|[of] p2a: Forretress
|
|-heal|p1a: mmm sand|100/100 tox|[from] ability: Poison Heal
|upkeep
|turn|182
|
|t:|1743822272
|switch|p1a: fent goblin|Clodsire, F|100/100
|move|p2a: Forretress|Spikes||[still]
|-fail|p2a: Forretress
|
|upkeep
|turn|183
|
|t:|1743822275
|switch|p2a: He Don't Die|Gliscor, M|51/100 tox
|move|p1a: fent goblin|Earthquake|p2a: He Don't Die
|-immune|p2a: He Don't Die
|
|-heal|p2a: He Don't Die|63/100 tox|[from] ability: Poison Heal
|upkeep
|turn|184
|
|t:|1743822283
|switch|p2a: Alomomola|Alomomola, F|98/100 tox
|switch|p1a: mmm sand|Gliscor, M|100/100 tox
|-damage|p1a: mmm sand|88/100 tox|[from] Stealth Rock
|
|-heal|p1a: mmm sand|100/100 tox|[from] ability: Poison Heal
|-damage|p2a: Alomomola|91/100 tox|[from] psn
|upkeep
|turn|185
|
|t:|1743822289
|switch|p1a: fent goblin|Clodsire, F|100/100
|move|p2a: Alomomola|Flip Turn|p1a: fent goblin
|-immune|p1a: fent goblin|[from] ability: Water Absorb
|
|-damage|p2a: Alomomola|79/100 tox|[from] psn
|upkeep
|turn|186
|
|t:|1743822295
|switch|p2a: He Don't Die|Gliscor, M|63/100 tox
|move|p1a: fent goblin|Toxic|p2a: He Don't Die
|-fail|p2a: He Don't Die|tox
|
|-heal|p2a: He Don't Die|76/100 tox|[from] ability: Poison Heal
|upkeep
|turn|187
|
|t:|1743822302
|switch|p1a: mmm sand|Gliscor, M|100/100 tox
|-damage|p1a: mmm sand|88/100 tox|[from] Stealth Rock
|move|p2a: He Don't Die|Earthquake|p1a: mmm sand
|-immune|p1a: mmm sand
|
|-heal|p2a: He Don't Die|88/100 tox|[from] ability: Poison Heal
|-heal|p1a: mmm sand|100/100 tox|[from] ability: Poison Heal
|upkeep
|turn|188
|
|t:|1743822308
|switch|p2a: Forretress|Forretress, F|70/100
|move|p1a: mmm sand|Knock Off|p2a: Forretress
|-damage|p2a: Forretress|62/100
|
|upkeep
|turn|189
|
|t:|1743822313
|move|p1a: mmm sand|Knock Off|p2a: Forretress
|-damage|p2a: Forretress|52/100
|move|p2a: Forretress|Spikes||[still]
|-fail|p2a: Forretress
|
|upkeep
|turn|190
|
|t:|1743822317
|move|p1a: mmm sand|Knock Off|p2a: Forretress
|-damage|p2a: Forretress|44/100
|move|p2a: Forretress|Spikes||[still]
|-fail|p2a: Forretress
|
|upkeep
|turn|191
|
|t:|1743822319
|switch|p2a: Alomomola|Alomomola, F|100/100 tox
|move|p1a: mmm sand|Stealth Rock|p2a: Alomomola
|-sidestart|p2: thathomiesapien|move: Stealth Rock
|
|-damage|p2a: Alomomola|94/100 tox|[from] psn
|upkeep
|turn|192
|
|t:|1743822325
|move|p1a: mmm sand|Protect|p1a: mmm sand
|-singleturn|p1a: mmm sand|Protect
|move|p2a: Alomomola|Wish|p2a: Alomomola
|
|-damage|p2a: Alomomola|82/100 tox|[from] psn
|upkeep
|turn|193
|
|t:|1743822330
|switch|p1a: fent goblin|Clodsire, F|100/100
|switch|p2a: Forretress|Forretress, F|44/100
|-damage|p2a: Forretress|32/100|[from] Stealth Rock
|
|-heal|p2a: Forretress|100/100|[from] move: Wish|[wisher] Alomomola
|upkeep
|turn|194
|
|t:|1743822338
|switch|p1a: mmm sand|Gliscor, M|100/100 tox
|-damage|p1a: mmm sand|88/100 tox|[from] Stealth Rock
|move|p2a: Forretress|Rapid Spin|p1a: mmm sand
|-damage|p1a: mmm sand|81/100 tox
|-boost|p2a: Forretress|spe|1
|-sideend|p2: thathomiesapien|Stealth Rock|[from] move: Rapid Spin|[of] p2a: Forretress
|
|-heal|p1a: mmm sand|94/100 tox|[from] ability: Poison Heal
|upkeep
|turn|195
|
|t:|1743822342
|move|p1a: mmm sand|Knock Off|p2a: Forretress
|-damage|p2a: Forretress|92/100
|move|p2a: Forretress|Spikes||[still]
|-fail|p2a: Forretress
|
|-heal|p1a: mmm sand|100/100 tox|[from] ability: Poison Heal
|upkeep
|turn|196
|
|t:|1743822352
|move|p1a: mmm sand|Knock Off|p2a: Forretress
|-damage|p2a: Forretress|84/100
|move|p2a: Forretress|Spikes||[still]
|-fail|p2a: Forretress
|
|upkeep
|turn|197
|
|t:|1743822355
|move|p1a: mmm sand|Stealth Rock|p2a: Forretress
|-sidestart|p2: thathomiesapien|move: Stealth Rock
|move|p2a: Forretress|Spikes||[still]
|-fail|p2a: Forretress
|
|upkeep
|turn|198
|
|t:|1743822359
|move|p1a: mmm sand|Protect|p1a: mmm sand
|-singleturn|p1a: mmm sand|Protect
|move|p2a: Forretress|Rapid Spin|p1a: mmm sand
|-activate|p1a: mmm sand|move: Protect
|
|upkeep
|turn|199
|
|t:|1743822363
|move|p1a: mmm sand|Knock Off|p2a: Forretress
|-damage|p2a: Forretress|76/100
|move|p2a: Forretress|Rapid Spin|p1a: mmm sand
|-damage|p1a: mmm sand|93/100 tox
|-boost|p2a: Forretress|spe|1
|-sideend|p2: thathomiesapien|Stealth Rock|[from] move: Rapid Spin|[of] p2a: Forretress
|
|-heal|p1a: mmm sand|100/100 tox|[from] ability: Poison Heal
|upkeep
|turn|200
|
|t:|1743822367
|move|p2a: Forretress|Stealth Rock||[still]
|-fail|p2a: Forretress
|move|p1a: mmm sand|Stealth Rock|p2a: Forretress
|-sidestart|p2: thathomiesapien|move: Stealth Rock
|
|upkeep
|turn|201
|
|t:|1743822369
|move|p1a: mmm sand|Protect|p1a: mmm sand
|-singleturn|p1a: mmm sand|Protect
|move|p2a: Forretress|Rapid Spin|p1a: mmm sand
|-activate|p1a: mmm sand|move: Protect
|
|upkeep
|turn|202
|
|t:|1743822370
|move|p2a: Forretress|Rapid Spin|p1a: mmm sand
|-damage|p1a: mmm sand|94/100 tox
|-boost|p2a: Forretress|spe|1
|-sideend|p2: thathomiesapien|Stealth Rock|[from] move: Rapid Spin|[of] p2a: Forretress
|move|p1a: mmm sand|Knock Off|p2a: Forretress
|-damage|p2a: Forretress|67/100
|
|-heal|p1a: mmm sand|100/100 tox|[from] ability: Poison Heal
|upkeep
|turn|203
|
|t:|1743822373
|move|p2a: Forretress|Stealth Rock||[still]
|-fail|p2a: Forretress
|move|p1a: mmm sand|Knock Off|p2a: Forretress
|-damage|p2a: Forretress|59/100
|
|upkeep
|turn|204
|
|t:|1743822377
|switch|p2a: Alomomola|Alomomola, F|100/100 tox
|move|p1a: mmm sand|Stealth Rock|p2a: Alomomola
|-sidestart|p2: thathomiesapien|move: Stealth Rock
|
|-damage|p2a: Alomomola|94/100 tox|[from] psn
|upkeep
|turn|205
|
|t:|1743822382
|switch|p1a: fent goblin|Clodsire, F|100/100
|move|p2a: Alomomola|Wish|p2a: Alomomola
|
|-damage|p2a: Alomomola|82/100 tox|[from] psn
|upkeep
|turn|206
|
|t:|1743822386
|switch|p2a: Forretress|Forretress, F|59/100
|-damage|p2a: Forretress|46/100|[from] Stealth Rock
|move|p1a: fent goblin|Earthquake|p2a: Forretress
|-damage|p2a: Forretress|30/100
|
|-heal|p2a: Forretress|100/100|[from] move: Wish|[wisher] Alomomola
|upkeep
|turn|207
|
|t:|1743822394
|switch|p1a: mmm sand|Gliscor, M|100/100 tox
|-damage|p1a: mmm sand|88/100 tox|[from] Stealth Rock
|move|p2a: Forretress|Rapid Spin|p1a: mmm sand
|-damage|p1a: mmm sand|81/100 tox
|-boost|p2a: Forretress|spe|1
|-sideend|p2: thathomiesapien|Stealth Rock|[from] move: Rapid Spin|[of] p2a: Forretress
|
|-heal|p1a: mmm sand|94/100 tox|[from] ability: Poison Heal
|upkeep
|turn|208
|
|t:|1743822401
|move|p1a: mmm sand|Knock Off|p2a: Forretress
|-damage|p2a: Forretress|92/100
|move|p2a: Forretress|Stealth Rock||[still]
|-fail|p2a: Forretress
|
|-heal|p1a: mmm sand|100/100 tox|[from] ability: Poison Heal
|upkeep
|turn|209
|
|t:|1743822402
|move|p1a: mmm sand|Knock Off|p2a: Forretress
|-damage|p2a: Forretress|83/100
|move|p2a: Forretress|Stealth Rock||[still]
|-fail|p2a: Forretress
|
|upkeep
|turn|210
|
|t:|1743822404
|move|p1a: mmm sand|Knock Off|p2a: Forretress
|-damage|p2a: Forretress|74/100
|move|p2a: Forretress|Spikes||[still]
|-fail|p2a: Forretress
|
|upkeep
|turn|211
|
|t:|1743822410
|move|p1a: mmm sand|Knock Off|p2a: Forretress
|-damage|p2a: Forretress|65/100
|move|p2a: Forretress|Stealth Rock||[still]
|-fail|p2a: Forretress
|
|upkeep
|turn|212
|
|t:|1743822413
|move|p1a: mmm sand|Stealth Rock|p2a: Forretress
|-sidestart|p2: thathomiesapien|move: Stealth Rock
|move|p2a: Forretress|Spikes||[still]
|-fail|p2a: Forretress
|
|upkeep
|turn|213
|
|t:|1743822416
|move|p1a: mmm sand|Knock Off|p2a: Forretress
|-damage|p2a: Forretress|56/100
|move|p2a: Forretress|Rapid Spin|p1a: mmm sand
|-damage|p1a: mmm sand|94/100 tox
|-boost|p2a: Forretress|spe|1
|-sideend|p2: thathomiesapien|Stealth Rock|[from] move: Rapid Spin|[of] p2a: Forretress
|
|-heal|p1a: mmm sand|100/100 tox|[from] ability: Poison Heal
|upkeep
|turn|214
|
|t:|1743822419
|move|p2a: Forretress|Spikes||[still]
|-fail|p2a: Forretress
|move|p1a: mmm sand|Stealth Rock|p2a: Forretress
|-sidestart|p2: thathomiesapien|move: Stealth Rock
|
|upkeep
|turn|215
|
|t:|1743822421
|move|p2a: Forretress|Rapid Spin|p1a: mmm sand
|-damage|p1a: mmm sand|94/100 tox
|-boost|p2a: Forretress|spe|1
|-sideend|p2: thathomiesapien|Stealth Rock|[from] move: Rapid Spin|[of] p2a: Forretress
|move|p1a: mmm sand|Knock Off|p2a: Forretress
|-damage|p2a: Forretress|47/100
|
|-heal|p1a: mmm sand|100/100 tox|[from] ability: Poison Heal
|upkeep
|turn|216
|
|t:|1743822427
|switch|p2a: Alomomola|Alomomola, F|100/100 tox
|move|p1a: mmm sand|Knock Off|p2a: Alomomola
|-damage|p2a: Alomomola|92/100 tox
|
|-damage|p2a: Alomomola|86/100 tox|[from] psn
|upkeep
|turn|217
|
|t:|1743822431
|move|p1a: mmm sand|Stealth Rock|p2a: Alomomola
|-sidestart|p2: thathomiesapien|move: Stealth Rock
|move|p2a: Alomomola|Wish|p2a: Alomomola
|
|-damage|p2a: Alomomola|74/100 tox|[from] psn
|upkeep
|turn|218
|
|t:|1743822434
|switch|p1a: fent goblin|Clodsire, F|100/100
|switch|p2a: Forretress|Forretress, F|47/100
|-damage|p2a: Forretress|35/100|[from] Stealth Rock
|
|-heal|p2a: Forretress|100/100|[from] move: Wish|[wisher] Alomomola
|upkeep
|turn|219
|
|t:|1743822436
|move|p2a: Forretress|Rapid Spin|p1a: fent goblin
|-damage|p1a: fent goblin|93/100
|-boost|p2a: Forretress|spe|1
|-sideend|p2: thathomiesapien|Stealth Rock|[from] move: Rapid Spin|[of] p2a: Forretress
|move|p1a: fent goblin|Earthquake|p2a: Forretress
|-damage|p2a: Forretress|83/100
|
|upkeep
|turn|220
|
|t:|1743822452
|switch|p2a: He Don't Die|Gliscor, M|88/100 tox
|move|p1a: fent goblin|Protect||[still]
|-fail|p1a: fent goblin
|
|-heal|p2a: He Don't Die|100/100 tox|[from] ability: Poison Heal
|upkeep
|turn|221
|
|t:|1743822457
|switch|p2a: Forretress|Forretress, F|83/100
|switch|p1a: mmm sand|Gliscor, M|100/100 tox
|-damage|p1a: mmm sand|88/100 tox|[from] Stealth Rock
|
|-heal|p1a: mmm sand|100/100 tox|[from] ability: Poison Heal
|upkeep
|turn|222
|
|t:|1743822461
|move|p1a: mmm sand|Knock Off|p2a: Forretress
|-damage|p2a: Forretress|74/100
|move|p2a: Forretress|Spikes||[still]
|-fail|p2a: Forretress
|
|upkeep
|turn|223
|
|t:|1743822463
|move|p1a: mmm sand|Stealth Rock|p2a: Forretress
|-sidestart|p2: thathomiesapien|move: Stealth Rock
|move|p2a: Forretress|Spikes||[still]
|-fail|p2a: Forretress
|
|upkeep
|turn|224
|
|t:|1743822465
|move|p1a: mmm sand|Knock Off|p2a: Forretress
|-damage|p2a: Forretress|65/100
|move|p2a: Forretress|Rapid Spin|p1a: mmm sand
|-damage|p1a: mmm sand|94/100 tox
|-boost|p2a: Forretress|spe|1
|-sideend|p2: thathomiesapien|Stealth Rock|[from] move: Rapid Spin|[of] p2a: Forretress
|
|-heal|p1a: mmm sand|100/100 tox|[from] ability: Poison Heal
|upkeep
|turn|225
|
|t:|1743822473
|move|p1a: mmm sand|Stealth Rock|p2a: Forretress
|-sidestart|p2: thathomiesapien|move: Stealth Rock
|move|p2a: Forretress|Spikes||[still]
|-fail|p2a: Forretress
|
|upkeep
|turn|226
|
|t:|1743822475
|move|p1a: mmm sand|Knock Off|p2a: Forretress
|-damage|p2a: Forretress|57/100
|move|p2a: Forretress|Rapid Spin|p1a: mmm sand
|-damage|p1a: mmm sand|94/100 tox
|-boost|p2a: Forretress|spe|1
|-sideend|p2: thathomiesapien|Stealth Rock|[from] move: Rapid Spin|[of] p2a: Forretress
|
|-heal|p1a: mmm sand|100/100 tox|[from] ability: Poison Heal
|upkeep
|turn|227
|
|t:|1743822478
|switch|p1a: fent goblin|Clodsire, F|93/100
|move|p2a: Forretress|Stealth Rock||[still]
|-fail|p2a: Forretress
|
|upkeep
|turn|228
|
|t:|1743822488
|switch|p2a: Alomomola|Alomomola, F|100/100 tox
|move|p1a: fent goblin|Earthquake|p2a: Alomomola
|-damage|p2a: Alomomola|85/100 tox
|
|-damage|p2a: Alomomola|79/100 tox|[from] psn
|upkeep
|turn|229
|
|t:|1743822497
|switch|p2a: He Don't Die|Gliscor, M|100/100 tox
|move|p1a: fent goblin|Protect||[still]
|-fail|p1a: fent goblin
|
|upkeep
|turn|230
|
|t:|1743822506
|switch|p2a: HeyApple|Hydrapple, F|83/100 tox
|switch|p1a: mmm sand|Gliscor, M|100/100 tox
|-damage|p1a: mmm sand|88/100 tox|[from] Stealth Rock
|
|-heal|p1a: mmm sand|100/100 tox|[from] ability: Poison Heal
|-damage|p2a: HeyApple|77/100 tox|[from] psn
|upkeep
|turn|231
|
|t:|1743822517
|move|p1a: mmm sand|Protect|p1a: mmm sand
|-singleturn|p1a: mmm sand|Protect
|move|p2a: HeyApple|Hydro Pump|p1a: mmm sand
|-activate|p1a: mmm sand|move: Protect
|
|-damage|p2a: HeyApple|64/100 tox|[from] psn
|upkeep
|turn|232
|
|t:|1743822525
|switch|p1a: fent goblin|Clodsire, F|93/100
|move|p2a: HeyApple|Hydro Pump|p1a: fent goblin
|-heal|p1a: fent goblin|100/100|[from] ability: Water Absorb|[of] p2a: HeyApple
|
|-damage|p2a: HeyApple|46/100 tox|[from] psn
|upkeep
|turn|233
|
|t:|1743822530
|switch|p2a: Alomomola|Alomomola, F|100/100 tox
|move|p1a: fent goblin|Protect||[still]
|-fail|p1a: fent goblin
|
|-damage|p2a: Alomomola|94/100 tox|[from] psn
|upkeep
|turn|234
|
|t:|1743822534
|switch|p2a: HeyApple|Hydrapple, F|79/100 tox
|switch|p1a: mmm sand|Gliscor, M|100/100 tox
|-damage|p1a: mmm sand|88/100 tox|[from] Stealth Rock
|
|-heal|p1a: mmm sand|100/100 tox|[from] ability: Poison Heal
|-damage|p2a: HeyApple|73/100 tox|[from] psn
|upkeep
|turn|235
|
|t:|1743822541
|move|p1a: mmm sand|Protect|p1a: mmm sand
|-singleturn|p1a: mmm sand|Protect
|move|p2a: HeyApple|Fickle Beam|p1a: mmm sand
|-activate|p1a: mmm sand|move: Protect
|
|-damage|p2a: HeyApple|60/100 tox|[from] psn
|upkeep
|turn|236
|
|t:|1743822549
|move|p1a: mmm sand|Stealth Rock|p2a: HeyApple
|-sidestart|p2: thathomiesapien|move: Stealth Rock
|move|p2a: HeyApple|Leaf Storm|p1a: mmm sand
|-damage|p1a: mmm sand|17/100 tox
|-unboost|p2a: HeyApple|spa|2
|
|-heal|p1a: mmm sand|29/100 tox|[from] ability: Poison Heal
|-damage|p2a: HeyApple|42/100 tox|[from] psn
|upkeep
|turn|237
|
|t:|1743822558
|switch|p2a: Forretress|Forretress, F|57/100
|-damage|p2a: Forretress|44/100|[from] Stealth Rock
|move|p1a: mmm sand|Protect||[still]
|-fail|p1a: mmm sand
|
|-heal|p1a: mmm sand|42/100 tox|[from] ability: Poison Heal
|upkeep
|turn|238
|
|t:|1743822565
|move|p1a: mmm sand|Knock Off|p2a: Forretress
|-damage|p2a: Forretress|36/100
|move|p2a: Forretress|Rapid Spin|p1a: mmm sand
|-damage|p1a: mmm sand|36/100 tox
|-boost|p2a: Forretress|spe|1
|-sideend|p2: thathomiesapien|Stealth Rock|[from] move: Rapid Spin|[of] p2a: Forretress
|
|-heal|p1a: mmm sand|48/100 tox|[from] ability: Poison Heal
|upkeep
|turn|239
|
|t:|1743822569
|switch|p2a: Alomomola|Alomomola, F|100/100 tox
|move|p1a: mmm sand|Knock Off|p2a: Alomomola
|-damage|p2a: Alomomola|93/100 tox
|
|-heal|p1a: mmm sand|61/100 tox|[from] ability: Poison Heal
|-damage|p2a: Alomomola|87/100 tox|[from] psn
|upkeep
|turn|240
|
|t:|1743822574
|switch|p2a: Forretress|Forretress, F|36/100
|move|p1a: mmm sand|Protect||[still]
|-fail|p1a: mmm sand
|
|-heal|p1a: mmm sand|73/100 tox|[from] ability: Poison Heal
|upkeep
|turn|241
|
|t:|1743822578
|switch|p2a: Alomomola|Alomomola, F|100/100 tox
|move|p1a: mmm sand|Stealth Rock|p2a: Alomomola
|-sidestart|p2: thathomiesapien|move: Stealth Rock
|
|-heal|p1a: mmm sand|86/100 tox|[from] ability: Poison Heal
|-damage|p2a: Alomomola|94/100 tox|[from] psn
|upkeep
|turn|242
|
|t:|1743822584
|move|p1a: mmm sand|Knock Off|p2a: Alomomola
|-crit|p2a: Alomomola
|-damage|p2a: Alomomola|82/100 tox
|move|p2a: Alomomola|Flip Turn|p1a: mmm sand
|-supereffective|p1a: mmm sand
|-damage|p1a: mmm sand|66/100 tox
|
|t:|1743822587
|switch|p2a: Forretress|Forretress, F|36/100|[from] Flip Turn
|-damage|p2a: Forretress|23/100|[from] Stealth Rock
|
|-heal|p1a: mmm sand|79/100 tox|[from] ability: Poison Heal
|upkeep
|turn|243
|
|t:|1743822593
|switch|p1a: fent goblin|Clodsire, F|100/100
|move|p2a: Forretress|Rapid Spin|p1a: fent goblin
|-damage|p1a: fent goblin|93/100
|-boost|p2a: Forretress|spe|1
|-sideend|p2: thathomiesapien|Stealth Rock|[from] move: Rapid Spin|[of] p2a: Forretress
|
|upkeep
|turn|244
|
|t:|1743822600
|switch|p2a: He Don't Die|Gliscor, M|100/100 tox
|move|p1a: fent goblin|Earthquake|p2a: He Don't Die
|-immune|p2a: He Don't Die
|
|upkeep
|turn|245
|
|t:|1743822607
|switch|p1a: mmm sand|Gliscor, M|79/100 tox
|-damage|p1a: mmm sand|66/100 tox|[from] Stealth Rock
|move|p2a: He Don't Die|Earthquake|p1a: mmm sand
|-immune|p1a: mmm sand
|
|-heal|p1a: mmm sand|79/100 tox|[from] ability: Poison Heal
|upkeep
|turn|246
|
|t:|1743822614
|switch|p2a: Alomomola|Alomomola, F|100/100 tox
|move|p1a: mmm sand|Stealth Rock|p2a: Alomomola
|-sidestart|p2: thathomiesapien|move: Stealth Rock
|
|-heal|p1a: mmm sand|91/100 tox|[from] ability: Poison Heal
|-damage|p2a: Alomomola|94/100 tox|[from] psn
|upkeep
|turn|247
|
|t:|1743822619
|switch|p1a: fent goblin|Clodsire, F|93/100
|switch|p2a: Forretress|Forretress, F|23/100
|-damage|p2a: Forretress|11/100|[from] Stealth Rock
|
|upkeep
|turn|248
|
|t:|1743822622
|move|p2a: Forretress|Rapid Spin|p1a: fent goblin
|-damage|p1a: fent goblin|85/100
|-boost|p2a: Forretress|spe|1
|-sideend|p2: thathomiesapien|Stealth Rock|[from] move: Rapid Spin|[of] p2a: Forretress
|move|p1a: fent goblin|Earthquake|p2a: Forretress
|-damage|p2a: Forretress|0 fnt
|faint|p2a: Forretress
|
|upkeep
|
|t:|1743822633
|switch|p2a: He Don't Die|Gliscor, M|100/100 tox
|turn|249
|
|t:|1743822636
|switch|p1a: mmm sand|Gliscor, M|91/100 tox
|-damage|p1a: mmm sand|79/100 tox|[from] Stealth Rock
|move|p2a: He Don't Die|Earthquake|p1a: mmm sand
|-immune|p1a: mmm sand
|
|-heal|p1a: mmm sand|91/100 tox|[from] ability: Poison Heal
|upkeep
|turn|250
|
|t:|1743822641
|switch|p2a: Alomomola|Alomomola, F|100/100 tox
|move|p1a: mmm sand|Toxic|p2a: Alomomola
|-fail|p2a: Alomomola|tox
|
|-heal|p1a: mmm sand|100/100 tox|[from] ability: Poison Heal
|-damage|p2a: Alomomola|94/100 tox|[from] psn
|upkeep
|turn|251
|
|t:|1743822647
|switch|p1a: fent goblin|Clodsire, F|85/100
|switch|p2a: HeyApple|Hydrapple, F|75/100 tox
|
|-damage|p2a: HeyApple|69/100 tox|[from] psn
|upkeep
|turn|252
|
|t:|1743822651
|move|p1a: fent goblin|Protect|p1a: fent goblin
|-singleturn|p1a: fent goblin|Protect
|move|p2a: HeyApple|Fickle Beam|p1a: fent goblin
|-activate|p1a: fent goblin|move: Protect
|
|-damage|p2a: HeyApple|56/100 tox|[from] psn
|upkeep
|turn|253
|
|t:|1743822657
|switch|p1a: Clefy|Clefable, M|92/100
|move|p2a: HeyApple|Draco Meteor|p1a: Clefy
|-immune|p1a: Clefy
|
|-damage|p2a: HeyApple|38/100 tox|[from] psn
|upkeep
|turn|254
|
|t:|1743822663
|switch|p2a: He Don't Die|Gliscor, M|100/100 tox
|move|p1a: Clefy|Moonblast|p2a: He Don't Die
|-damage|p2a: He Don't Die|64/100 tox
|
|-heal|p2a: He Don't Die|76/100 tox|[from] ability: Poison Heal
|upkeep
|turn|255
|
|t:|1743822675
|move|p1a: Clefy|Protect|p1a: Clefy
|-singleturn|p1a: Clefy|Protect
|move|p2a: He Don't Die|Toxic|p1a: Clefy
|-activate|p1a: Clefy|move: Protect
|
|-heal|p2a: He Don't Die|89/100 tox|[from] ability: Poison Heal
|upkeep
|turn|256
|
|t:|1743822685
|move|p2a: He Don't Die|Toxic|p1a: Clefy
|-status|p1a: Clefy|tox
|move|p1a: Clefy|Knock Off|p2a: He Don't Die
|-damage|p2a: He Don't Die|83/100 tox
|
|-heal|p2a: He Don't Die|96/100 tox|[from] ability: Poison Heal
|upkeep
|turn|257
|
|t:|1743822689
|move|p2a: He Don't Die|Toxic|p1a: Clefy
|-fail|p1a: Clefy|tox
|move|p1a: Clefy|Knock Off|p2a: He Don't Die
|-damage|p2a: He Don't Die|90/100 tox
|
|-heal|p2a: He Don't Die|100/100 tox|[from] ability: Poison Heal
|upkeep
|turn|258
|
|t:|1743822694
|switch|p2a: Alomomola|Alomomola, F|100/100 tox
|move|p1a: Clefy|Knock Off|p2a: Alomomola
|-damage|p2a: Alomomola|95/100 tox
|
|-damage|p2a: Alomomola|89/100 tox|[from] psn
|upkeep
|turn|259
|
|t:|1743822702
|switch|p1a: fent goblin|Clodsire, F|85/100
|move|p2a: Alomomola|Flip Turn|p1a: fent goblin
|-heal|p1a: fent goblin|100/100|[from] ability: Water Absorb|[of] p2a: Alomomola
|
|-damage|p2a: Alomomola|77/100 tox|[from] psn
|upkeep
|turn|260
|
|t:|1743822705
|switch|p2a: He Don't Die|Gliscor, M|100/100 tox
|move|p1a: fent goblin|Toxic|p2a: He Don't Die
|-fail|p2a: He Don't Die|tox
|
|upkeep
|turn|261
|
|t:|1743822716
|switch|p2a: HeyApple|Hydrapple, F|71/100 tox
|switch|p1a: Ahsa|Dondozo, F|87/100 slp
|
|-damage|p2a: HeyApple|65/100 tox|[from] psn
|upkeep
|turn|262
|
|t:|1743822742
|switch|p2a: Alomomola|Alomomola, F|100/100 tox
|switch|p1a: Clefy|Clefable, M|92/100 tox
|
|-damage|p2a: Alomomola|94/100 tox|[from] psn
|upkeep
|turn|263
|inactive|thathomiesapien has 120 seconds left.
|
|t:|1743822750
|switch|p2a: HeyApple|Hydrapple, F|98/100 tox
|move|p1a: Clefy|Knock Off|p2a: HeyApple
|-damage|p2a: HeyApple|89/100 tox
|
|-damage|p2a: HeyApple|83/100 tox|[from] psn
|upkeep
|turn|264
|
|t:|1743822756
|switch|p2a: Alomomola|Alomomola, F|100/100 tox
|move|p1a: Clefy|Protect||[still]
|-fail|p1a: Clefy
|
|-damage|p2a: Alomomola|94/100 tox|[from] psn
|upkeep
|turn|265
|
|t:|1743822761
|switch|p2a: He Don't Die|Gliscor, M|100/100 tox
|move|p1a: Clefy|Knock Off|p2a: He Don't Die
|-damage|p2a: He Don't Die|94/100 tox
|
|-heal|p2a: He Don't Die|100/100 tox|[from] ability: Poison Heal
|upkeep
|turn|266
|
|t:|1743822771
|switch|p1a: Ahsa|Dondozo, F|87/100 slp
|move|p2a: He Don't Die|Earthquake|p1a: Ahsa
|-damage|p1a: Ahsa|72/100 slp
|
|upkeep
|turn|267
|
|t:|1743822775
|switch|p2a: HeyApple|Hydrapple, F|100/100 tox
|-curestatus|p1a: Ahsa|slp|[msg]
|move|p1a: Ahsa|Curse|p1a: Ahsa
|-unboost|p1a: Ahsa|spe|1
|-boost|p1a: Ahsa|atk|1
|-boost|p1a: Ahsa|def|1
|
|-damage|p2a: HeyApple|94/100 tox|[from] psn
|upkeep
|turn|268
|
|t:|1743822783
|switch|p1a: Clefy|Clefable, M|92/100 tox
|move|p2a: HeyApple|Hydro Pump|p1a: Clefy
|-damage|p1a: Clefy|57/100 tox
|
|-damage|p2a: HeyApple|82/100 tox|[from] psn
|upkeep
|turn|269
|
|t:|1743822788
|switch|p2a: Hurty|Arcanine-Hisui, M|99/100
|move|p1a: Clefy|Moonlight|p1a: Clefy
|-heal|p1a: Clefy|100/100 tox
|
|upkeep
|turn|270
|
|t:|1743822796
|switch|p1a: Ahsa|Dondozo, F|72/100
|move|p2a: Hurty|Head Smash|p1a: Ahsa
|-damage|p1a: Ahsa|36/100
|
|upkeep
|turn|271
|
|t:|1743822800
|switch|p2a: HeyApple|Hydrapple, F|100/100 tox
|move|p1a: Ahsa|Rest|p1a: Ahsa
|-status|p1a: Ahsa|slp|[from] move: Rest
|-heal|p1a: Ahsa|100/100 slp|[silent]
|
|-damage|p2a: HeyApple|94/100 tox|[from] psn
|upkeep
|turn|272
|
|t:|1743822809
|switch|p2a: Alomomola|Alomomola, F|100/100 tox
|switch|p1a: Clefy|Clefable, M|100/100 tox
|
|-damage|p2a: Alomomola|94/100 tox|[from] psn
|upkeep
|turn|273
|inactive|thathomiesapien has 120 seconds left.
|
|t:|1743822821
|switch|p1a: fent goblin|Clodsire, F|100/100
|switch|p2a: He Don't Die|Gliscor, M|100/100 tox
|
|upkeep
|turn|274
|
|t:|1743822824
|switch|p1a: mmm sand|Gliscor, M|100/100 tox
|-damage|p1a: mmm sand|88/100 tox|[from] Stealth Rock
|move|p2a: He Don't Die|Earthquake|p1a: mmm sand
|-immune|p1a: mmm sand
|
|-heal|p1a: mmm sand|100/100 tox|[from] ability: Poison Heal
|upkeep
|turn|275
|
|t:|1743822830
|switch|p2a: Alomomola|Alomomola, F|100/100 tox
|switch|p1a: Ahsa|Dondozo, F|100/100 slp
|
|-damage|p2a: Alomomola|94/100 tox|[from] psn
|upkeep
|turn|276
|
|t:|1743822836
|switch|p2a: HeyApple|Hydrapple, F|100/100 tox
|switch|p1a: fent goblin|Clodsire, F|100/100
|
|-damage|p2a: HeyApple|94/100 tox|[from] psn
|upkeep
|turn|277
|
|t:|1743822846
|switch|p2a: He Don't Die|Gliscor, M|100/100 tox
|switch|p1a: Clefy|Clefable, M|100/100 tox
|
|upkeep
|turn|278
|
|t:|1743822850
|switch|p2a: Alomomola|Alomomola, F|100/100 tox
|switch|p1a: mmm sand|Gliscor, M|100/100 tox
|-damage|p1a: mmm sand|88/100 tox|[from] Stealth Rock
|
|-heal|p1a: mmm sand|100/100 tox|[from] ability: Poison Heal
|-damage|p2a: Alomomola|94/100 tox|[from] psn
|upkeep
|turn|279
|
|t:|1743822859
|switch|p1a: fent goblin|Clodsire, F|100/100
|move|p2a: Alomomola|Flip Turn|p1a: fent goblin
|-immune|p1a: fent goblin|[from] ability: Water Absorb
|
|-damage|p2a: Alomomola|82/100 tox|[from] psn
|upkeep
|turn|280
|
|t:|1743822868
|switch|p2a: He Don't Die|Gliscor, M|100/100 tox
|move|p1a: fent goblin|Earthquake|p2a: He Don't Die
|-immune|p2a: He Don't Die
|
|upkeep
|turn|281
|inactive|thathomiesapien has 90 seconds left.
|inactive|thathomiesapien has 60 seconds left.
thathomiesapien is offering a tie.
|
|t:|1743822952
|switch|p2a: HeyApple|Hydrapple, F|100/100 tox
|switch|p1a: mmm sand|Gliscor, M|100/100 tox
|-damage|p1a: mmm sand|88/100 tox|[from] Stealth Rock
|
|-heal|p1a: mmm sand|100/100 tox|[from] ability: Poison Heal
|-damage|p2a: HeyApple|94/100 tox|[from] psn
|upkeep
|turn|282
|c|☆memer_is_a_slur|your weakness disgusts me
|inactive|thathomiesapien has 30 seconds left.
|c|☆thathomiesapien|Im supposed to see the minecraft movie lmao
|inactive|thathomiesapien has 20 seconds left.
|inactive|memer_is_a_slur has 120 seconds left.
|c|☆memer_is_a_slur|then give me my elo
|
|t:|1743822982
|switch|p1a: Clefy|Clefable, M|100/100 tox
|move|p2a: HeyApple|Fickle Beam|p1a: Clefy
|-immune|p1a: Clefy
|
|-damage|p2a: HeyApple|82/100 tox|[from] psn
|upkeep
|turn|283
|inactive|thathomiesapien has 20 seconds left this turn.
|inactive|thathomiesapien has 15 seconds left.
|
|t:|1743822989
|switch|p2a: Hurty|Arcanine-Hisui, M|99/100
|move|p1a: Clefy|Moonblast|p2a: Hurty
|-resisted|p2a: Hurty
|-damage|p2a: Hurty|82/100
|
|upkeep
|turn|284
|inactive|thathomiesapien has 20 seconds left this turn.
|inactive|thathomiesapien has 15 seconds left.
|
|t:|1743822999
|switch|p1a: Ahsa|Dondozo, F|100/100 slp
|move|p2a: Hurty|Flare Blitz|p1a: Ahsa
|-resisted|p1a: Ahsa
|-damage|p1a: Ahsa|85/100 slp
|
|upkeep
|turn|285
|inactive|thathomiesapien has 15 seconds left this turn.
|
|t:|1743823004
|switch|p2a: Alomomola|Alomomola, F|100/100 tox
|cant|p1a: Ahsa|slp
|move|p1a: Ahsa|Sleep Talk|p1a: Ahsa
|move|p1a: Ahsa|Curse|p1a: Ahsa|[from] move: Sleep Talk
|-unboost|p1a: Ahsa|spe|1
|-boost|p1a: Ahsa|atk|1
|-boost|p1a: Ahsa|def|1
|
|-damage|p2a: Alomomola|94/100 tox|[from] psn
|upkeep
|turn|286
|inactive|thathomiesapien has 20 seconds left this turn.
|inactive|thathomiesapien has 15 seconds left.
|
|t:|1743823010
|switch|p2a: HeyApple|Hydrapple, F|100/100 tox
|cant|p1a: Ahsa|slp
|move|p1a: Ahsa|Sleep Talk|p1a: Ahsa
|move|p1a: Ahsa|Curse|p1a: Ahsa|[from] move: Sleep Talk
|-unboost|p1a: Ahsa|spe|1
|-boost|p1a: Ahsa|atk|1
|-boost|p1a: Ahsa|def|1
|
|-damage|p2a: HeyApple|94/100 tox|[from] psn
|upkeep
|turn|287
|inactive|thathomiesapien has 15 seconds left this turn.
|inactive|thathomiesapien has 10 seconds left.
|
|t:|1743823017
|switch|p2a: Alomomola|Alomomola, F|100/100 tox
|switch|p1a: Clefy|Clefable, M|100/100 tox
|
|-damage|p2a: Alomomola|94/100 tox|[from] psn
|upkeep
|turn|288
|inactive|thathomiesapien has 15 seconds left this turn.
|inactive|thathomiesapien has 10 seconds left.
|
|t:|1743823023
|switch|p1a: fent goblin|Clodsire, F|100/100
|switch|p2a: Hurty|Arcanine-Hisui, M|82/100
|
|upkeep
|turn|289
|inactive|thathomiesapien has 10 seconds left this turn.
|
|t:|1743823026
|switch|p2a: He Don't Die|Gliscor, M|100/100 tox
|switch|p1a: Ahsa|Dondozo, F|85/100 slp
|
|upkeep
|turn|290
|inactive|thathomiesapien has 15 seconds left this turn.
|
|t:|1743823030
|switch|p2a: HeyApple|Hydrapple, F|100/100 tox
|switch|p1a: mmm sand|Gliscor, M|100/100 tox
|-damage|p1a: mmm sand|88/100 tox|[from] Stealth Rock
|
|-heal|p1a: mmm sand|100/100 tox|[from] ability: Poison Heal
|-damage|p2a: HeyApple|94/100 tox|[from] psn
|upkeep
|turn|291
|inactive|thathomiesapien has 15 seconds left this turn.
|
|t:|1743823033
|switch|p1a: Clefy|Clefable, M|100/100 tox
|switch|p2a: Alomomola|Alomomola, F|100/100 tox
|
|-damage|p2a: Alomomola|94/100 tox|[from] psn
|upkeep
|turn|292
|inactive|thathomiesapien has 20 seconds left this turn.
|
|t:|1743823037
|switch|p1a: fent goblin|Clodsire, F|100/100
|switch|p2a: He Don't Die|Gliscor, M|100/100 tox
|
|upkeep
|turn|293
|inactive|thathomiesapien has 20 seconds left this turn.
|
|t:|1743823039
|switch|p2a: HeyApple|Hydrapple, F|100/100 tox
|switch|p1a: mmm sand|Gliscor, M|100/100 tox
|-damage|p1a: mmm sand|88/100 tox|[from] Stealth Rock
|
|-heal|p1a: mmm sand|100/100 tox|[from] ability: Poison Heal
|-damage|p2a: HeyApple|94/100 tox|[from] psn
|upkeep
|turn|294
|inactive|thathomiesapien has 25 seconds left this turn.
|
|t:|1743823044
|switch|p1a: Clefy|Clefable, M|100/100 tox
|switch|p2a: Alomomola|Alomomola, F|100/100 tox
|
|-damage|p2a: Alomomola|94/100 tox|[from] psn
|upkeep
|turn|295
|inactive|thathomiesapien has 25 seconds left this turn.
|inactive|thathomiesapien has 20 seconds left.
|
|t:|1743823049
|switch|p1a: fent goblin|Clodsire, F|100/100
|switch|p2a: Hurty|Arcanine-Hisui, M|82/100
|
|upkeep
|turn|296
|inactive|thathomiesapien has 25 seconds left this turn.
|
|t:|1743823053
|switch|p2a: He Don't Die|Gliscor, M|100/100 tox
|switch|p1a: Ahsa|Dondozo, F|85/100 slp
|
|upkeep
|turn|297
|inactive|thathomiesapien has 25 seconds left this turn.
|inactive|thathomiesapien has 20 seconds left.
|
|t:|1743823060
|switch|p2a: HeyApple|Hydrapple, F|100/100 tox
|switch|p1a: mmm sand|Gliscor, M|100/100 tox
|-damage|p1a: mmm sand|88/100 tox|[from] Stealth Rock
|
|-heal|p1a: mmm sand|100/100 tox|[from] ability: Poison Heal
|-damage|p2a: HeyApple|94/100 tox|[from] psn
|upkeep
|turn|298
|inactive|thathomiesapien has 25 seconds left this turn.
|inactive|thathomiesapien has 20 seconds left.
|c|☆thathomiesapien|Yeah ur right
|inactive|thathomiesapien has 15 seconds left.
|c|☆thathomiesapien|U eared it
|inactive|thathomiesapien has 10 seconds left.
|-message|thathomiesapien forfeited.
|
|win|memer_is_a_slur
|inactive|thathomiesapien has 15 seconds left this turn.
|raw|memer_is_a_slur's rating: 1323 &rarr; <strong>1342</strong><br />(+19 for winning)
|raw|thathomiesapien's rating: 1312 &rarr; <strong>1293</strong><br />(-19 for losing)
|c|☆thathomiesapien|Gg
|c|☆memer_is_a_slur|gg
|c|☆thathomiesapien|Next time
|c|☆memer_is_a_slur|perhaps
|l|☆thathomiesapien
|player|p2|
