|j|☆Edward Wang
|j|☆ThickNoodles09
|t:|1743828450
|gametype|singles
|player|p1|Edward Wang|preschooler|1136
|player|p2|ThickNoodles09|pokekid|1137
|teamsize|p1|6
|teamsize|p2|6
|gen|9
|tier|[Gen 9] OU
|rated|
|rule|HP Percentage Mod: HP is shown in percentages
|rule|Endless Battle Clause: Forcing endless battles is banned
|rule|Species Clause: Limit one of each Pokémon
|rule|OHKO Clause: OHKO moves are banned
|rule|Evasion Items Clause: Evasion items are banned
|rule|Evasion Moves Clause: Evasion moves are banned
|rule|Sleep Moves Clause: Sleep-inducing moves are banned
|clearpoke
|poke|p1|Blissey, F|
|poke|p1|Garganacl, M|
|poke|p1|Serperior, M|
|poke|p1|Dragonite, F|
|poke|p1|Great Tusk|
|poke|p1|Zapdos|
|poke|p2|Keldeo-Resolute|
|poke|p2|Meloetta|
|poke|p2|Landorus-Therian, M|
|poke|p2|Cobalion|
|poke|p2|Thundurus, M|
|poke|p2|Excadrill, M|
|teampreview
|inactive|Battle timer is ON: inactive players will automatically lose when time's up. (requested by ThickNoodles09)
|
|t:|1743828468
|start
|switch|p1a: Zapdos|Zapdos|100/100
|switch|p2a: Landorus|Landorus-Therian, M|100/100
|-ability|p2a: Landorus|Intimidate|boost
|-unboost|p1a: Zapdos|atk|1
|turn|1
|
|t:|1743828488
|-terastallize|p2a: Landorus|Ice
|move|p2a: Landorus|Tera Blast|p1a: Zapdos|[anim] Tera Blast Ice
|-supereffective|p1a: Zapdos
|-damage|p1a: Zapdos|16/100
|move|p1a: Zapdos|Heat Wave|p2a: Landorus|[miss]
|-miss|p1a: Zapdos|p2a: Landorus
|
|upkeep
|turn|2
|
|t:|1743828507
|switch|p1a: Garganacl|Garganacl, M, shiny|100/100
|-item|p1a: Garganacl|Air Balloon
|move|p2a: Landorus|Tera Blast|p1a: Garganacl|[anim] Tera Blast Ice
|-damage|p1a: Garganacl|78/100
|-enditem|p1a: Garganacl|Air Balloon
|
|upkeep
|turn|3
|
|t:|1743828511
|switch|p2a: Excadrill|Excadrill, M|100/100
|-ability|p2a: Excadrill|Mold Breaker
|move|p1a: Garganacl|Salt Cure|p2a: Excadrill
|-resisted|p2a: Excadrill
|-damage|p2a: Excadrill|96/100
|-start|p2a: Excadrill|Salt Cure
|
|-damage|p2a: Excadrill|71/100|[from] Salt Cure
|upkeep
|turn|4
|
|t:|1743828518
|move|p2a: Excadrill|Swords Dance|p2a: Excadrill
|-boost|p2a: Excadrill|atk|2
|move|p1a: Garganacl|Body Press|p2a: Excadrill
|-supereffective|p2a: Excadrill
|-damage|p2a: Excadrill|0 fnt
|faint|p2a: Excadrill
|
|upkeep
|
|t:|1743828524
|switch|p2a: Cobalion|Cobalion|100/100
|turn|5
|
|t:|1743828531
|switch|p1a: Blissey|Blissey, F, shiny|100/100
|move|p2a: Cobalion|Iron Defense|p2a: Cobalion
|-boost|p2a: Cobalion|def|2
|
|upkeep
|turn|6
|
|t:|1743828536
|move|p2a: Cobalion|Body Press|p1a: Blissey
|-supereffective|p1a: Blissey
|-damage|p1a: Blissey|0 fnt
|faint|p1a: Blissey
|
|upkeep
|
|t:|1743828542
|switch|p1a: Zapdos|Zapdos|16/100
|turn|7
|
|t:|1743828550
|move|p2a: Cobalion|Body Press|p1a: Zapdos
|-resisted|p1a: Zapdos
|-damage|p1a: Zapdos|0 fnt
|faint|p1a: Zapdos
|
|upkeep
|
|t:|1743828559
|switch|p1a: Great Tusk|Great Tusk|100/100
|-enditem|p1a: Great Tusk|Booster Energy
|-activate|p1a: Great Tusk|ability: Protosynthesis|[fromitem]
|-start|p1a: Great Tusk|protosynthesisatk
|turn|8
|
|t:|1743828567
|move|p1a: Great Tusk|Ice Spinner|p2a: Cobalion
|-resisted|p2a: Cobalion
|-damage|p2a: Cobalion|96/100
|-damage|p1a: Great Tusk|84/100|[from] item: Rocky Helmet|[of] p2a: Cobalion
|move|p2a: Cobalion|Iron Defense|p2a: Cobalion
|-boost|p2a: Cobalion|def|2
|
|upkeep
|turn|9
|
|t:|1743828570
|move|p1a: Great Tusk|Earthquake|p2a: Cobalion
|-supereffective|p2a: Cobalion
|-damage|p2a: Cobalion|73/100
|move|p2a: Cobalion|Body Press|p1a: Great Tusk
|-damage|p1a: Great Tusk|4/100
|
|upkeep
|turn|10
|
|t:|1743828590
|move|p1a: Great Tusk|Earthquake|p2a: Cobalion
|-supereffective|p2a: Cobalion
|-damage|p2a: Cobalion|49/100
|move|p2a: Cobalion|Iron Defense|p2a: Cobalion
|-boost|p2a: Cobalion|def|2
|
|upkeep
|turn|11
|
|t:|1743828598
|move|p1a: Great Tusk|Close Combat|p2a: Cobalion
|-supereffective|p2a: Cobalion
|-damage|p2a: Cobalion|28/100
|-unboost|p1a: Great Tusk|def|1
|-unboost|p1a: Great Tusk|spd|1
|-damage|p1a: Great Tusk|0 fnt|[from] item: Rocky Helmet|[of] p2a: Cobalion
|faint|p1a: Great Tusk
|-end|p1a: Great Tusk|Protosynthesis|[silent]
|move|p2a: Cobalion|Body Press|p1: Great Tusk|[notarget]
|-fail|p2a: Cobalion
|
|upkeep
|
|t:|1743828628
|switch|p1a: Serperior|Serperior, M|100/100
|turn|12
|inactive|Edward Wang has 120 seconds left.
|
|t:|1743828658
|move|p1a: Serperior|Leaf Storm|p2a: Cobalion
|-resisted|p2a: Cobalion
|-damage|p2a: Cobalion|6/100
|-boost|p1a: Serperior|spa|2
|move|p2a: Cobalion|Body Press|p1a: Serperior
|-damage|p1a: Serperior|0 fnt
|faint|p1a: Serperior
|
|upkeep
|inactive|Edward Wang has 90 seconds left.
|
|t:|1743828685
|switch|p1a: Dragonite|Dragonite, F|100/100
|turn|13
|
|t:|1743828688
|move|p1a: Dragonite|Extreme Speed|p2a: Cobalion
|-resisted|p2a: Cobalion
|-damage|p2a: Cobalion|3/100
|-damage|p1a: Dragonite|84/100|[from] item: Rocky Helmet|[of] p2a: Cobalion
|move|p2a: Cobalion|Body Press|p1a: Dragonite
|-resisted|p1a: Dragonite
|-damage|p1a: Dragonite|2/100
|
|upkeep
|turn|14
|
|t:|1743828716
|move|p1a: Dragonite|Extreme Speed|p2a: Cobalion
|-resisted|p2a: Cobalion
|-damage|p2a: Cobalion|0 fnt
|-damage|p1a: Dragonite|0 fnt|[from] item: Rocky Helmet|[of] p2a: Cobalion
|faint|p2a: Cobalion
|faint|p1a: Dragonite
|
|upkeep
|inactive|ThickNoodles09 has 120 seconds left.
|inactive|Edward Wang has 90 seconds left.
|inactive|ThickNoodles09 has 90 seconds left.
|inactive|ThickNoodles09 has 60 seconds left.
|l|☆ThickNoodles09
|inactive|ThickNoodles09 disconnected and has a minute to reconnect!
|player|p2|
|inactive|ThickNoodles09 has 30 seconds to reconnect!
|inactive|ThickNoodles09 has 20 seconds to reconnect!
|l|☆Edward Wang
|inactive|Edward Wang disconnected and has a minute to reconnect!
|player|p1|
|inactive|ThickNoodles09 has 15 seconds to reconnect!
|j|☆Edward Wang
|inactive|Edward Wang reconnected.
|player|p1|Edward Wang|preschooler|
|inactive|ThickNoodles09 has 10 seconds to reconnect!
|inactive|ThickNoodles09 has 5 seconds to reconnect!
|-message|ThickNoodles09 lost due to inactivity.
|
|win|Edward Wang
|raw|Edward Wang's rating: 1136 &rarr; <strong>1161</strong><br />(+25 for winning)
|raw|ThickNoodles09's rating: 1137 &rarr; <strong>1112</strong><br />(-25 for losing)
|j|☆ThickNoodles09
|player|p2|ThickNoodles09|pokekid|
|l|☆ThickNoodles09
|player|p2|
|l|☆Edward Wang
|player|p1|
