|j|☆the fool of april
|j|☆Proxximity9
|t:|1743841533
|gametype|singles
|player|p1|the fool of april|clown|1312
|player|p2|Proxximity9|dancer|1281
|teamsize|p1|6
|teamsize|p2|6
|gen|9
|tier|[Gen 9] OU
|rated|
|rule|HP Percentage Mod: HP is shown in percentages
|rule|Endless Battle Clause: Forcing endless battles is banned
|rule|Species Clause: Limit one of each Pokémon
|rule|OHKO Clause: OHKO moves are banned
|rule|Evasion Items Clause: Evasion items are banned
|rule|Evasion Moves Clause: Evasion moves are banned
|rule|Sleep Moves Clause: Sleep-inducing moves are banned
|clearpoke
|poke|p1|Electrode-Hisui|
|poke|p1|Corviknight, M|
|poke|p1|Pecharunt|
|poke|p1|Meloetta|
|poke|p1|Diancie|
|poke|p1|Suicune|
|poke|p2|Mamoswine, M|
|poke|p2|Cinderace, M|
|poke|p2|Glimmora, M|
|poke|p2|Ogerpon-Wellspring, F|
|poke|p2|Gholdengo|
|poke|p2|Raging Bolt|
|teampreview
|inactive|Battle timer is ON: inactive players will automatically lose when time's up. (requested by the fool of april)
|inactive|Proxximity9 has 120 seconds left.
|inactive|Proxximity9 has 90 seconds left.
|
|t:|1743841605
|start
|switch|p1a: Electrode|Electrode-Hisui|100/100
|switch|p2a: Wogerpon|Ogerpon-Wellspring, F|100/100
|turn|1
|
|t:|1743841614
|switch|p2a: HE MAD AS HELL|Raging Bolt|100/100
|-enditem|p2a: HE MAD AS HELL|Booster Energy
|-activate|p2a: HE MAD AS HELL|ability: Protosynthesis|[fromitem]
|-start|p2a: HE MAD AS HELL|protosynthesisspa
|move|p1a: Electrode|Taunt|p2a: HE MAD AS HELL
|-start|p2a: HE MAD AS HELL|move: Taunt
|
|upkeep
|turn|2
|
|t:|1743841621
|move|p1a: Electrode|Substitute|p1a: Electrode
|-start|p1a: Electrode|Substitute
|-damage|p1a: Electrode|76/100
|move|p2a: HE MAD AS HELL|Dragon Pulse|p1a: Electrode
|-end|p1a: Electrode|Substitute
|
|-heal|p1a: Electrode|82/100|[from] item: Leftovers
|upkeep
|turn|3
|
|t:|1743841625
|move|p1a: Electrode|Leech Seed|p2a: HE MAD AS HELL
|-start|p2a: HE MAD AS HELL|move: Leech Seed
|move|p2a: HE MAD AS HELL|Dragon Pulse|p1a: Electrode
|-damage|p1a: Electrode|0 fnt
|faint|p1a: Electrode
|
|-end|p2a: HE MAD AS HELL|move: Taunt
|upkeep
|
|t:|1743841633
|switch|p1a: Diancie|Diancie|100/100
|turn|4
|
|t:|1743841637
|-end|p2a: HE MAD AS HELL|Protosynthesis|[silent]
|switch|p2a: Crystal Release|Glimmora, M|100/100
|move|p1a: Diancie|Calm Mind|p1a: Diancie
|-boost|p1a: Diancie|spa|1
|-boost|p1a: Diancie|spd|1
|
|upkeep
|turn|5
|
|t:|1743841641
|move|p2a: Crystal Release|Mortal Spin|p1a: Diancie
|-damage|p1a: Diancie|96/100
|-status|p1a: Diancie|psn
|move|p1a: Diancie|Power Gem|p2a: Crystal Release
|-damage|p2a: Crystal Release|39/100
|
|-heal|p1a: Diancie|100/100 psn|[from] item: Leftovers
|-damage|p1a: Diancie|88/100 psn|[from] psn
|upkeep
|turn|6
|
|t:|1743841648
|move|p2a: Crystal Release|Stealth Rock|p1a: Diancie
|-sidestart|p1: the fool of april|move: Stealth Rock
|move|p1a: Diancie|Calm Mind|p1a: Diancie
|-boost|p1a: Diancie|spa|1
|-boost|p1a: Diancie|spd|1
|
|-heal|p1a: Diancie|94/100 psn|[from] item: Leftovers
|-damage|p1a: Diancie|82/100 psn|[from] psn
|upkeep
|turn|7
|
|t:|1743841652
|move|p2a: Crystal Release|Earth Power|p1a: Diancie
|-supereffective|p1a: Diancie
|-damage|p1a: Diancie|54/100 psn
|move|p1a: Diancie|Calm Mind|p1a: Diancie
|-boost|p1a: Diancie|spa|1
|-boost|p1a: Diancie|spd|1
|
|-heal|p1a: Diancie|60/100 psn|[from] item: Leftovers
|-damage|p1a: Diancie|48/100 psn|[from] psn
|upkeep
|turn|8
|
|t:|1743841657
|-terastallize|p1a: Diancie|Fairy
|move|p2a: Crystal Release|Earth Power|p1a: Diancie
|-damage|p1a: Diancie|38/100 psn
|move|p1a: Diancie|Draining Kiss|p2a: Crystal Release
|-resisted|p2a: Crystal Release
|-damage|p2a: Crystal Release|0 fnt
|-heal|p1a: Diancie|67/100 psn|[from] drain|[of] p2a: Crystal Release
|faint|p2a: Crystal Release
|
|-heal|p1a: Diancie|73/100 psn|[from] item: Leftovers
|-damage|p1a: Diancie|61/100 psn|[from] psn
|upkeep
|
|t:|1743841682
|switch|p2a: Silver Surfer|Gholdengo, shiny|100/100
|turn|9
|
|t:|1743841695
|move|p2a: Silver Surfer|Make It Rain|p1a: Diancie
|-supereffective|p1a: Diancie
|-damage|p1a: Diancie|17/100 psn
|-unboost|p2a: Silver Surfer|spa|1
|move|p1a: Diancie|Draining Kiss|p2a: Silver Surfer
|-resisted|p2a: Silver Surfer
|-damage|p2a: Silver Surfer|62/100
|-heal|p1a: Diancie|46/100 psn|[from] drain|[of] p2a: Silver Surfer
|
|-heal|p1a: Diancie|52/100 psn|[from] item: Leftovers
|-damage|p1a: Diancie|40/100 psn|[from] psn
|upkeep
|turn|10
|
|t:|1743841699
|move|p2a: Silver Surfer|Make It Rain|p1a: Diancie
|-supereffective|p1a: Diancie
|-damage|p1a: Diancie|12/100 psn
|-unboost|p2a: Silver Surfer|spa|1
|move|p1a: Diancie|Draining Kiss|p2a: Silver Surfer
|-resisted|p2a: Silver Surfer
|-damage|p2a: Silver Surfer|23/100
|-heal|p1a: Diancie|43/100 psn|[from] drain|[of] p2a: Silver Surfer
|
|-heal|p1a: Diancie|49/100 psn|[from] item: Leftovers
|-damage|p1a: Diancie|37/100 psn|[from] psn
|upkeep
|turn|11
|
|t:|1743841705
|move|p2a: Silver Surfer|Make It Rain|p1a: Diancie
|-supereffective|p1a: Diancie
|-damage|p1a: Diancie|17/100 psn
|-unboost|p2a: Silver Surfer|spa|1
|move|p1a: Diancie|Draining Kiss|p2a: Silver Surfer
|-resisted|p2a: Silver Surfer
|-damage|p2a: Silver Surfer|0 fnt
|-heal|p1a: Diancie|34/100 psn|[from] drain|[of] p2a: Silver Surfer
|faint|p2a: Silver Surfer
|
|-heal|p1a: Diancie|41/100 psn|[from] item: Leftovers
|-damage|p1a: Diancie|28/100 psn|[from] psn
|upkeep
|
|t:|1743841710
|switch|p2a: Ronaldinho|Cinderace, M|100/100
|turn|12
|
|t:|1743841715
|switch|p1a: Suicune|Suicune|100/100
|-damage|p1a: Suicune|88/100|[from] Stealth Rock
|-ability|p1a: Suicune|Pressure
|move|p2a: Ronaldinho|Pyro Ball|p1a: Suicune
|-resisted|p1a: Suicune
|-damage|p1a: Suicune|71/100
|
|-heal|p1a: Suicune|77/100|[from] item: Leftovers
|upkeep
|turn|13
|
|t:|1743841723
|switch|p2a: Wogerpon|Ogerpon-Wellspring, F|100/100
|move|p1a: Suicune|Scald|p2a: Wogerpon
|-immune|p2a: Wogerpon|[from] ability: Water Absorb
|
|-heal|p1a: Suicune|83/100|[from] item: Leftovers
|upkeep
|turn|14
|
|t:|1743841728
|switch|p1a: Pecharunt|Pecharunt|100/100
|-damage|p1a: Pecharunt|88/100|[from] Stealth Rock
|move|p2a: Wogerpon|Power Whip|p1a: Pecharunt
|-resisted|p1a: Pecharunt
|-damage|p1a: Pecharunt|65/100
|
|-heal|p1a: Pecharunt|71/100|[from] item: Black Sludge
|upkeep
|turn|15
|
|t:|1743841757
|-terastallize|p2a: Wogerpon|Water
|detailschange|p2a: Wogerpon|Ogerpon-Wellspring-Tera, F, tera:Water
|-ability|p2a: Wogerpon|Embody Aspect (Wellspring)|boost
|-boost|p2a: Wogerpon|spd|1
|move|p2a: Wogerpon|Ivy Cudgel|p1a: Pecharunt|[anim] Ivy Cudgel Water
|-damage|p1a: Pecharunt|24/100
|move|p1a: Pecharunt|Malignant Chain|p2a: Wogerpon
|-damage|p2a: Wogerpon|75/100
|-status|p2a: Wogerpon|tox
|-start|p2a: Wogerpon|confusion|[from] ability: Poison Puppeteer|[of] p1a: Pecharunt
|
|-heal|p1a: Pecharunt|30/100|[from] item: Black Sludge
|-damage|p2a: Wogerpon|69/100 tox|[from] psn
|upkeep
|turn|16
|
|t:|1743841766
|switch|p1a: Suicune|Suicune|83/100
|-damage|p1a: Suicune|71/100|[from] Stealth Rock
|-ability|p1a: Suicune|Pressure
|-activate|p2a: Wogerpon|confusion
|move|p2a: Wogerpon|Ivy Cudgel|p1a: Suicune|[anim] Ivy Cudgel Water
|-resisted|p1a: Suicune
|-crit|p1a: Suicune
|-damage|p1a: Suicune|37/100
|
|-heal|p1a: Suicune|44/100|[from] item: Leftovers
|-damage|p2a: Wogerpon|57/100 tox|[from] psn
|upkeep
|turn|17
|
|t:|1743841776
|move|p1a: Suicune|Protect|p1a: Suicune
|-singleturn|p1a: Suicune|Protect
|-activate|p2a: Wogerpon|confusion
|move|p2a: Wogerpon|Power Whip|p1a: Suicune
|-activate|p1a: Suicune|move: Protect
|
|-heal|p1a: Suicune|50/100|[from] item: Leftovers
|-damage|p2a: Wogerpon|39/100 tox|[from] psn
|upkeep
|turn|18
|
|t:|1743841781
|-activate|p2a: Wogerpon|confusion
|-damage|p2a: Wogerpon|21/100 tox|[from] confusion
|move|p1a: Suicune|Calm Mind|p1a: Suicune
|-boost|p1a: Suicune|spa|1
|-boost|p1a: Suicune|spd|1
|
|-heal|p1a: Suicune|56/100|[from] item: Leftovers
|-damage|p2a: Wogerpon|0 fnt|[from] psn
|faint|p2a: Wogerpon
|upkeep
|
|t:|1743841786
|switch|p2a: HE MAD AS HELL|Raging Bolt|100/100
|turn|19
|
|t:|1743841790
|move|p2a: HE MAD AS HELL|Thunderbolt|p1a: Suicune
|-supereffective|p1a: Suicune
|-damage|p1a: Suicune|0 fnt
|faint|p1a: Suicune
|
|upkeep
|
|t:|1743841792
|switch|p1a: Meloetta|Meloetta|100/100
|-damage|p1a: Meloetta|88/100|[from] Stealth Rock
|turn|20
|
|t:|1743841795
|move|p2a: HE MAD AS HELL|Thunderbolt|p1a: Meloetta
|-damage|p1a: Meloetta|66/100
|move|p1a: Meloetta|Alluring Voice|p2a: HE MAD AS HELL
|-supereffective|p2a: HE MAD AS HELL
|-damage|p2a: HE MAD AS HELL|37/100
|
|upkeep
|turn|21
|
|t:|1743841802
|move|p2a: HE MAD AS HELL|Thunderbolt|p1a: Meloetta
|-damage|p1a: Meloetta|41/100
|move|p1a: Meloetta|Hyper Voice|p2a: HE MAD AS HELL
|-damage|p2a: HE MAD AS HELL|0 fnt
|faint|p2a: HE MAD AS HELL
|-end|p2a: HE MAD AS HELL|Protosynthesis|[silent]
|
|upkeep
|
|t:|1743841809
|switch|p2a: Ronaldinho|Cinderace, M|100/100
|turn|22
|
|t:|1743841811
|move|p2a: Ronaldinho|Pyro Ball|p1a: Meloetta
|-damage|p1a: Meloetta|0 fnt
|faint|p1a: Meloetta
|
|upkeep
|
|t:|1743841815
|switch|p1a: Corviknight|Corviknight, M|100/100
|-damage|p1a: Corviknight|88/100|[from] Stealth Rock
|-ability|p1a: Corviknight|Pressure
|turn|23
|
|t:|1743841817
|move|p2a: Ronaldinho|Pyro Ball|p1a: Corviknight
|-supereffective|p1a: Corviknight
|-damage|p1a: Corviknight|0 fnt
|faint|p1a: Corviknight
|
|upkeep
|
|t:|1743841821
|switch|p1a: Diancie|Diancie, tera:Fairy|28/100 psn
|-damage|p1a: Diancie|16/100 psn|[from] Stealth Rock
|turn|24
|
|t:|1743841826
|move|p2a: Ronaldinho|Pyro Ball|p1a: Diancie
|-damage|p1a: Diancie|0 fnt
|faint|p1a: Diancie
|
|upkeep
|
|t:|1743841827
|switch|p1a: Pecharunt|Pecharunt|30/100
|-damage|p1a: Pecharunt|18/100|[from] Stealth Rock
|turn|25
|
|t:|1743841830
|move|p2a: Ronaldinho|Pyro Ball|p1a: Pecharunt
|-damage|p1a: Pecharunt|0 fnt
|faint|p1a: Pecharunt
|
|win|Proxximity9
|raw|the fool of april's rating: 1312 &rarr; <strong>1290</strong><br />(-22 for losing)
|raw|Proxximity9's rating: 1281 &rarr; <strong>1308</strong><br />(+27 for winning)
|l|☆the fool of april
|player|p1|
