|badge|p2|bronze|gen9ou|100-5
|uhtml|medal-msg|<div class="broadcast-blue">Curious what those medals under the avatar are? PS now has Ladder Seasons! For more information, check out the <a href="https://www.smogon.com/forums/threads/3740067/">thread on Smogon.</a></div>
|j|☆No_OverUsed?
|j|☆BlackStar150520
|t:|1743847635
|gametype|singles
|player|p1|No_OverUsed?|marlon|1714
|player|p2|BlackStar150520|unknown|1844
|teamsize|p1|6
|teamsize|p2|6
|gen|9
|tier|[Gen 9] OU
|rated|
|rule|HP Percentage Mod: HP is shown in percentages
|rule|Endless Battle Clause: Forcing endless battles is banned
|rule|Species Clause: Limit one of each Pokémon
|rule|OHKO Clause: OHKO moves are banned
|rule|Evasion Items Clause: Evasion items are banned
|rule|Evasion Moves Clause: Evasion moves are banned
|rule|Sleep Moves Clause: Sleep-inducing moves are banned
|clearpoke
|poke|p1|Scizor, M|
|poke|p1|Thundurus-Therian, M|
|poke|p1|Reuniclus, M|
|poke|p1|Decidueye-Hisui, M|
|poke|p1|Incineroar, M|
|poke|p1|Keldeo-Resolute|
|poke|p2|Meowscarada, F|
|poke|p2|Great Tusk|
|poke|p2|Pecharunt|
|poke|p2|Dragonite, F|
|poke|p2|Alomomola, F|
|poke|p2|Gliscor, M|
|teampreview
|inactive|Battle timer is ON: inactive players will automatically lose when time's up. (requested by BlackStar150520)
|inactive|No_OverUsed? also wants the timer to be on.
|j| typhlosi
|
|t:|1743847661
|start
|switch|p1a: VGC|Incineroar, M|100/100
|switch|p2a: Momo|Alomomola, F|100/100
|-ability|p1a: VGC|Intimidate|boost
|-unboost|p2a: Momo|atk|1
|turn|1
|
|t:|1743847674
|move|p1a: VGC|Knock Off|p2a: Momo
|-damage|p2a: Momo|74/100
|-enditem|p2a: Momo|Heavy-Duty Boots|[from] move: Knock Off|[of] p1a: VGC
|move|p2a: Momo|Flip Turn|p1a: VGC
|-supereffective|p1a: VGC
|-damage|p1a: VGC|81/100
|
|t:|1743847677
|switch|p2a: 🦇|Gliscor, M|100/100|[from] Flip Turn
|
|-heal|p1a: VGC|87/100|[from] item: Leftovers
|-status|p2a: 🦇|tox|[from] item: Toxic Orb
|upkeep
|turn|2
|inactive|No_OverUsed? has 120 seconds left.
|
|t:|1743847711
|switch|p1a: Guts|Keldeo-Resolute|100/100
|move|p2a: 🦇|Knock Off|p1a: Guts
|-resisted|p1a: Guts
|-damage|p1a: Guts|89/100
|-ability|p1a: Guts|Justified|boost
|-boost|p1a: Guts|atk|1
|-enditem|p1a: Guts|Choice Specs|[from] move: Knock Off|[of] p2a: 🦇
|
|upkeep
|turn|3
|
|t:|1743847723
|switch|p2a: Momo|Alomomola, F|100/100
|move|p1a: Guts|Surf|p2a: Momo
|-resisted|p2a: Momo
|-damage|p2a: Momo|84/100
|
|upkeep
|turn|4
|
|t:|1743847729
|move|p1a: Guts|Vacuum Wave|p2a: Momo
|-damage|p2a: Momo|70/100
|move|p2a: Momo|Flip Turn|p1a: Guts
|-resisted|p1a: Guts
|-damage|p1a: Guts|80/100
|
|t:|1743847750
|switch|p2a: Phantom|Pecharunt|100/100|[from] Flip Turn
|
|upkeep
|turn|5
|
|t:|1743847758
|switch|p2a: Momo|Alomomola, F|100/100
|move|p1a: Guts|Surf|p2a: Momo
|-resisted|p2a: Momo
|-damage|p2a: Momo|82/100
|
|upkeep
|turn|6
|
|t:|1743847764
|move|p1a: Guts|Secret Sword|p2a: Momo
|-damage|p2a: Momo|45/100
|move|p2a: Momo|Flip Turn|p1a: Guts
|-resisted|p1a: Guts
|-damage|p1a: Guts|70/100
|
|t:|1743847768
|switch|p2a: Phantom|Pecharunt|100/100|[from] Flip Turn
|
|upkeep
|turn|7
|
|t:|1743847770
|switch|p1a: Amber|Scizor, M, shiny|100/100
|move|p2a: Phantom|Parting Shot|p1a: Amber
|-unboost|p1a: Amber|atk|1
|-unboost|p1a: Amber|spa|1
|
|t:|1743847775
|switch|p2a: 🦣|Great Tusk|100/100|[from] Parting Shot
|
|upkeep
|turn|8
|
|t:|1743847778
|switch|p1a: Hawkeye|Decidueye-Hisui, M, shiny|100/100
|move|p2a: 🦣|Stealth Rock|p1a: Hawkeye
|-sidestart|p1: No_OverUsed?|move: Stealth Rock
|
|upkeep
|turn|9
|
|t:|1743847782
|-end|p2a: 🦣|Protosynthesis|[silent]
|switch|p2a: Phantom|Pecharunt|100/100
|move|p1a: Hawkeye|Defog|p2a: Phantom
|-unboost|p2a: Phantom|evasion|1
|-sideend|p1: No_OverUsed?|Stealth Rock|[from] move: Defog|[of] p1a: Hawkeye
|
|upkeep
|turn|10
|
|t:|1743847787
|switch|p1a: Amber|Scizor, M, shiny|100/100
|move|p2a: Phantom|Parting Shot|p1a: Amber
|-unboost|p1a: Amber|atk|1
|-unboost|p1a: Amber|spa|1
|
|t:|1743847789
|switch|p2a: 🦣|Great Tusk|100/100|[from] Parting Shot
|
|upkeep
|turn|11
|
|t:|1743847794
|switch|p1a: Hawkeye|Decidueye-Hisui, M, shiny|100/100
|move|p2a: 🦣|Knock Off|p1a: Hawkeye
|-resisted|p1a: Hawkeye
|-damage|p1a: Hawkeye|89/100
|-damage|p2a: 🦣|84/100|[from] item: Rocky Helmet|[of] p1a: Hawkeye
|-enditem|p1a: Hawkeye|Rocky Helmet|[from] move: Knock Off|[of] p2a: 🦣
|
|upkeep
|turn|12
|
|t:|1743847804
|switch|p1a: Guts|Keldeo-Resolute|70/100
|move|p2a: 🦣|Stealth Rock|p1a: Guts
|-sidestart|p1: No_OverUsed?|move: Stealth Rock
|
|upkeep
|turn|13
|
|t:|1743847809
|-end|p2a: 🦣|Protosynthesis|[silent]
|switch|p2a: Momo|Alomomola, F|79/100
|move|p1a: Guts|Secret Sword|p2a: Momo
|-damage|p2a: Momo|45/100
|
|upkeep
|turn|14
|
|t:|1743847815
|move|p1a: Guts|Secret Sword|p2a: Momo
|-damage|p2a: Momo|11/100
|move|p2a: Momo|Mirror Coat|p1a: Guts
|-damage|p1a: Guts|0 fnt
|faint|p1a: Guts
|
|upkeep
|
|t:|1743847818
|switch|p1a: Hawkeye|Decidueye-Hisui, M, shiny|89/100
|-damage|p1a: Hawkeye|83/100|[from] Stealth Rock
|turn|15
|
|t:|1743847822
|switch|p2a: Phantom|Pecharunt|100/100
|move|p1a: Hawkeye|Defog|p2a: Phantom
|-unboost|p2a: Phantom|evasion|1
|-sideend|p1: No_OverUsed?|Stealth Rock|[from] move: Defog|[of] p1a: Hawkeye
|
|upkeep
|turn|16
|
|t:|1743847826
|switch|p1a: Amber|Scizor, M, shiny|100/100
|move|p2a: Phantom|Parting Shot|p1a: Amber
|-unboost|p1a: Amber|atk|1
|-unboost|p1a: Amber|spa|1
|
|t:|1743847828
|switch|p2a: Momo|Alomomola, F|45/100|[from] Parting Shot
|
|upkeep
|turn|17
|
|t:|1743847832
|move|p1a: Amber|U-turn|p2a: Momo
|-damage|p2a: Momo|16/100
|
|t:|1743847838
|switch|p1a: Genosis|Reuniclus, M, shiny|100/100|[from] U-turn
|move|p2a: Momo|Flip Turn|p1a: Genosis
|-damage|p1a: Genosis|83/100
|
|t:|1743847843
|switch|p2a: Neferpitou|Meowscarada, F|100/100|[from] Flip Turn
|
|upkeep
|turn|18
|
|t:|1743847847
|switch|p1a: Hawkeye|Decidueye-Hisui, M, shiny|83/100
|move|p2a: Neferpitou|Spikes|p1a: Hawkeye
|-start|p2a: Neferpitou|typechange|Ground|[from] ability: Protean
|-sidestart|p1: No_OverUsed?|Spikes
|
|upkeep
|turn|19
|
|t:|1743847849
|move|p2a: Neferpitou|Triple Axel|p1a: Hawkeye
|-supereffective|p1a: Hawkeye
|-damage|p1a: Hawkeye|73/100
|-supereffective|p1a: Hawkeye
|-damage|p1a: Hawkeye|54/100
|-hitcount|p1a: Hawkeye|2
|move|p1a: Hawkeye|Defog|p2a: Neferpitou
|-unboost|p2a: Neferpitou|evasion|1
|-sideend|p1: No_OverUsed?|Spikes|[from] move: Defog|[of] p1a: Hawkeye
|
|upkeep
|turn|20
|j| union boss
|
|t:|1743847855
|move|p2a: Neferpitou|U-turn|p1a: Hawkeye
|-damage|p1a: Hawkeye|37/100
|
|t:|1743847858
|switch|p2a: Phantom|Pecharunt|100/100|[from] U-turn
|move|p1a: Hawkeye|Roost|p1a: Hawkeye
|-heal|p1a: Hawkeye|88/100
|-singleturn|p1a: Hawkeye|move: Roost
|
|upkeep
|turn|21
|
|t:|1743847863
|switch|p1a: Amber|Scizor, M, shiny|100/100
|move|p2a: Phantom|Parting Shot|p1a: Amber
|-unboost|p1a: Amber|atk|1
|-unboost|p1a: Amber|spa|1
|l| union boss
|
|t:|1743847866
|switch|p2a: 🦇|Gliscor, M|100/100 tox|[from] Parting Shot
|
|upkeep
|turn|22
|
|t:|1743847872
|move|p2a: 🦇|Swords Dance|p2a: 🦇
|-boost|p2a: 🦇|atk|2
|move|p1a: Amber|U-turn|p2a: 🦇
|-resisted|p2a: 🦇
|-damage|p2a: 🦇|84/100 tox
|j| romperalph2
|
|t:|1743847877
|switch|p1a: Genosis|Reuniclus, M, shiny|100/100|[from] U-turn
|
|-heal|p2a: 🦇|97/100 tox|[from] ability: Poison Heal
|upkeep
|turn|23
|
|t:|1743847880
|move|p2a: 🦇|Knock Off|p1a: Genosis
|-supereffective|p1a: Genosis
|-damage|p1a: Genosis|11/100
|-enditem|p1a: Genosis|Assault Vest|[from] move: Knock Off|[of] p2a: 🦇
|move|p1a: Genosis|Psychic Noise|p2a: 🦇
|-damage|p2a: 🦇|58/100 tox
|-start|p2a: 🦇|move: Heal Block
|
|upkeep
|turn|24
|
|t:|1743847885
|switch|p1a: Zeus|Thundurus-Therian, M|100/100
|move|p2a: 🦇|Knock Off|p1a: Zeus
|-damage|p1a: Zeus|37/100
|-enditem|p1a: Zeus|Choice Scarf|[from] move: Knock Off|[of] p2a: 🦇
|
|-end|p2a: 🦇|move: Heal Block
|upkeep
|turn|25
|
|t:|1743847893
|switch|p2a: Momo|Alomomola, F|49/100
|move|p1a: Zeus|Tera Blast|p2a: Momo
|-damage|p2a: Momo|26/100
|
|upkeep
|turn|26
|
|t:|1743847900
|switch|p2a: Neferpitou|Meowscarada, F|100/100
|move|p1a: Zeus|Grass Knot|p2a: Neferpitou
|-resisted|p2a: Neferpitou
|-damage|p2a: Neferpitou|83/100
|
|upkeep
|turn|27
|
|t:|1743847907
|switch|p1a: Hawkeye|Decidueye-Hisui, M, shiny|88/100
|move|p2a: Neferpitou|U-turn|p1a: Hawkeye
|-start|p2a: Neferpitou|typechange|Bug|[from] ability: Protean
|-damage|p1a: Hawkeye|64/100
|
|t:|1743847913
|switch|p2a: OG👑|Dragonite, F|100/100|[from] U-turn
|
|upkeep
|turn|28
|
|t:|1743847917
|switch|p1a: VGC|Incineroar, M|87/100
|-ability|p1a: VGC|Intimidate|boost
|-unboost|p2a: OG👑|atk|1
|move|p2a: OG👑|Dragon Dance|p2a: OG👑
|-boost|p2a: OG👑|atk|1
|-boost|p2a: OG👑|spe|1
|
|-heal|p1a: VGC|93/100|[from] item: Leftovers
|upkeep
|turn|29
|
|t:|1743847919
|switch|p2a: 🦇|Gliscor, M|58/100 tox
|move|p1a: VGC|Will-O-Wisp||[still]
|-fail|p1a: VGC
|
|-heal|p1a: VGC|99/100|[from] item: Leftovers
|-heal|p2a: 🦇|71/100 tox|[from] ability: Poison Heal
|upkeep
|turn|30
|
|t:|1743847934
|switch|p1a: Zeus|Thundurus-Therian, M|37/100
|move|p2a: 🦇|Knock Off|p1a: Zeus
|-damage|p1a: Zeus|14/100
|
|-heal|p2a: 🦇|83/100 tox|[from] ability: Poison Heal
|upkeep
|turn|31
|
|t:|1743847940
|move|p2a: 🦇|Facade|p1a: Zeus
|-damage|p1a: Zeus|0 fnt
|faint|p1a: Zeus
|
|-heal|p2a: 🦇|96/100 tox|[from] ability: Poison Heal
|upkeep
|
|t:|1743847945
|switch|p1a: Amber|Scizor, M, shiny|100/100
|turn|32
|
|t:|1743847948
|move|p1a: Amber|Bullet Punch|p2a: 🦇
|-damage|p2a: 🦇|54/100 tox
|move|p2a: 🦇|Swords Dance|p2a: 🦇
|-boost|p2a: 🦇|atk|2
|
|-heal|p2a: 🦇|67/100 tox|[from] ability: Poison Heal
|upkeep
|turn|33
|
|t:|1743847954
|move|p1a: Amber|Bullet Punch|p2a: 🦇
|-damage|p2a: 🦇|23/100 tox
|move|p2a: 🦇|Knock Off|p1a: Amber
|-damage|p1a: Amber|57/100
|-enditem|p1a: Amber|Choice Band|[from] move: Knock Off|[of] p2a: 🦇
|
|-heal|p2a: 🦇|35/100 tox|[from] ability: Poison Heal
|upkeep
|turn|34
|
|t:|1743847957
|move|p1a: Amber|Bullet Punch|p2a: 🦇
|-damage|p2a: 🦇|9/100 tox
|move|p2a: 🦇|Earthquake|p1a: Amber
|-damage|p1a: Amber|0 fnt
|faint|p1a: Amber
|
|-heal|p2a: 🦇|22/100 tox|[from] ability: Poison Heal
|upkeep
|-message|No_OverUsed? forfeited.
|
|win|BlackStar150520
|raw|No_OverUsed?'s rating: 1714 &rarr; <strong>1701</strong><br />(-13 for losing)
|raw|BlackStar150520's rating: 1844 &rarr; <strong>1857</strong><br />(+13 for winning)
|l|☆No_OverUsed?
|player|p1|
|l|☆BlackStar150520
|player|p2|
|l| romperalph2
|l| typhlosi
