|j|☆AliGD2
|j|☆Ep1c_Squ1d
|t:|1743894411
|gametype|singles
|player|p1|AliGD2|169|1080
|player|p2|Ep1c_Squ1d|hiker-gen4|1121
|teamsize|p1|6
|teamsize|p2|6
|gen|9
|tier|[Gen 9] OU
|rated|
|rule|HP Percentage Mod: HP is shown in percentages
|rule|Endless Battle Clause: Forcing endless battles is banned
|rule|Species Clause: Limit one of each Pokémon
|rule|OHKO Clause: OHKO moves are banned
|rule|Evasion Items Clause: Evasion items are banned
|rule|Evasion Moves Clause: Evasion moves are banned
|rule|Sleep Moves Clause: Sleep-inducing moves are banned
|clearpoke
|poke|p1|Rillaboom, M|
|poke|p1|Gliscor, M|
|poke|p1|Iron Hands|
|poke|p1|Glimmora, F|
|poke|p1|Skeledirge, F|
|poke|p1|Basculegion, M|
|poke|p2|Oranguru, F|
|poke|p2|Abomasnow, M|
|poke|p2|Polteageist|
|poke|p2|Houndoom, F|
|poke|p2|Amoonguss, M|
|poke|p2|Quaquaval, M|
|teampreview
|
|t:|1743894416
|start
|switch|p1a: Glimmora|Glimmora, F|100/100
|switch|p2a: Oranguru|Oranguru, F|100/100
|turn|1
|inactive|Battle timer is ON: inactive players will automatically lose when time's up. (requested by AliGD2)
|
|t:|1743894426
|move|p1a: Glimmora|Spikes|p2a: Oranguru
|-sidestart|p2: Ep1c_Squ1d|Spikes
|move|p2a: Oranguru|Trick Room|p2a: Oranguru
|-fieldstart|move: Trick Room|[of] p2a: Oranguru
|
|upkeep
|turn|2
|
|t:|1743894434
|move|p2a: Oranguru|Psychic|p1a: Glimmora
|-supereffective|p1a: Glimmora
|-damage|p1a: Glimmora|19/100
|move|p1a: Glimmora|Stealth Rock|p2a: Oranguru
|-sidestart|p2: Ep1c_Squ1d|move: Stealth Rock
|
|upkeep
|turn|3
|
|t:|1743894440
|move|p2a: Oranguru|Psychic|p1a: Glimmora
|-supereffective|p1a: Glimmora
|-damage|p1a: Glimmora|0 fnt
|faint|p1a: Glimmora
|
|upkeep
|
|t:|1743894449
|switch|p1a: Skeledirge|Skeledirge, F|100/100
|turn|4
|
|t:|1743894459
|move|p2a: Oranguru|Foul Play|p1a: Skeledirge
|-supereffective|p1a: Skeledirge
|-damage|p1a: Skeledirge|79/100
|move|p1a: Skeledirge|Torch Song|p2a: Oranguru
|-damage|p2a: Oranguru|67/100
|-boost|p1a: Skeledirge|spa|1
|
|-heal|p1a: Skeledirge|85/100|[from] item: Leftovers
|upkeep
|turn|5
|
|t:|1743894475
|move|p2a: Oranguru|Foul Play|p1a: Skeledirge
|-supereffective|p1a: Skeledirge
|-damage|p1a: Skeledirge|62/100
|move|p1a: Skeledirge|Torch Song|p2a: Oranguru
|-damage|p2a: Oranguru|18/100
|-boost|p1a: Skeledirge|spa|1
|
|-heal|p1a: Skeledirge|68/100|[from] item: Leftovers
|-fieldend|move: Trick Room
|upkeep
|turn|6
|
|t:|1743894485
|move|p1a: Skeledirge|Torch Song|p2a: Oranguru
|-damage|p2a: Oranguru|0 fnt
|-boost|p1a: Skeledirge|spa|1
|faint|p2a: Oranguru
|
|-heal|p1a: Skeledirge|75/100|[from] item: Leftovers
|upkeep
|
|t:|1743894492
|switch|p2a: Houndoom|Houndoom, F|100/100
|-damage|p2a: Houndoom|88/100|[from] Spikes
|-damage|p2a: Houndoom|63/100|[from] Stealth Rock
|turn|7
|
|t:|1743894504
|-terastallize|p2a: Houndoom|Dark
|move|p2a: Houndoom|Sucker Punch||[still]
|-fail|p2a: Houndoom
|move|p1a: Skeledirge|Will-O-Wisp|p2a: Houndoom
|-start|p2a: Houndoom|ability: Flash Fire
|
|-heal|p1a: Skeledirge|81/100|[from] item: Leftovers
|upkeep
|turn|8
|
|t:|1743894519
|-terastallize|p1a: Skeledirge|Fairy
|move|p2a: Houndoom|Sucker Punch|p1a: Skeledirge
|-resisted|p1a: Skeledirge
|-damage|p1a: Skeledirge|69/100
|move|p1a: Skeledirge|Shadow Ball|p2a: Houndoom
|-resisted|p2a: Houndoom
|-damage|p2a: Houndoom|0 fnt
|faint|p2a: Houndoom
|
|-heal|p1a: Skeledirge|75/100|[from] item: Leftovers
|upkeep
|
|t:|1743894536
|switch|p2a: Amoonguss|Amoonguss, M|100/100
|turn|9
|
|t:|1743894540
|move|p1a: Skeledirge|Torch Song|p2a: Amoonguss
|-supereffective|p2a: Amoonguss
|-damage|p2a: Amoonguss|0 fnt
|-boost|p1a: Skeledirge|spa|1
|faint|p2a: Amoonguss
|
|-heal|p1a: Skeledirge|81/100|[from] item: Leftovers
|upkeep
|
|t:|1743894547
|switch|p2a: Polteageist|Polteageist|100/100
|-damage|p2a: Polteageist|88/100|[from] Spikes
|-damage|p2a: Polteageist|76/100|[from] Stealth Rock
|turn|10
|
|t:|1743894552
|move|p2a: Polteageist|Shell Smash|p2a: Polteageist
|-unboost|p2a: Polteageist|def|1
|-unboost|p2a: Polteageist|spd|1
|-boost|p2a: Polteageist|atk|2
|-boost|p2a: Polteageist|spa|2
|-boost|p2a: Polteageist|spe|2
|-enditem|p2a: Polteageist|White Herb
|-clearnegativeboost|p2a: Polteageist|[silent]
|move|p1a: Skeledirge|Shadow Ball|p2a: Polteageist
|-supereffective|p2a: Polteageist
|-damage|p2a: Polteageist|0 fnt
|faint|p2a: Polteageist
|
|-heal|p1a: Skeledirge|87/100|[from] item: Leftovers
|upkeep
|-message|Ep1c_Squ1d forfeited.
|
|win|AliGD2
|raw|AliGD2's rating: 1080 &rarr; <strong>1111</strong><br />(+31 for winning)
|raw|Ep1c_Squ1d's rating: 1121 &rarr; <strong>1093</strong><br />(-28 for losing)
|c|☆Ep1c_Squ1d|gg
|c|☆AliGD2|gg
|l|☆Ep1c_Squ1d
|player|p2|
|l|☆AliGD2
|player|p1|
