|j|☆jardison
|j|☆Mrstealyogirl76
|t:|1743897933
|gametype|singles
|player|p1|jardison|li|1287
|player|p2|Mrstealyogirl76|grimsley|1331
|teamsize|p1|6
|teamsize|p2|6
|gen|9
|tier|[Gen 9] OU
|rated|
|rule|HP Percentage Mod: HP is shown in percentages
|rule|Endless Battle Clause: Forcing endless battles is banned
|rule|Species Clause: Limit one of each Pokémon
|rule|OHKO Clause: OHKO moves are banned
|rule|Evasion Items Clause: Evasion items are banned
|rule|Evasion Moves Clause: Evasion moves are banned
|rule|Sleep Moves Clause: Sleep-inducing moves are banned
|clearpoke
|poke|p1|Weavile, M|
|poke|p1|Glimmora, F|
|poke|p1|Zamazenta-*|
|poke|p1|Latias, F|
|poke|p1|Gholdengo|
|poke|p1|Dragonite, F|
|poke|p2|Quaquaval, M|
|poke|p2|Corviknight, M|
|poke|p2|Hatterene, F|
|poke|p2|Rillaboom, M|
|poke|p2|Pecharunt|
|poke|p2|Ting-Lu|
|teampreview
|inactive|Battle timer is ON: inactive players will automatically lose when time's up. (requested by Mrstealyogirl76)
|inactive|Mrstealyogirl76 has 120 seconds left.
|
|t:|1743897978
|start
|switch|p1a: Glimmora|Glimmora, F|100/100
|switch|p2a: Quaquaval|Quaquaval, M|100/100
|turn|1
|
|t:|1743897983
|move|p2a: Quaquaval|Aqua Step|p1a: Glimmora
|-supereffective|p1a: Glimmora
|-damage|p1a: Glimmora|42/100
|-boost|p2a: Quaquaval|spe|1
|-activate|p1a: Glimmora|ability: Toxic Debris
|-sidestart|p2: Mrstealyogirl76|move: Toxic Spikes
|move|p1a: Glimmora|Mortal Spin|p2a: Quaquaval
|-damage|p2a: Quaquaval|94/100
|-status|p2a: Quaquaval|psn
|
|-damage|p2a: Quaquaval|82/100 psn|[from] psn
|upkeep
|turn|2
|
|t:|1743898000
|switch|p1a: Zamazenta|Zamazenta|100/100
|-ability|p1a: Zamazenta|Dauntless Shield|boost
|-boost|p1a: Zamazenta|def|1
|move|p2a: Quaquaval|Aqua Step|p1a: Zamazenta
|-damage|p1a: Zamazenta|84/100
|-boost|p2a: Quaquaval|spe|1
|
|-heal|p1a: Zamazenta|90/100|[from] item: Leftovers
|-damage|p2a: Quaquaval|69/100 psn|[from] psn
|upkeep
|turn|3
|
|t:|1743898014
|switch|p2a: Pecharunt|Pecharunt|100/100
|-sideend|p2: Mrstealyogirl76|move: Toxic Spikes|[of] p2a: Pecharunt
|move|p1a: Zamazenta|Body Press|p2a: Pecharunt
|-immune|p2a: Pecharunt
|
|-heal|p1a: Zamazenta|97/100|[from] item: Leftovers
|upkeep
|turn|4
|
|t:|1743898022
|switch|p1a: Gholdengo|Gholdengo|100/100
|move|p2a: Pecharunt|Parting Shot|p1a: Gholdengo
|-immune|p1a: Gholdengo|[from] ability: Good as Gold
|
|upkeep
|turn|5
|
|t:|1743898030
|switch|p2a: Ting-Lu|Ting-Lu|100/100
|-ability|p2a: Ting-Lu|Vessel of Ruin
|move|p1a: Gholdengo|Shadow Ball|p2a: Ting-Lu
|-resisted|p2a: Ting-Lu
|-damage|p2a: Ting-Lu|92/100
|
|-heal|p2a: Ting-Lu|98/100|[from] item: Leftovers
|upkeep
|turn|6
|
|t:|1743898041
|switch|p1a: Latias|Latias, F|100/100
|move|p2a: Ting-Lu|Stealth Rock|p1a: Latias
|-sidestart|p1: jardison|move: Stealth Rock
|
|-heal|p2a: Ting-Lu|100/100|[from] item: Leftovers
|upkeep
|turn|7
|
|t:|1743898055
|move|p1a: Latias|Calm Mind|p1a: Latias
|-boost|p1a: Latias|spa|1
|-boost|p1a: Latias|spd|1
|move|p2a: Ting-Lu|Spikes|p1a: Latias
|-sidestart|p1: jardison|Spikes
|
|upkeep
|turn|8
|
|t:|1743898060
|move|p1a: Latias|Calm Mind|p1a: Latias
|-boost|p1a: Latias|spa|1
|-boost|p1a: Latias|spd|1
|move|p2a: Ting-Lu|Whirlwind|p1a: Latias
|drag|p1a: Weavile|Weavile, M|100/100
|-damage|p1a: Weavile|76/100|[from] Stealth Rock
|-damage|p1a: Weavile|63/100|[from] Spikes
|
|upkeep
|turn|9
|
|t:|1743898068
|switch|p2a: Corviknight|Corviknight, M|100/100
|-ability|p2a: Corviknight|Pressure
|move|p1a: Weavile|Triple Axel|p2a: Corviknight
|-damage|p2a: Corviknight|93/100
|-damage|p1a: Weavile|47/100|[from] item: Rocky Helmet|[of] p2a: Corviknight
|-damage|p2a: Corviknight|78/100
|-damage|p1a: Weavile|30/100|[from] item: Rocky Helmet|[of] p2a: Corviknight
|-damage|p2a: Corviknight|56/100
|-damage|p1a: Weavile|14/100|[from] item: Rocky Helmet|[of] p2a: Corviknight
|-hitcount|p2a: Corviknight|3
|-damage|p1a: Weavile|4/100|[from] item: Life Orb
|
|upkeep
|turn|10
|-message|jardison forfeited.
|
|win|Mrstealyogirl76
|raw|jardison's rating: 1287 &rarr; <strong>1265</strong><br />(-22 for losing)
|raw|Mrstealyogirl76's rating: 1331 &rarr; <strong>1348</strong><br />(+17 for winning)
|l|☆jardison
|player|p1|
