|j|‽Nate656
|j|☆hfyuftuffhftuy
|t:|1743845069
|gametype|singles
|player|p1|Nate656|266|1026
|player|p2|hfyuftuffhftuy|265|1000
|teamsize|p1|6
|teamsize|p2|6
|gen|9
|tier|[Gen 9] OU
|rated|
|rule|HP Percentage Mod: HP is shown in percentages
|rule|Endless Battle Clause: Forcing endless battles is banned
|rule|Species Clause: Limit one of each Pokémon
|rule|OHKO Clause: OHKO moves are banned
|rule|Evasion Items Clause: Evasion items are banned
|rule|Evasion Moves Clause: Evasion moves are banned
|rule|Sleep Moves Clause: Sleep-inducing moves are banned
|clearpoke
|poke|p1|Glimmora, M|
|poke|p1|Ceruledge, M|
|poke|p1|Greninja-*, M|
|poke|p1|Blastoise, F|
|poke|p1|Raging Bolt|
|poke|p1|Dragonite, F|
|poke|p2|Dragapult, F|
|poke|p2|Hatterene, F|
|poke|p2|Gliscor, F|
|poke|p2|Corviknight, M|
|poke|p2|Dondozo, M|
|poke|p2|Gholdengo|
|teampreview
|
|t:|1743845082
|start
|switch|p1a: Glimmora|Glimmora, M, shiny|100/100
|switch|p2a: Gholdengo|Gholdengo|100/100
|-item|p1a: Glimmora|Air Balloon
|turn|1
|
|t:|1743845090
|move|p1a: Glimmora|Stealth Rock|p2a: Gholdengo
|-sidestart|p2: hfyuftuffhftuy|move: Stealth Rock
|move|p2a: Gholdengo|Nasty Plot|p2a: Gholdengo
|-boost|p2a: Gholdengo|spa|2
|
|upkeep
|turn|2
|
|t:|1743845097
|move|p1a: Glimmora|Toxic Spikes|p2a: Gholdengo
|-sidestart|p2: hfyuftuffhftuy|move: Toxic Spikes
|move|p2a: Gholdengo|Nasty Plot|p2a: Gholdengo
|-boost|p2a: Gholdengo|spa|2
|
|upkeep
|turn|3
|
|t:|1743845104
|move|p1a: Glimmora|Toxic Spikes|p2a: Gholdengo
|-sidestart|p2: hfyuftuffhftuy|move: Toxic Spikes
|move|p2a: Gholdengo|Nasty Plot|p2a: Gholdengo
|-boost|p2a: Gholdengo|spa|2
|
|upkeep
|turn|4
|
|t:|1743845110
|move|p1a: Glimmora|Sludge Wave|p2a: Gholdengo
|-immune|p2a: Gholdengo
|move|p2a: Gholdengo|Nasty Plot|p2a: Gholdengo
|-boost|p2a: Gholdengo|spa|0
|
|upkeep
|turn|5
|
|t:|1743845118
|move|p1a: Glimmora|Sludge Wave|p2a: Gholdengo
|-immune|p2a: Gholdengo
|move|p2a: Gholdengo|Make It Rain|p1a: Glimmora
|-supereffective|p1a: Glimmora
|-damage|p1a: Glimmora|0 fnt
|-unboost|p2a: Gholdengo|spa|1
|-enditem|p1a: Glimmora|Air Balloon
|faint|p1a: Glimmora
|
|upkeep
|
|t:|1743845132
|switch|p1a: Greninja|Greninja, M|100/100
|turn|6
|
|t:|1743845137
|move|p1a: Greninja|Dark Pulse|p2a: Gholdengo
|-supereffective|p2a: Gholdengo
|-enditem|p2a: Gholdengo|Focus Sash
|-damage|p2a: Gholdengo|1/100
|move|p2a: Gholdengo|Dazzling Gleam|p1a: Greninja
|-supereffective|p1a: Greninja
|-damage|p1a: Greninja|0 fnt
|faint|p1a: Greninja
|
|upkeep
|
|t:|1743845146
|switch|p1a: Raging Bolt|Raging Bolt|100/100
|-enditem|p1a: Raging Bolt|Booster Energy
|-activate|p1a: Raging Bolt|ability: Protosynthesis|[fromitem]
|-start|p1a: Raging Bolt|protosynthesisspa
|turn|7
|
|t:|1743845152
|move|p1a: Raging Bolt|Thunderclap|p2a: Gholdengo
|-damage|p2a: Gholdengo|0 fnt
|faint|p2a: Gholdengo
|
|upkeep
|
|t:|1743845158
|switch|p2a: Gliscor|Gliscor, F|100/100
|-damage|p2a: Gliscor|88/100|[from] Stealth Rock
|turn|8
|
|t:|1743845166
|-end|p1a: Raging Bolt|Protosynthesis|[silent]
|switch|p1a: Dragonite|Dragonite, F, shiny|100/100
|move|p2a: Gliscor|Swords Dance|p2a: Gliscor
|-boost|p2a: Gliscor|atk|2
|
|-status|p2a: Gliscor|tox|[from] item: Toxic Orb
|upkeep
|turn|9
|
|t:|1743845176
|move|p2a: Gliscor|Stealth Rock|p1a: Dragonite
|-sidestart|p1: Nate656|move: Stealth Rock
|move|p1a: Dragonite|Dragon Dance|p1a: Dragonite
|-boost|p1a: Dragonite|atk|1
|-boost|p1a: Dragonite|spe|1
|
|-heal|p2a: Gliscor|100/100 tox|[from] ability: Poison Heal
|upkeep
|turn|10
|
|t:|1743845188
|switch|p2a: Dragapult|Dragapult, F|100/100
|-damage|p2a: Dragapult|88/100|[from] Stealth Rock
|-status|p2a: Dragapult|tox
|move|p1a: Dragonite|Dragon Dance|p1a: Dragonite
|-boost|p1a: Dragonite|atk|1
|-boost|p1a: Dragonite|spe|1
|
|-damage|p2a: Dragapult|82/100 tox|[from] psn
|upkeep
|turn|11
|
|t:|1743845200
|-terastallize|p2a: Dragapult|Dragon
|move|p2a: Dragapult|Dragon Darts|p1a: Dragonite
|-supereffective|p1a: Dragonite
|-damage|p1a: Dragonite|71/100
|-anim|p2a: Dragapult|Dragon Darts|p1a: Dragonite
|-supereffective|p1a: Dragonite
|-damage|p1a: Dragonite|11/100
|move|p1a: Dragonite|Dragon Claw|p2a: Dragapult
|-supereffective|p2a: Dragapult
|-damage|p2a: Dragapult|0 fnt
|faint|p2a: Dragapult
|
|-heal|p1a: Dragonite|17/100|[from] item: Leftovers
|upkeep
|
|t:|1743845214
|switch|p2a: Corviknight|Corviknight, M|100/100
|-damage|p2a: Corviknight|88/100|[from] Stealth Rock
|turn|12
|
|t:|1743845224
|move|p1a: Dragonite|Dragon Claw|p2a: Corviknight
|-resisted|p2a: Corviknight
|-crit|p2a: Corviknight
|-damage|p2a: Corviknight|44/100
|move|p2a: Corviknight|Body Press|p1a: Dragonite
|-resisted|p1a: Dragonite
|-damage|p1a: Dragonite|7/100
|
|-heal|p1a: Dragonite|13/100|[from] item: Leftovers
|-heal|p2a: Corviknight|51/100|[from] item: Leftovers
|upkeep
|turn|13
|
|t:|1743845237
|move|p1a: Dragonite|Dragon Claw|p2a: Corviknight
|-resisted|p2a: Corviknight
|-damage|p2a: Corviknight|21/100
|move|p2a: Corviknight|Body Press|p1a: Dragonite
|-resisted|p1a: Dragonite
|-damage|p1a: Dragonite|2/100
|
|-heal|p1a: Dragonite|8/100|[from] item: Leftovers
|-heal|p2a: Corviknight|27/100|[from] item: Leftovers
|upkeep
|turn|14
|
|t:|1743845250
|move|p1a: Dragonite|Dragon Claw|p2a: Corviknight
|-resisted|p2a: Corviknight
|-damage|p2a: Corviknight|0 fnt
|faint|p2a: Corviknight
|
|-heal|p1a: Dragonite|14/100|[from] item: Leftovers
|upkeep
|
|t:|1743845258
|switch|p2a: Hatterene|Hatterene, F|100/100
|-damage|p2a: Hatterene|88/100|[from] Stealth Rock
|-status|p2a: Hatterene|tox
|turn|15
|
|t:|1743845268
|-terastallize|p1a: Dragonite|Normal
|move|p1a: Dragonite|Extreme Speed|p2a: Hatterene
|-damage|p2a: Hatterene|0 fnt
|faint|p2a: Hatterene
|
|-heal|p1a: Dragonite|20/100|[from] item: Leftovers
|upkeep
|
|t:|1743845278
|switch|p2a: Dondozo|Dondozo, M|100/100
|-damage|p2a: Dondozo|88/100|[from] Stealth Rock
|-status|p2a: Dondozo|tox
|turn|16
|
|t:|1743845285
|move|p1a: Dragonite|Extreme Speed|p2a: Dondozo
|-damage|p2a: Dondozo|61/100 tox
|move|p2a: Dondozo|Heavy Slam|p1a: Dragonite
|-damage|p1a: Dragonite|9/100
|
|-heal|p1a: Dragonite|15/100|[from] item: Leftovers
|-heal|p2a: Dondozo|67/100 tox|[from] item: Leftovers
|-damage|p2a: Dondozo|61/100 tox|[from] psn
|upkeep
|turn|17
|-message|Nate656 forfeited.
|
|win|hfyuftuffhftuy
|raw|Nate656's rating: 1026 &rarr; <strong>1011</strong><br />(-15 for losing)
|raw|hfyuftuffhftuy's rating: 1000 &rarr; <strong>1043</strong><br />(+43 for winning)
