|j|☆JackRG1
|j|☆maractus' no1 fan
|t:|1743801998
|gametype|singles
|player|p1|JackRG1|iris|1527
|player|p2|maractus' no1 fan|pokemonbreeder-gen4|1583
|teamsize|p1|6
|teamsize|p2|6
|gen|9
|tier|[Gen 9] OU
|rated|
|rule|HP Percentage Mod: HP is shown in percentages
|rule|Endless Battle Clause: Forcing endless battles is banned
|rule|Species Clause: Limit one of each Pokémon
|rule|OHKO Clause: OHKO moves are banned
|rule|Evasion Items Clause: Evasion items are banned
|rule|Evasion Moves Clause: Evasion moves are banned
|rule|Sleep Moves Clause: Sleep-inducing moves are banned
|clearpoke
|poke|p1|Volcanion|
|poke|p1|Clefable, M|
|poke|p1|Weavile, F|
|poke|p1|Garganacl, M|
|poke|p1|Ting-Lu|
|poke|p1|Zapdos|
|poke|p2|Blastoise, M|
|poke|p2|Pelipper, F|
|poke|p2|Dragapult, F|
|poke|p2|Latias, F|
|poke|p2|Azumarill, M|
|poke|p2|Iron Treads|
|teampreview
|inactive|Battle timer is ON: inactive players will automatically lose when time's up. (requested by JackRG1)
|inactive|JackRG1 has 120 seconds left.
|inactive|JackRG1 has 90 seconds left.
|
|t:|1743802086
|start
|switch|p1a: Ting-Lu|Ting-Lu|100/100
|switch|p2a: Pelipper|Pelipper, F|100/100
|-ability|p1a: Ting-Lu|Vessel of Ruin
|-weather|RainDance|[from] ability: Drizzle|[of] p2a: Pelipper
|turn|1
|
|t:|1743802098
|move|p1a: Ting-Lu|Ruination|p2a: Pelipper
|-damage|p2a: Pelipper|51/100
|move|p2a: Pelipper|U-turn|p1a: Ting-Lu
|-supereffective|p1a: Ting-Lu
|-damage|p1a: Ting-Lu|90/100
|
|t:|1743802105
|switch|p2a: Blastoise|Blastoise, M|100/100|[from] U-turn
|
|-weather|RainDance|[upkeep]
|upkeep
|turn|2
|
|t:|1743802114
|switch|p1a: Volcanion|Volcanion|100/100
|move|p2a: Blastoise|Shell Smash|p2a: Blastoise
|-unboost|p2a: Blastoise|def|1
|-unboost|p2a: Blastoise|spd|1
|-boost|p2a: Blastoise|atk|2
|-boost|p2a: Blastoise|spa|2
|-boost|p2a: Blastoise|spe|2
|
|-weather|RainDance|[upkeep]
|upkeep
|turn|3
|
|t:|1743802127
|-terastallize|p2a: Blastoise|Flying
|move|p2a: Blastoise|Tera Blast|p1a: Volcanion|[anim] Tera Blast Flying
|-damage|p1a: Volcanion|40/100
|move|p1a: Volcanion|Steam Eruption|p2a: Blastoise
|-crit|p2a: Blastoise
|-damage|p2a: Blastoise|0 fnt
|faint|p2a: Blastoise
|
|-weather|RainDance|[upkeep]
|upkeep
|
|t:|1743802138
|switch|p2a: Azumarill|Azumarill, M|100/100
|turn|4
|
|t:|1743802141
|move|p1a: Volcanion|Will-O-Wisp|p2a: Azumarill
|-status|p2a: Azumarill|brn
|move|p2a: Azumarill|Belly Drum|p2a: Azumarill
|-damage|p2a: Azumarill|50/100 brn
|-setboost|p2a: Azumarill|atk|6|[from] move: Belly Drum
|-enditem|p2a: Azumarill|Sitrus Berry|[eat]
|-heal|p2a: Azumarill|75/100 brn|[from] item: Sitrus Berry
|
|-weather|RainDance|[upkeep]
|-damage|p2a: Azumarill|69/100 brn|[from] brn
|upkeep
|turn|5
|
|t:|1743802145
|move|p1a: Volcanion|Steam Eruption|p2a: Azumarill
|-resisted|p2a: Azumarill
|-damage|p2a: Azumarill|19/100 brn
|move|p2a: Azumarill|Play Rough|p1a: Volcanion
|-resisted|p1a: Volcanion
|-damage|p1a: Volcanion|0 fnt
|faint|p1a: Volcanion
|
|-weather|RainDance|[upkeep]
|-damage|p2a: Azumarill|13/100 brn|[from] brn
|upkeep
|
|t:|1743802156
|switch|p1a: Zapdos|Zapdos|100/100
|-ability|p1a: Zapdos|Pressure
|turn|6
|
|t:|1743802160
|move|p1a: Zapdos|Volt Switch|p2a: Azumarill
|-supereffective|p2a: Azumarill
|-damage|p2a: Azumarill|0 fnt
|faint|p2a: Azumarill
|
|t:|1743802166
|switch|p1a: Clefable|Clefable, M|100/100|[from] Volt Switch
|
|-weather|RainDance|[upkeep]
|upkeep
|
|t:|1743802171
|switch|p2a: Iron Treads|Iron Treads|100/100
|turn|7
|inactive|JackRG1 has 120 seconds left.
|
|t:|1743802201
|switch|p1a: Ting-Lu|Ting-Lu|90/100
|-ability|p1a: Ting-Lu|Vessel of Ruin
|move|p2a: Iron Treads|Stealth Rock|p1a: Ting-Lu
|-sidestart|p1: JackRG1|move: Stealth Rock
|
|-weather|RainDance|[upkeep]
|upkeep
|turn|8
|
|t:|1743802213
|move|p2a: Iron Treads|Knock Off|p1a: Ting-Lu
|-resisted|p1a: Ting-Lu
|-damage|p1a: Ting-Lu|82/100
|-enditem|p1a: Ting-Lu|Heavy-Duty Boots|[from] move: Knock Off|[of] p2a: Iron Treads
|move|p1a: Ting-Lu|Earthquake|p2a: Iron Treads
|-supereffective|p2a: Iron Treads
|-damage|p2a: Iron Treads|31/100
|
|-weather|none
|-heal|p2a: Iron Treads|37/100|[from] item: Leftovers
|upkeep
|turn|9
|
|t:|1743802225
|-end|p2a: Iron Treads|Quark Drive|[silent]
|switch|p2a: Latias|Latias, F|100/100
|move|p1a: Ting-Lu|Earthquake|p2a: Latias
|-immune|p2a: Latias|[from] ability: Levitate
|
|upkeep
|turn|10
|
|t:|1743802239
|move|p2a: Latias|Aura Sphere|p1a: Ting-Lu
|-supereffective|p1a: Ting-Lu
|-damage|p1a: Ting-Lu|65/100
|move|p1a: Ting-Lu|Ruination|p2a: Latias
|-damage|p2a: Latias|50/100
|
|upkeep
|turn|11
|inactive|JackRG1 has 120 seconds left.
|
|t:|1743802284
|switch|p1a: Clefable|Clefable, M|100/100
|move|p2a: Latias|Aura Sphere|p1a: Clefable
|-resisted|p1a: Clefable
|-damage|p1a: Clefable|91/100
|
|-heal|p1a: Clefable|97/100|[from] item: Leftovers
|upkeep
|turn|12
|
|t:|1743802292
|move|p2a: Latias|Calm Mind|p2a: Latias
|-boost|p2a: Latias|spa|1
|-boost|p2a: Latias|spd|1
|move|p1a: Clefable|Stealth Rock|p2a: Latias
|-sidestart|p2: maractus' no1 fan|move: Stealth Rock
|
|-heal|p1a: Clefable|100/100|[from] item: Leftovers
|upkeep
|turn|13
|inactive|JackRG1 has 120 seconds left.
|
|t:|1743802302
|move|p2a: Latias|Calm Mind|p2a: Latias
|-boost|p2a: Latias|spa|1
|-boost|p2a: Latias|spd|1
|move|p1a: Clefable|Moonblast|p2a: Latias
|-supereffective|p2a: Latias
|-damage|p2a: Latias|25/100
|
|upkeep
|turn|14
|
|t:|1743802313
|switch|p1a: Weavile|Weavile, F|100/100
|-ability|p1a: Weavile|Pressure
|move|p2a: Latias|Stored Power|p1a: Weavile
|-immune|p1a: Weavile
|
|upkeep
|turn|15
|
|t:|1743802316
|move|p1a: Weavile|Knock Off|p2a: Latias
|-supereffective|p2a: Latias
|-damage|p2a: Latias|0 fnt
|-enditem|p2a: Latias|Covert Cloak|[from] move: Knock Off|[of] p1a: Weavile
|faint|p2a: Latias
|
|upkeep
|
|t:|1743802321
|switch|p2a: Pelipper|Pelipper, F|51/100
|-damage|p2a: Pelipper|26/100|[from] Stealth Rock
|-weather|RainDance|[from] ability: Drizzle|[of] p2a: Pelipper
|turn|16
|
|t:|1743802324
|move|p1a: Weavile|Knock Off|p2a: Pelipper
|-damage|p2a: Pelipper|0 fnt
|-enditem|p2a: Pelipper|Damp Rock|[from] move: Knock Off|[of] p1a: Weavile
|faint|p2a: Pelipper
|
|-weather|RainDance|[upkeep]
|upkeep
|
|t:|1743802328
|switch|p2a: Dragapult|Dragapult, F|100/100
|-damage|p2a: Dragapult|88/100|[from] Stealth Rock
|turn|17
|
|t:|1743802332
|switch|p1a: Garganacl|Garganacl, M|100/100
|move|p2a: Dragapult|Draco Meteor|p1a: Garganacl
|-damage|p1a: Garganacl|42/100
|-unboost|p2a: Dragapult|spa|2
|
|-weather|RainDance|[upkeep]
|upkeep
|turn|18
|
|t:|1743802336
|switch|p2a: Iron Treads|Iron Treads|37/100
|-damage|p2a: Iron Treads|34/100|[from] Stealth Rock
|move|p1a: Garganacl|Recover|p1a: Garganacl
|-heal|p1a: Garganacl|92/100
|
|-weather|RainDance|[upkeep]
|-heal|p2a: Iron Treads|40/100|[from] item: Leftovers
|upkeep
|turn|19
|
|t:|1743802340
|-terastallize|p1a: Garganacl|Water
|move|p2a: Iron Treads|Knock Off|p1a: Garganacl
|-damage|p1a: Garganacl|71/100
|-enditem|p1a: Garganacl|Heavy-Duty Boots|[from] move: Knock Off|[of] p2a: Iron Treads
|move|p1a: Garganacl|Curse|p1a: Garganacl
|-unboost|p1a: Garganacl|spe|1
|-boost|p1a: Garganacl|atk|1
|-boost|p1a: Garganacl|def|1
|
|-weather|RainDance|[upkeep]
|-heal|p2a: Iron Treads|46/100|[from] item: Leftovers
|upkeep
|turn|20
|
|t:|1743802346
|move|p2a: Iron Treads|Earthquake|p1a: Garganacl
|-damage|p1a: Garganacl|48/100
|move|p1a: Garganacl|Curse|p1a: Garganacl
|-unboost|p1a: Garganacl|spe|1
|-boost|p1a: Garganacl|atk|1
|-boost|p1a: Garganacl|def|1
|
|-weather|RainDance|[upkeep]
|-heal|p2a: Iron Treads|53/100|[from] item: Leftovers
|upkeep
|turn|21
|
|t:|1743802348
|move|p2a: Iron Treads|Earthquake|p1a: Garganacl
|-damage|p1a: Garganacl|31/100
|move|p1a: Garganacl|Recover|p1a: Garganacl
|-heal|p1a: Garganacl|81/100
|
|-weather|RainDance|[upkeep]
|-heal|p2a: Iron Treads|59/100|[from] item: Leftovers
|upkeep
|turn|22
|
|t:|1743802351
|move|p2a: Iron Treads|Earthquake|p1a: Garganacl
|-damage|p1a: Garganacl|66/100
|move|p1a: Garganacl|Salt Cure|p2a: Iron Treads
|-resisted|p2a: Iron Treads
|-damage|p2a: Iron Treads|52/100
|-start|p2a: Iron Treads|Salt Cure
|
|-weather|RainDance|[upkeep]
|-heal|p2a: Iron Treads|58/100|[from] item: Leftovers
|-damage|p2a: Iron Treads|34/100|[from] Salt Cure
|upkeep
|turn|23
|
|t:|1743802354
|move|p2a: Iron Treads|Earthquake|p1a: Garganacl
|-damage|p1a: Garganacl|49/100
|move|p1a: Garganacl|Recover|p1a: Garganacl
|-heal|p1a: Garganacl|99/100
|
|-weather|none
|-heal|p2a: Iron Treads|40/100|[from] item: Leftovers
|-damage|p2a: Iron Treads|15/100|[from] Salt Cure
|upkeep
|turn|24
|
|t:|1743802357
|move|p2a: Iron Treads|Rapid Spin|p1a: Garganacl
|-damage|p1a: Garganacl|93/100
|-boost|p2a: Iron Treads|spe|1
|-sideend|p2: maractus' no1 fan|Stealth Rock|[from] move: Rapid Spin|[of] p2a: Iron Treads
|move|p1a: Garganacl|Salt Cure|p2a: Iron Treads
|-resisted|p2a: Iron Treads
|-damage|p2a: Iron Treads|9/100
|
|-heal|p2a: Iron Treads|15/100|[from] item: Leftovers
|-damage|p2a: Iron Treads|0 fnt|[from] Salt Cure
|faint|p2a: Iron Treads
|-end|p2a: Iron Treads|Quark Drive|[silent]
|upkeep
|
|t:|1743802360
|switch|p2a: Dragapult|Dragapult, F|88/100
|turn|25
|-message|maractus' no1 fan forfeited.
|
|win|JackRG1
|raw|JackRG1's rating: 1527 &rarr; <strong>1550</strong><br />(+23 for winning)
|raw|maractus&apos; no1 fan's rating: 1583 &rarr; <strong>1560</strong><br />(-23 for losing)
|l|☆maractus' no1 fan
|player|p2|
|l|☆JackRG1
|player|p1|
