|j|☆DuckSupreme
|j|☆Buzzpeep
|inactive|Battle timer is ON: inactive players will automatically lose when time's up.
|t:|1743906401
|gametype|singles
|player|p1|DuckSupreme|102|
|player|p2|Buzzpeep|proton|
|teamsize|p1|5
|teamsize|p2|5
|gen|9
|tier|[Gen 9] OU
|rated|Tournament battle
|rule|HP Percentage Mod: HP is shown in percentages
|rule|Endless Battle Clause: Forcing endless battles is banned
|rule|Species Clause: Limit one of each Pokémon
|rule|OHKO Clause: OHKO moves are banned
|rule|Evasion Items Clause: Evasion items are banned
|rule|Evasion Moves Clause: Evasion moves are banned
|rule|Sleep Moves Clause: Sleep-inducing moves are banned
|clearpoke
|poke|p1|Tarountula, M|
|poke|p1|Mienshao, M|
|poke|p1|Shinx, F|
|poke|p1|Crabrawler, F|
|poke|p1|Cleffa, M|
|poke|p2|Beldum|
|poke|p2|Chespin, M|
|poke|p2|Snorlax, M|
|poke|p2|Skrelp, M|
|poke|p2|Dunsparce, M|
|teampreview
|j|*Lady Monita ❄
|
|t:|1743906409
|start
|switch|p1a: Tarountula|Tarountula, M|100/100
|switch|p2a: Dunsparce|Dunsparce, M|100/100
|turn|1
|
|t:|1743906417
|move|p2a: Dunsparce|Coil|p2a: Dunsparce
|-boost|p2a: Dunsparce|atk|1
|-boost|p2a: Dunsparce|def|1
|-boost|p2a: Dunsparce|accuracy|1
|move|p1a: Tarountula|Sticky Web|p2a: Dunsparce
|-sidestart|p2: Buzzpeep|move: Sticky Web
|
|upkeep
|turn|2
|
|t:|1743906428
|move|p2a: Dunsparce|Body Slam|p1a: Tarountula
|-damage|p1a: Tarountula|55/100
|move|p1a: Tarountula|Memento|p2a: Dunsparce
|-unboost|p2a: Dunsparce|atk|2
|-unboost|p2a: Dunsparce|spa|2
|faint|p1a: Tarountula
|
|upkeep
|
|t:|1743906447
|switch|p1a: Mienshao|Mienshao, M|100/100
|turn|3
|j| Dddddsf
|
|t:|1743906451
|switch|p2a: Chespin|Chespin, M|100/100
|-activate|p2a: Chespin|move: Sticky Web
|-unboost|p2a: Chespin|spe|1
|move|p1a: Mienshao|Close Combat|p2a: Chespin
|-damage|p2a: Chespin|0 fnt
|-unboost|p1a: Mienshao|def|1
|-unboost|p1a: Mienshao|spd|1
|faint|p2a: Chespin
|
|upkeep
|l| Dddddsf
|
|t:|1743906455
|switch|p2a: Skrelp|Skrelp, M|100/100
|-activate|p2a: Skrelp|move: Sticky Web
|-unboost|p2a: Skrelp|spe|1
|turn|4
|
|t:|1743906466
|switch|p1a: Crabrawler|Crabrawler, F|100/100
|move|p2a: Skrelp|Sludge Wave|p1a: Crabrawler
|-damage|p1a: Crabrawler|11/100
|
|upkeep
|turn|5
|
|t:|1743906474
|move|p1a: Crabrawler|Knock Off|p2a: Skrelp
|-crit|p2a: Skrelp
|-damage|p2a: Skrelp|28/100
|-enditem|p2a: Skrelp|Choice Specs|[from] move: Knock Off|[of] p1a: Crabrawler
|move|p2a: Skrelp|Sludge Wave|p1a: Crabrawler
|-damage|p1a: Crabrawler|0 fnt
|faint|p1a: Crabrawler
|
|upkeep
|
|t:|1743906484
|switch|p1a: Mienshao|Mienshao, M|100/100
|turn|6
|
|t:|1743906490
|move|p1a: Mienshao|Close Combat|p2a: Skrelp
|-resisted|p2a: Skrelp
|-damage|p2a: Skrelp|0 fnt
|-unboost|p1a: Mienshao|def|1
|-unboost|p1a: Mienshao|spd|1
|faint|p2a: Skrelp
|
|upkeep
|
|t:|1743906496
|switch|p2a: Snorlax|Snorlax, M|100/100
|-activate|p2a: Snorlax|move: Sticky Web
|-unboost|p2a: Snorlax|spe|1
|turn|7
|
|t:|1743906499
|-terastallize|p2a: Snorlax|Fairy
|move|p1a: Mienshao|Close Combat|p2a: Snorlax
|-resisted|p2a: Snorlax
|-damage|p2a: Snorlax|61/100
|-unboost|p1a: Mienshao|def|1
|-unboost|p1a: Mienshao|spd|1
|move|p2a: Snorlax|Curse|p2a: Snorlax
|-unboost|p2a: Snorlax|spe|1
|-boost|p2a: Snorlax|atk|1
|-boost|p2a: Snorlax|def|1
|
|-heal|p2a: Snorlax|67/100|[from] item: Leftovers
|upkeep
|turn|8
|
|t:|1743906523
|switch|p1a: Shinx|Shinx, F|100/100
|-ability|p1a: Shinx|Intimidate|boost
|-unboost|p2a: Snorlax|atk|1
|move|p2a: Snorlax|Curse|p2a: Snorlax
|-unboost|p2a: Snorlax|spe|1
|-boost|p2a: Snorlax|atk|1
|-boost|p2a: Snorlax|def|1
|
|-heal|p2a: Snorlax|73/100|[from] item: Leftovers
|upkeep
|turn|9
|
|t:|1743906534
|move|p1a: Shinx|Wild Charge|p2a: Snorlax
|-damage|p2a: Snorlax|56/100
|-damage|p1a: Shinx|93/100|[from] Recoil
|move|p2a: Snorlax|Curse|p2a: Snorlax
|-unboost|p2a: Snorlax|spe|1
|-boost|p2a: Snorlax|atk|1
|-boost|p2a: Snorlax|def|1
|
|-heal|p1a: Shinx|99/100|[from] item: Leftovers
|-heal|p2a: Snorlax|63/100|[from] item: Leftovers
|upkeep
|turn|10
|
|t:|1743906538
|switch|p1a: Cleffa|Cleffa, M|100/100
|move|p2a: Snorlax|Curse|p2a: Snorlax
|-unboost|p2a: Snorlax|spe|1
|-boost|p2a: Snorlax|atk|1
|-boost|p2a: Snorlax|def|1
|
|-heal|p2a: Snorlax|69/100|[from] item: Leftovers
|upkeep
|turn|11
|
|t:|1743906543
|move|p1a: Cleffa|Encore|p2a: Snorlax
|-start|p2a: Snorlax|Encore
|move|p2a: Snorlax|Curse|p2a: Snorlax
|-unboost|p2a: Snorlax|spe|1
|-boost|p2a: Snorlax|atk|1
|-boost|p2a: Snorlax|def|1
|
|-heal|p2a: Snorlax|75/100|[from] item: Leftovers
|upkeep
|turn|12
|
|t:|1743906548
|switch|p2a: Beldum|Beldum|100/100
|-activate|p2a: Beldum|move: Sticky Web
|-fail|p2a: Beldum|unboost|[from] ability: Clear Body|[of] p2a: Beldum
|move|p1a: Cleffa|Thunder Wave|p2a: Beldum
|-status|p2a: Beldum|par
|
|upkeep
|turn|13
|
|t:|1743906557
|move|p1a: Cleffa|Wish|p1a: Cleffa
|move|p2a: Beldum|Zen Headbutt|p1a: Cleffa
|-damage|p1a: Cleffa|26/100
|
|upkeep
|turn|14
|
|t:|1743906565
|switch|p1a: Shinx|Shinx, F|99/100
|-ability|p1a: Shinx|Intimidate|boost
|-fail|p2a: Beldum|unboost|[from] ability: Clear Body|[of] p2a: Beldum
|move|p2a: Beldum|Zen Headbutt|p1a: Shinx
|-damage|p1a: Shinx|0 fnt
|faint|p1a: Shinx
|
|upkeep
|
|t:|1743906571
|switch|p1a: Mienshao|Mienshao, M|100/100
|turn|15
|
|t:|1743906579
|move|p1a: Mienshao|Knock Off|p2a: Beldum
|-supereffective|p2a: Beldum
|-damage|p2a: Beldum|0 fnt
|-enditem|p2a: Beldum|Choice Band|[from] move: Knock Off|[of] p1a: Mienshao
|faint|p2a: Beldum
|
|upkeep
|
|t:|1743906585
|switch|p2a: Snorlax|Snorlax, M, tera:Fairy|75/100
|-activate|p2a: Snorlax|move: Sticky Web
|-unboost|p2a: Snorlax|spe|1
|turn|16
|
|t:|1743906589
|move|p1a: Mienshao|Knock Off|p2a: Snorlax
|-resisted|p2a: Snorlax
|-damage|p2a: Snorlax|52/100
|-enditem|p2a: Snorlax|Leftovers|[from] move: Knock Off|[of] p1a: Mienshao
|move|p2a: Snorlax|Curse|p2a: Snorlax
|-unboost|p2a: Snorlax|spe|1
|-boost|p2a: Snorlax|atk|1
|-boost|p2a: Snorlax|def|1
|
|upkeep
|turn|17
|
|t:|1743906592
|switch|p1a: Cleffa|Cleffa, M|26/100
|move|p2a: Snorlax|Crunch|p1a: Cleffa
|-resisted|p1a: Cleffa
|-damage|p1a: Cleffa|0 fnt
|faint|p1a: Cleffa
|
|upkeep
|
|t:|1743906594
|switch|p1a: Mienshao|Mienshao, M|100/100
|turn|18
|
|t:|1743906604
|switch|p2a: Dunsparce|Dunsparce, M|100/100
|-activate|p2a: Dunsparce|move: Sticky Web
|-unboost|p2a: Dunsparce|spe|1
|move|p1a: Mienshao|Ice Spinner|p2a: Dunsparce
|-damage|p2a: Dunsparce|70/100
|
|upkeep
|turn|19
|
|t:|1743906612
|move|p1a: Mienshao|Ice Spinner|p2a: Dunsparce
|-damage|p2a: Dunsparce|39/100
|move|p2a: Dunsparce|Body Slam|p1a: Mienshao
|-damage|p1a: Mienshao|60/100
|-status|p1a: Mienshao|par
|
|upkeep
|turn|20
|
|t:|1743906615
|cant|p1a: Mienshao|par
|move|p2a: Dunsparce|Roost|p2a: Dunsparce
|-heal|p2a: Dunsparce|89/100
|-singleturn|p2a: Dunsparce|move: Roost
|
|upkeep
|turn|21
|c|☆DuckSupreme|ggs
|-message|DuckSupreme forfeited.
|
|win|Buzzpeep
|n|☆DuckSupreme|ducksupreme
|n|☆Buzzpeep|buzzpeep
|n|*Lady Monita ❄|ladymonita
