|j|☆shupple
|j|☆Smartjedi
|t:|1743854851
|gametype|singles
|player|p1|shupple|elesa|1261
|player|p2|Smartjedi|red|1303
|teamsize|p1|6
|teamsize|p2|6
|gen|9
|tier|[Gen 9] OU
|rated|
|rule|HP Percentage Mod: HP is shown in percentages
|rule|Endless Battle Clause: Forcing endless battles is banned
|rule|Species Clause: Limit one of each Pokémon
|rule|OHKO Clause: OHKO moves are banned
|rule|Evasion Items Clause: Evasion items are banned
|rule|Evasion Moves Clause: Evasion moves are banned
|rule|Sleep Moves Clause: Sleep-inducing moves are banned
|clearpoke
|poke|p1|Bellibolt, M|
|poke|p1|Rillaboom, M|
|poke|p1|Great Tusk|
|poke|p1|Dragapult, F|
|poke|p1|Kingambit, M|
|poke|p1|Cloyster, F|
|poke|p2|Darkrai|
|poke|p2|Kingambit, F|
|poke|p2|Ogerpon-Wellspring, F|
|poke|p2|Gholdengo|
|poke|p2|Rillaboom, F|
|poke|p2|Gliscor, F|
|teampreview
|inactive|Battle timer is ON: inactive players will automatically lose when time's up. (requested by Smartjedi)
|
|t:|1743854869
|start
|switch|p1a: Cloyster|Cloyster, F|100/100
|switch|p2a: Darkrai|Darkrai|100/100
|turn|1
|
|t:|1743854880
|switch|p1a: Bellibolt|Bellibolt, M, shiny|100/100
|move|p2a: Darkrai|Dark Pulse|p1a: Bellibolt
|-crit|p1a: Bellibolt
|-damage|p1a: Bellibolt|55/100
|-start|p1a: Bellibolt|Charge|Dark Pulse|[from] ability: Electromorphosis
|
|upkeep
|turn|2
|
|t:|1743854889
|move|p2a: Darkrai|Nasty Plot|p2a: Darkrai
|-boost|p2a: Darkrai|spa|2
|move|p1a: Bellibolt|Slack Off|p1a: Bellibolt
|-heal|p1a: Bellibolt|100/100
|
|upkeep
|turn|3
|
|t:|1743854893
|move|p2a: Darkrai|Dark Pulse|p1a: Bellibolt
|-damage|p1a: Bellibolt|48/100
|-start|p1a: Bellibolt|Charge|Dark Pulse|[from] ability: Electromorphosis
|move|p1a: Bellibolt|Discharge|p2a: Darkrai
|-damage|p2a: Darkrai|28/100
|-status|p2a: Darkrai|par
|-end|p1a: Bellibolt|Charge|[silent]
|
|upkeep
|turn|4
|
|t:|1743854914
|switch|p2a: Gliscor|Gliscor, F|100/100
|move|p1a: Bellibolt|Discharge|p2a: Gliscor
|-immune|p2a: Gliscor
|
|-status|p2a: Gliscor|tox|[from] item: Toxic Orb
|upkeep
|turn|5
|
|t:|1743854923
|-terastallize|p1a: Bellibolt|Flying
|move|p2a: Gliscor|Toxic|p1a: Bellibolt
|-status|p1a: Bellibolt|tox
|move|p1a: Bellibolt|Soak|p2a: Gliscor
|-start|p2a: Gliscor|typechange|Water
|
|-damage|p1a: Bellibolt|41/100 tox|[from] psn
|upkeep
|turn|6
|
|t:|1743854932
|switch|p2a: Darkrai|Darkrai|28/100 par
|move|p1a: Bellibolt|Slack Off|p1a: Bellibolt
|-heal|p1a: Bellibolt|91/100 tox
|
|-damage|p1a: Bellibolt|79/100 tox|[from] psn
|upkeep
|turn|7
|
|t:|1743854946
|switch|p2a: Gliscor|Gliscor, F|100/100 tox
|move|p1a: Bellibolt|Discharge|p2a: Gliscor
|-immune|p2a: Gliscor
|
|-damage|p1a: Bellibolt|61/100 tox|[from] psn
|upkeep
|turn|8
|
|t:|1743854951
|switch|p1a: Great Tusk|Great Tusk|100/100
|move|p2a: Gliscor|Spikes|p1a: Great Tusk
|-sidestart|p1: shupple|Spikes
|
|upkeep
|turn|9
|
|t:|1743854957
|move|p1a: Great Tusk|Rapid Spin|p2a: Gliscor
|-damage|p2a: Gliscor|85/100 tox
|-boost|p1a: Great Tusk|spe|1
|-sideend|p1: shupple|Spikes|[from] move: Rapid Spin|[of] p1a: Great Tusk
|move|p2a: Gliscor|Toxic|p1a: Great Tusk|[miss]
|-miss|p2a: Gliscor|p1a: Great Tusk
|
|-heal|p2a: Gliscor|98/100 tox|[from] ability: Poison Heal
|upkeep
|turn|10
|
|t:|1743854965
|move|p2a: Gliscor|Protect|p2a: Gliscor
|-singleturn|p2a: Gliscor|Protect
|move|p1a: Great Tusk|Ice Spinner|p2a: Gliscor
|-activate|p2a: Gliscor|move: Protect
|
|-heal|p2a: Gliscor|100/100 tox|[from] ability: Poison Heal
|upkeep
|turn|11
|
|t:|1743854975
|-end|p1a: Great Tusk|Protosynthesis|[silent]
|switch|p1a: Cloyster|Cloyster, F|100/100
|-terastallize|p2a: Gliscor|Water
|move|p2a: Gliscor|Toxic|p1a: Cloyster
|-status|p1a: Cloyster|tox
|
|-damage|p1a: Cloyster|94/100 tox|[from] psn
|upkeep
|turn|12
|
|t:|1743854982
|move|p1a: Cloyster|Shell Smash|p1a: Cloyster
|-unboost|p1a: Cloyster|def|1
|-unboost|p1a: Cloyster|spd|1
|-boost|p1a: Cloyster|atk|2
|-boost|p1a: Cloyster|spa|2
|-boost|p1a: Cloyster|spe|2
|move|p2a: Gliscor|Spikes|p1a: Cloyster
|-sidestart|p1: shupple|Spikes
|
|-damage|p1a: Cloyster|82/100 tox|[from] psn
|upkeep
|turn|13
|
|t:|1743854992
|move|p2a: Gliscor|Protect|p2a: Gliscor
|-singleturn|p2a: Gliscor|Protect
|move|p1a: Cloyster|Icicle Spear|p2a: Gliscor
|-activate|p2a: Gliscor|move: Protect
|
|-damage|p1a: Cloyster|63/100 tox|[from] psn
|upkeep
|turn|14
|
|t:|1743854997
|switch|p2a: Darkrai|Darkrai|28/100 par
|move|p1a: Cloyster|Icicle Spear|p2a: Darkrai
|-damage|p2a: Darkrai|0 fnt
|faint|p2a: Darkrai
|-hitcount|p2: Darkrai|1
|
|-damage|p1a: Cloyster|38/100 tox|[from] psn
|upkeep
|
|t:|1743855006
|switch|p2a: Kingambit|Kingambit, F|100/100
|-activate|p2a: Kingambit|ability: Supreme Overlord
|-start|p2a: Kingambit|fallen1|[silent]
|turn|15
|
|t:|1743855016
|switch|p1a: Great Tusk|Great Tusk|100/100
|move|p2a: Kingambit|Sucker Punch||[still]
|-fail|p2a: Kingambit
|
|upkeep
|turn|16
|
|t:|1743855036
|-end|p2a: Kingambit|fallen1|[silent]
|switch|p2a: Gliscor|Gliscor, F, tera:Water|100/100 tox
|move|p1a: Great Tusk|Rapid Spin|p2a: Gliscor
|-damage|p2a: Gliscor|88/100 tox
|-boost|p1a: Great Tusk|spe|1
|-sideend|p1: shupple|Spikes|[from] move: Rapid Spin|[of] p1a: Great Tusk
|
|-heal|p2a: Gliscor|99/100 tox|[from] ability: Poison Heal
|upkeep
|turn|17
|
|t:|1743855053
|-end|p1a: Great Tusk|Protosynthesis|[silent]
|switch|p1a: Bellibolt|Bellibolt, M, shiny, tera:Flying|61/100 tox
|move|p2a: Gliscor|Toxic|p1a: Bellibolt
|-fail|p1a: Bellibolt|tox
|
|-heal|p2a: Gliscor|100/100 tox|[from] ability: Poison Heal
|-damage|p1a: Bellibolt|54/100 tox|[from] psn
|upkeep
|turn|18
|
|t:|1743855059
|move|p2a: Gliscor|Spikes|p1a: Bellibolt
|-sidestart|p1: shupple|Spikes
|move|p1a: Bellibolt|Slack Off|p1a: Bellibolt
|-heal|p1a: Bellibolt|100/100 tox
|
|-damage|p1a: Bellibolt|88/100 tox|[from] psn
|upkeep
|turn|19
|
|t:|1743855075
|move|p2a: Gliscor|Protect|p2a: Gliscor
|-singleturn|p2a: Gliscor|Protect
|move|p1a: Bellibolt|Discharge|p2a: Gliscor
|-activate|p2a: Gliscor|move: Protect
|
|-damage|p1a: Bellibolt|70/100 tox|[from] psn
|upkeep
|turn|20
|
|t:|1743855083
|switch|p2a: Kingambit|Kingambit, F|100/100
|-activate|p2a: Kingambit|ability: Supreme Overlord
|-start|p2a: Kingambit|fallen1|[silent]
|move|p1a: Bellibolt|Discharge|p2a: Kingambit
|-damage|p2a: Kingambit|67/100
|-status|p2a: Kingambit|par
|
|-damage|p1a: Bellibolt|45/100 tox|[from] psn
|upkeep
|turn|21
|
|t:|1743855096
|-end|p2a: Kingambit|fallen1|[silent]
|switch|p2a: Gliscor|Gliscor, F, tera:Water|100/100 tox
|move|p1a: Bellibolt|Slack Off|p1a: Bellibolt
|-heal|p1a: Bellibolt|95/100 tox
|
|-damage|p1a: Bellibolt|64/100 tox|[from] psn
|upkeep
|turn|22
|
|t:|1743855111
|move|p2a: Gliscor|Spikes|p1a: Bellibolt
|-sidestart|p1: shupple|Spikes
|move|p1a: Bellibolt|Discharge|p2a: Gliscor
|-supereffective|p2a: Gliscor
|-damage|p2a: Gliscor|52/100 tox
|
|-heal|p2a: Gliscor|65/100 tox|[from] ability: Poison Heal
|-damage|p1a: Bellibolt|27/100 tox|[from] psn
|upkeep
|turn|23
|
|t:|1743855128
|switch|p1a: Cloyster|Cloyster, F|38/100 tox
|-damage|p1a: Cloyster|22/100 tox|[from] Spikes
|move|p2a: Gliscor|Toxic|p1a: Cloyster
|-fail|p1a: Cloyster|tox
|
|-damage|p1a: Cloyster|15/100 tox|[from] psn
|-heal|p2a: Gliscor|77/100 tox|[from] ability: Poison Heal
|upkeep
|turn|24
|inactive|shupple has 120 seconds left.
|
|t:|1743855149
|move|p1a: Cloyster|Icicle Spear|p2a: Gliscor
|-resisted|p2a: Gliscor
|-damage|p2a: Gliscor|73/100 tox
|-resisted|p2a: Gliscor
|-damage|p2a: Gliscor|68/100 tox
|-resisted|p2a: Gliscor
|-damage|p2a: Gliscor|64/100 tox
|-resisted|p2a: Gliscor
|-damage|p2a: Gliscor|59/100 tox
|-resisted|p2a: Gliscor
|-damage|p2a: Gliscor|55/100 tox
|-hitcount|p2a: Gliscor|5
|move|p2a: Gliscor|Earthquake|p1a: Cloyster
|-crit|p1a: Cloyster
|-damage|p1a: Cloyster|0 fnt
|faint|p1a: Cloyster
|
|-heal|p2a: Gliscor|67/100 tox|[from] ability: Poison Heal
|upkeep
|inactive|shupple has 120 seconds left.
|
|t:|1743855155
|switch|p1a: Rillaboom|Rillaboom, M|100/100
|-damage|p1a: Rillaboom|84/100|[from] Spikes
|-fieldstart|move: Grassy Terrain|[from] ability: Grassy Surge|[of] p1a: Rillaboom
|turn|25
|inactive|shupple has 120 seconds left.
|
|t:|1743855173
|move|p2a: Gliscor|Protect|p2a: Gliscor
|-singleturn|p2a: Gliscor|Protect
|move|p1a: Rillaboom|Wood Hammer|p2a: Gliscor
|-activate|p2a: Gliscor|move: Protect
|
|-heal|p1a: Rillaboom|90/100|[from] Grassy Terrain
|-heal|p2a: Gliscor|74/100 tox|[from] Grassy Terrain
|-heal|p2a: Gliscor|86/100 tox|[from] ability: Poison Heal
|upkeep
|turn|26
|inactive|shupple has 120 seconds left.
|
|t:|1743855181
|switch|p2a: Kingambit|Kingambit, F|67/100 par
|-activate|p2a: Kingambit|ability: Supreme Overlord
|-start|p2a: Kingambit|fallen1|[silent]
|move|p1a: Rillaboom|Knock Off|p2a: Kingambit
|-resisted|p2a: Kingambit
|-damage|p2a: Kingambit|48/100 par
|-enditem|p2a: Kingambit|Black Glasses|[from] move: Knock Off|[of] p1a: Rillaboom
|-damage|p1a: Rillaboom|80/100|[from] item: Life Orb
|
|-heal|p1a: Rillaboom|86/100|[from] Grassy Terrain
|-heal|p2a: Kingambit|54/100 par|[from] Grassy Terrain
|upkeep
|turn|27
|
|t:|1743855186
|move|p2a: Kingambit|Sucker Punch|p1a: Rillaboom
|-damage|p1a: Rillaboom|40/100
|move|p1a: Rillaboom|High Horsepower|p2a: Kingambit
|-supereffective|p2a: Kingambit
|-damage|p2a: Kingambit|0 fnt
|faint|p2a: Kingambit
|-end|p2a: Kingambit|fallen1|[silent]
|-damage|p1a: Rillaboom|30/100|[from] item: Life Orb
|
|-heal|p1a: Rillaboom|37/100|[from] Grassy Terrain
|upkeep
|
|t:|1743855189
|switch|p2a: METRO BOOMER|Rillaboom, F|100/100
|turn|28
|
|t:|1743855203
|move|p2a: METRO BOOMER|Grassy Glide|p1a: Rillaboom
|-resisted|p1a: Rillaboom
|-damage|p1a: Rillaboom|6/100
|move|p1a: Rillaboom|Wood Hammer|p2a: METRO BOOMER
|-resisted|p2a: METRO BOOMER
|-damage|p2a: METRO BOOMER|42/100
|-damage|p1a: Rillaboom|0 fnt|[from] Recoil
|faint|p1a: Rillaboom
|
|-heal|p2a: METRO BOOMER|48/100|[from] Grassy Terrain
|upkeep
|
|t:|1743855215
|switch|p1a: Bellibolt|Bellibolt, M, shiny, tera:Flying|27/100 tox
|turn|29
|
|t:|1743855224
|move|p2a: METRO BOOMER|Grassy Glide|p1a: Bellibolt
|-resisted|p1a: Bellibolt
|-damage|p1a: Bellibolt|0 fnt
|faint|p1a: Bellibolt
|
|-heal|p2a: METRO BOOMER|54/100|[from] Grassy Terrain
|-fieldend|move: Grassy Terrain
|upkeep
|
|t:|1743855237
|switch|p1a: Dragapult|Dragapult, F|100/100
|-damage|p1a: Dragapult|84/100|[from] Spikes
|turn|30
|
|t:|1743855251
|switch|p2a: Gholdengo|Gholdengo|100/100
|-item|p2a: Gholdengo|Air Balloon
|move|p1a: Dragapult|Draco Meteor|p2a: Gholdengo
|-resisted|p2a: Gholdengo
|-damage|p2a: Gholdengo|60/100
|-unboost|p1a: Dragapult|spa|2
|-enditem|p2a: Gholdengo|Air Balloon
|-damage|p1a: Dragapult|74/100|[from] item: Life Orb
|
|upkeep
|turn|31
|
|t:|1743855261
|switch|p1a: Kingambit|Kingambit, M|100/100
|-damage|p1a: Kingambit|84/100|[from] Spikes
|-activate|p1a: Kingambit|ability: Supreme Overlord
|-start|p1a: Kingambit|fallen3|[silent]
|move|p2a: Gholdengo|Shadow Ball|p1a: Kingambit
|-resisted|p1a: Kingambit
|-damage|p1a: Kingambit|62/100
|
|upkeep
|turn|32
|
|t:|1743855275
|move|p2a: Gholdengo|Make It Rain|p1a: Kingambit
|-resisted|p1a: Kingambit
|-damage|p1a: Kingambit|32/100
|-unboost|p2a: Gholdengo|spa|1
|move|p1a: Kingambit|Swords Dance|p1a: Kingambit
|-boost|p1a: Kingambit|atk|2
|
|upkeep
|turn|33
|
|t:|1743855280
|move|p1a: Kingambit|Sucker Punch|p2a: Gholdengo
|-supereffective|p2a: Gholdengo
|-damage|p2a: Gholdengo|0 fnt
|faint|p2a: Gholdengo
|
|upkeep
|
|t:|1743855283
|switch|p2a: METRO BOOMER|Rillaboom, F|54/100
|-fieldstart|move: Grassy Terrain|[from] ability: Grassy Surge|[of] p2a: METRO BOOMER
|turn|34
|
|t:|1743855288
|move|p2a: METRO BOOMER|Grassy Glide|p1a: Kingambit
|-resisted|p1a: Kingambit
|-damage|p1a: Kingambit|9/100
|move|p1a: Kingambit|Sucker Punch||[still]
|-fail|p1a: Kingambit
|
|-heal|p2a: METRO BOOMER|60/100|[from] Grassy Terrain
|-heal|p1a: Kingambit|16/100|[from] Grassy Terrain
|upkeep
|turn|35
|
|t:|1743855296
|move|p2a: METRO BOOMER|Grassy Glide|p1a: Kingambit
|-resisted|p1a: Kingambit
|-damage|p1a: Kingambit|0 fnt
|faint|p1a: Kingambit
|-end|p1a: Kingambit|fallen3|[silent]
|
|-heal|p2a: METRO BOOMER|66/100|[from] Grassy Terrain
|upkeep
|
|t:|1743855302
|switch|p1a: Dragapult|Dragapult, F|74/100
|-damage|p1a: Dragapult|58/100|[from] Spikes
|turn|36
|
|t:|1743855309
|switch|p2a: Ogerpon|Ogerpon-Wellspring, F|100/100
|move|p1a: Dragapult|Draco Meteor|p2a: Ogerpon|[miss]
|-miss|p1a: Dragapult|p2a: Ogerpon
|
|-heal|p1a: Dragapult|64/100|[from] Grassy Terrain
|upkeep
|turn|37
|
|t:|1743855316
|move|p1a: Dragapult|Draco Meteor|p2a: Ogerpon
|-damage|p2a: Ogerpon|17/100
|-unboost|p1a: Dragapult|spa|2
|-damage|p1a: Dragapult|54/100|[from] item: Life Orb
|move|p2a: Ogerpon|Power Whip|p1a: Dragapult
|-resisted|p1a: Dragapult
|-damage|p1a: Dragapult|0 fnt
|faint|p1a: Dragapult
|
|-heal|p2a: Ogerpon|23/100|[from] Grassy Terrain
|upkeep
|
|t:|1743855324
|switch|p1a: Great Tusk|Great Tusk|100/100
|turn|38
|
|t:|1743855332
|move|p2a: Ogerpon|Ivy Cudgel|p1a: Great Tusk|[anim] Ivy Cudgel Water
|-supereffective|p1a: Great Tusk
|-damage|p1a: Great Tusk|20/100
|move|p1a: Great Tusk|Rapid Spin|p2a: Ogerpon
|-damage|p2a: Ogerpon|2/100
|-boost|p1a: Great Tusk|spe|1
|-sideend|p1: shupple|Spikes|[from] move: Rapid Spin|[of] p1a: Great Tusk
|
|-heal|p1a: Great Tusk|26/100|[from] Grassy Terrain
|-heal|p2a: Ogerpon|8/100|[from] Grassy Terrain
|-fieldend|move: Grassy Terrain
|upkeep
|turn|39
|
|t:|1743855340
|move|p1a: Great Tusk|Ice Spinner|p2a: Ogerpon
|-damage|p2a: Ogerpon|0 fnt
|faint|p2a: Ogerpon
|
|upkeep
|
|t:|1743855343
|switch|p2a: METRO BOOMER|Rillaboom, F|66/100
|-fieldstart|move: Grassy Terrain|[from] ability: Grassy Surge|[of] p2a: METRO BOOMER
|turn|40
|-message|shupple forfeited.
|
|win|Smartjedi
|raw|shupple's rating: 1261 &rarr; <strong>1239</strong><br />(-22 for losing)
|raw|Smartjedi's rating: 1303 &rarr; <strong>1321</strong><br />(+18 for winning)
|l|☆shupple
|player|p1|
|l|☆Smartjedi
|player|p2|
