|j|☆Oddsin
|j|☆Aidenisbored
|t:|1743921154
|gametype|singles
|player|p1|Oddsin|101|1134
|player|p2|Aidenisbored|lucas-gen4pt|1196
|teamsize|p1|6
|teamsize|p2|6
|gen|9
|tier|[Gen 9] OU
|rated|
|rule|HP Percentage Mod: HP is shown in percentages
|rule|Endless Battle Clause: Forcing endless battles is banned
|rule|Species Clause: Limit one of each Pokémon
|rule|OHKO Clause: OHKO moves are banned
|rule|Evasion Items Clause: Evasion items are banned
|rule|Evasion Moves Clause: Evasion moves are banned
|rule|Sleep Moves Clause: Sleep-inducing moves are banned
|clearpoke
|poke|p1|Blastoise, M|
|poke|p1|Arcanine, M|
|poke|p1|Heracross, M|
|poke|p1|Dragonite, F|
|poke|p1|Jolteon, F|
|poke|p1|Gengar, F|
|poke|p2|Iron Valiant|
|poke|p2|Iron Moth|
|poke|p2|Dragapult, F|
|poke|p2|Great Tusk|
|poke|p2|Kingambit, M|
|poke|p2|Meowscarada, F|
|teampreview
|
|t:|1743921170
|start
|switch|p1a: Jolteon|Jolteon, F|100/100
|switch|p2a: Great Tusk|Great Tusk|100/100
|turn|1
|
|t:|1743921182
|switch|p1a: Blastoise|Blastoise, M|100/100
|move|p2a: Great Tusk|Stealth Rock|p1a: Blastoise
|-sidestart|p1: Oddsin|move: Stealth Rock
|
|upkeep
|turn|2
|inactive|Battle timer is ON: inactive players will automatically lose when time's up. (requested by Aidenisbored)
|
|t:|1743921194
|move|p1a: Blastoise|Shell Smash|p1a: Blastoise
|-unboost|p1a: Blastoise|def|1
|-unboost|p1a: Blastoise|spd|1
|-boost|p1a: Blastoise|atk|2
|-boost|p1a: Blastoise|spa|2
|-boost|p1a: Blastoise|spe|2
|-enditem|p1a: Blastoise|White Herb
|-clearnegativeboost|p1a: Blastoise|[silent]
|move|p2a: Great Tusk|Roar|p1a: Blastoise
|drag|p1a: Dragonite|Dragonite, F|100/100
|-damage|p1a: Dragonite|76/100|[from] Stealth Rock
|
|upkeep
|turn|3
|
|t:|1743921215
|move|p1a: Dragonite|Roost|p1a: Dragonite
|-heal|p1a: Dragonite|100/100
|-singleturn|p1a: Dragonite|move: Roost
|move|p2a: Great Tusk|Rapid Spin|p1a: Dragonite
|-damage|p1a: Dragonite|92/100
|-boost|p2a: Great Tusk|spe|1
|
|upkeep
|turn|4
|inactive|Oddsin has 120 seconds left.
|
|t:|1743921255
|move|p1a: Dragonite|Extreme Speed|p2a: Great Tusk
|-damage|p2a: Great Tusk|87/100
|move|p2a: Great Tusk|Roar|p1a: Dragonite
|drag|p1a: Jolteon|Jolteon, F|100/100
|-damage|p1a: Jolteon|88/100|[from] Stealth Rock
|
|-heal|p2a: Great Tusk|93/100|[from] item: Leftovers
|upkeep
|turn|5
|inactive|Oddsin has 90 seconds left.
|
|t:|1743921281
|move|p1a: Jolteon|Hyper Voice|p2a: Great Tusk
|-damage|p2a: Great Tusk|37/100
|move|p2a: Great Tusk|Rapid Spin|p1a: Jolteon
|-damage|p1a: Jolteon|61/100
|-boost|p2a: Great Tusk|spe|1
|
|-heal|p2a: Great Tusk|43/100|[from] item: Leftovers
|upkeep
|turn|6
|
|t:|1743921290
|move|p2a: Great Tusk|Earthquake|p1a: Jolteon
|-supereffective|p1a: Jolteon
|-damage|p1a: Jolteon|0 fnt
|faint|p1a: Jolteon
|
|-heal|p2a: Great Tusk|50/100|[from] item: Leftovers
|upkeep
|
|t:|1743921297
|switch|p1a: Blastoise|Blastoise, M|100/100
|-damage|p1a: Blastoise|88/100|[from] Stealth Rock
|turn|7
|
|t:|1743921304
|move|p1a: Blastoise|Rapid Spin|p2a: Great Tusk
|-damage|p2a: Great Tusk|45/100
|-boost|p1a: Blastoise|spe|1
|-sideend|p1: Oddsin|Stealth Rock|[from] move: Rapid Spin|[of] p1a: Blastoise
|move|p2a: Great Tusk|Roar|p1a: Blastoise
|drag|p1a: Gengar|Gengar, F|100/100
|
|-heal|p2a: Great Tusk|51/100|[from] item: Leftovers
|upkeep
|turn|8
|inactive|Oddsin has 90 seconds left.
|
|t:|1743921337
|move|p2a: Great Tusk|Stealth Rock|p1a: Gengar
|-sidestart|p1: Oddsin|move: Stealth Rock
|move|p1a: Gengar|Shadow Ball|p2a: Great Tusk
|-damage|p2a: Great Tusk|0 fnt
|faint|p2a: Great Tusk
|-end|p2a: Great Tusk|Protosynthesis|[silent]
|
|upkeep
|
|t:|1743921350
|switch|p2a: Dragapult|Dragapult, F|100/100
|turn|9
|inactive|Oddsin has 90 seconds left.
|
|t:|1743921367
|move|p2a: Dragapult|Phantom Force||[still]
|-prepare|p2a: Dragapult|Phantom Force
|move|p1a: Gengar|Shadow Ball|p2a: Dragapult|[miss]
|-miss|p1a: Gengar|p2a: Dragapult
|
|upkeep
|turn|10
|inactive|Oddsin has 90 seconds left.
|
|t:|1743921375
|move|p2a: Dragapult|Phantom Force|p1a: Gengar|[from] lockedmove
|-supereffective|p1a: Gengar
|-enditem|p1a: Gengar|Focus Sash
|-damage|p1a: Gengar|1/100
|-damage|p2a: Dragapult|91/100|[from] item: Life Orb
|move|p1a: Gengar|Shadow Ball|p2a: Dragapult
|-supereffective|p2a: Dragapult
|-damage|p2a: Dragapult|0 fnt
|faint|p2a: Dragapult
|
|upkeep
|
|t:|1743921384
|switch|p2a: Meowscarada|Meowscarada, F|100/100
|turn|11
|
|t:|1743921392
|move|p2a: Meowscarada|U-turn|p1a: Gengar
|-resisted|p1a: Gengar
|-damage|p1a: Gengar|0 fnt
|faint|p1a: Gengar
|
|t:|1743921395
|switch|p2a: Iron Moth|Iron Moth|100/100|[from] U-turn
|-enditem|p2a: Iron Moth|Booster Energy
|-activate|p2a: Iron Moth|ability: Quark Drive|[fromitem]
|-start|p2a: Iron Moth|quarkdrivespa
|
|upkeep
|
|t:|1743921407
|switch|p1a: Blastoise|Blastoise, M|88/100
|-damage|p1a: Blastoise|76/100|[from] Stealth Rock
|turn|12
|
|t:|1743921416
|move|p2a: Iron Moth|Energy Ball|p1a: Blastoise
|-supereffective|p1a: Blastoise
|-damage|p1a: Blastoise|7/100
|move|p1a: Blastoise|Rapid Spin|p2a: Iron Moth
|-damage|p2a: Iron Moth|84/100
|-boost|p1a: Blastoise|spe|1
|-sideend|p1: Oddsin|Stealth Rock|[from] move: Rapid Spin|[of] p1a: Blastoise
|
|upkeep
|turn|13
|
|t:|1743921430
|move|p2a: Iron Moth|Fiery Dance|p1a: Blastoise
|-resisted|p1a: Blastoise
|-damage|p1a: Blastoise|0 fnt
|faint|p1a: Blastoise
|
|upkeep
|inactive|Oddsin has 90 seconds left.
|
|t:|1743921450
|switch|p1a: Dragonite|Dragonite, F|92/100
|turn|14
|
|t:|1743921458
|move|p2a: Iron Moth|Fiery Dance|p1a: Dragonite
|-resisted|p1a: Dragonite
|-crit|p1a: Dragonite
|-damage|p1a: Dragonite|50/100
|-boost|p2a: Iron Moth|spa|1
|move|p1a: Dragonite|Dragon Dance|p1a: Dragonite
|-boost|p1a: Dragonite|atk|1
|-boost|p1a: Dragonite|spe|1
|
|upkeep
|turn|15
|inactive|Oddsin has 90 seconds left.
|
|t:|1743921491
|move|p1a: Dragonite|Roost|p1a: Dragonite
|-heal|p1a: Dragonite|99/100
|-singleturn|p1a: Dragonite|move: Roost
|move|p2a: Iron Moth|Sludge Wave|p1a: Dragonite
|-damage|p1a: Dragonite|0 fnt
|faint|p1a: Dragonite
|
|upkeep
|
|t:|1743921514
|switch|p1a: Heracross|Heracross, M|100/100
|turn|16
|
|t:|1743921518
|move|p1a: Heracross|Earthquake|p2a: Iron Moth
|-supereffective|p2a: Iron Moth
|-damage|p2a: Iron Moth|0 fnt
|faint|p2a: Iron Moth
|-end|p2a: Iron Moth|Quark Drive|[silent]
|-ability|p1a: Heracross|Moxie|boost
|-boost|p1a: Heracross|atk|1
|
|upkeep
|
|t:|1743921522
|switch|p2a: Meowscarada|Meowscarada, F|100/100
|turn|17
|
|t:|1743921528
|switch|p1a: Arcanine|Arcanine, M|100/100
|-ability|p1a: Arcanine|Intimidate|boost
|-unboost|p2a: Meowscarada|atk|1
|move|p2a: Meowscarada|Spikes|p1a: Arcanine
|-sidestart|p1: Oddsin|Spikes
|
|upkeep
|turn|18
|inactive|Oddsin has 90 seconds left.
|
|t:|1743921545
|move|p2a: Meowscarada|U-turn|p1a: Arcanine
|-resisted|p1a: Arcanine
|-damage|p1a: Arcanine|91/100
|
|t:|1743921549
|switch|p2a: Iron Valiant|Iron Valiant|100/100|[from] U-turn
|-enditem|p2a: Iron Valiant|Booster Energy
|-activate|p2a: Iron Valiant|ability: Quark Drive|[fromitem]
|-start|p2a: Iron Valiant|quarkdrivespe
|move|p1a: Arcanine|Flare Blitz|p2a: Iron Valiant
|-damage|p2a: Iron Valiant|0 fnt
|faint|p2a: Iron Valiant
|-end|p2a: Iron Valiant|Quark Drive|[silent]
|-damage|p1a: Arcanine|62/100|[from] Recoil
|-damage|p1a: Arcanine|52/100|[from] item: Life Orb
|
|upkeep
|
|t:|1743921561
|switch|p2a: Meowscarada|Meowscarada, F|100/100
|turn|19
|inactive|Oddsin has 90 seconds left.
|
|t:|1743921573
|move|p1a: Arcanine|Extreme Speed|p2a: Meowscarada
|-damage|p2a: Meowscarada|45/100
|-damage|p1a: Arcanine|42/100|[from] item: Life Orb
|move|p2a: Meowscarada|Bullet Seed|p1a: Arcanine
|-resisted|p1a: Arcanine
|-damage|p1a: Arcanine|34/100
|-resisted|p1a: Arcanine
|-damage|p1a: Arcanine|26/100
|-resisted|p1a: Arcanine
|-damage|p1a: Arcanine|19/100
|-resisted|p1a: Arcanine
|-damage|p1a: Arcanine|12/100
|-resisted|p1a: Arcanine
|-damage|p1a: Arcanine|5/100
|-hitcount|p1a: Arcanine|5
|
|upkeep
|turn|20
|inactive|Oddsin has 90 seconds left.
|
|t:|1743921592
|move|p1a: Arcanine|Extreme Speed|p2a: Meowscarada
|-damage|p2a: Meowscarada|0 fnt
|faint|p2a: Meowscarada
|-damage|p1a: Arcanine|0 fnt|[from] item: Life Orb
|faint|p1a: Arcanine
|
|upkeep
|inactive|Oddsin has 90 seconds left.
|
|t:|1743921600
|switch|p2a: Kingambit|Kingambit, M|100/100
|switch|p1a: Heracross|Heracross, M|100/100
|-damage|p1a: Heracross|88/100|[from] Spikes
|-activate|p2a: Kingambit|ability: Supreme Overlord
|-start|p2a: Kingambit|fallen5|[silent]
|turn|21
|inactive|Oddsin has 90 seconds left.
|
|t:|1743921611
|-terastallize|p2a: Kingambit|Dark
|move|p2a: Kingambit|Sucker Punch|p1a: Heracross
|-resisted|p1a: Heracross
|-damage|p1a: Heracross|18/100
|move|p1a: Heracross|Close Combat|p2a: Kingambit
|-supereffective|p2a: Kingambit
|-damage|p2a: Kingambit|0 fnt
|-unboost|p1a: Heracross|def|1
|-unboost|p1a: Heracross|spd|1
|faint|p2a: Kingambit
|-end|p2a: Kingambit|fallen5|[silent]
|
|win|Oddsin
|raw|Oddsin's rating: 1134 &rarr; <strong>1163</strong><br />(+29 for winning)
|raw|Aidenisbored's rating: 1196 &rarr; <strong>1167</strong><br />(-29 for losing)
|l|☆Aidenisbored
|player|p2|
