|j|☆The Prime Mime
|j|☆agodamongallmen
|t:|1743878604
|gametype|singles
|player|p1|The Prime Mime|1|1411
|player|p2|agodamongallmen|266|1399
|teamsize|p1|6
|teamsize|p2|6
|gen|9
|tier|[Gen 9] OU
|rated|
|rule|HP Percentage Mod: HP is shown in percentages
|rule|Endless Battle Clause: Forcing endless battles is banned
|rule|Species Clause: Limit one of each Pokémon
|rule|OHKO Clause: OHKO moves are banned
|rule|Evasion Items Clause: Evasion items are banned
|rule|Evasion Moves Clause: Evasion moves are banned
|rule|Sleep Moves Clause: Sleep-inducing moves are banned
|clearpoke
|poke|p1|Dondozo, F|
|poke|p1|Slither Wing|
|poke|p1|Latios, M|
|poke|p1|Corviknight, F|
|poke|p1|Cinderace, M|
|poke|p1|Clodsire, F|
|poke|p2|Frosmoth, F|
|poke|p2|Cinccino, M|
|poke|p2|Incineroar, M|
|poke|p2|Weezing-Galar, F|
|poke|p2|Sinistcha|
|poke|p2|Alomomola, F|
|teampreview
|inactive|Battle timer is ON: inactive players will automatically lose when time's up. (requested by The Prime Mime)
|
|t:|1743878614
|start
|switch|p1a: Donbozo|Dondozo, F|100/100
|switch|p2a: Incineroar|Incineroar, M|100/100
|-ability|p2a: Incineroar|Intimidate|boost
|-fail|p1a: Donbozo|unboost|Attack|[from] ability: Oblivious|[of] p1a: Donbozo
|turn|1
|
|t:|1743878623
|switch|p2a: Alomomola|Alomomola, F|100/100
|move|p1a: Donbozo|Wave Crash|p2a: Alomomola
|-resisted|p2a: Alomomola
|-damage|p2a: Alomomola|77/100
|-damage|p1a: Donbozo|84/100|[from] item: Rocky Helmet|[of] p2a: Alomomola
|-damage|p1a: Donbozo|75/100|[from] Recoil
|
|upkeep
|turn|2
|
|t:|1743878631
|switch|p1a: Cher Ami|Corviknight, F, shiny|100/100
|-ability|p1a: Cher Ami|Pressure
|move|p2a: Alomomola|Flip Turn|p1a: Cher Ami
|-damage|p1a: Cher Ami|91/100
|-damage|p2a: Alomomola|60/100|[from] item: Rocky Helmet|[of] p1a: Cher Ami
|
|t:|1743878634
|switch|p2a: Incineroar|Incineroar, M|100/100|[from] Flip Turn
|-ability|p2a: Incineroar|Intimidate|boost
|-unboost|p1a: Cher Ami|atk|1
|
|upkeep
|turn|3
|
|t:|1743878637
|switch|p1a: Donbozo|Dondozo, F|75/100
|move|p2a: Incineroar|Will-O-Wisp|p1a: Donbozo
|-status|p1a: Donbozo|brn
|
|-damage|p1a: Donbozo|69/100 brn|[from] brn
|upkeep
|turn|4
|
|t:|1743878641
|move|p1a: Donbozo|Body Press|p2a: Incineroar
|-supereffective|p2a: Incineroar
|-damage|p2a: Incineroar|79/100
|move|p2a: Incineroar|Parting Shot|p1a: Donbozo
|-unboost|p1a: Donbozo|atk|1
|-unboost|p1a: Donbozo|spa|1
|
|t:|1743878654
|switch|p2a: Sinistcha|Sinistcha|100/100|[from] Parting Shot
|
|-damage|p1a: Donbozo|62/100 brn|[from] brn
|upkeep
|turn|5
|
|t:|1743878672
|switch|p1a: Poopsire|Clodsire, F, shiny|100/100
|move|p2a: Sinistcha|Calm Mind|p2a: Sinistcha
|-boost|p2a: Sinistcha|spa|1
|-boost|p2a: Sinistcha|spd|1
|
|upkeep
|turn|6
|
|t:|1743878680
|move|p2a: Sinistcha|Scald|p1a: Poopsire
|-supereffective|p1a: Poopsire
|-damage|p1a: Poopsire|79/100
|-status|p1a: Poopsire|brn
|move|p1a: Poopsire|Toxic|p2a: Sinistcha
|-status|p2a: Sinistcha|tox
|
|-heal|p1a: Poopsire|85/100 brn|[from] item: Leftovers
|-damage|p2a: Sinistcha|94/100 tox|[from] psn
|-damage|p1a: Poopsire|79/100 brn|[from] brn
|upkeep
|turn|7
|
|t:|1743878698
|switch|p2a: Frosmoth|Frosmoth, F|100/100
|move|p1a: Poopsire|Recover|p1a: Poopsire
|-heal|p1a: Poopsire|100/100 brn
|
|-damage|p1a: Poopsire|94/100 brn|[from] brn
|upkeep
|turn|8
|
|t:|1743878701
|move|p2a: Frosmoth|Substitute|p2a: Frosmoth
|-start|p2a: Frosmoth|Substitute
|-damage|p2a: Frosmoth|76/100
|move|p1a: Poopsire|Toxic||[still]
|-fail|p1a: Poopsire
|
|-heal|p2a: Frosmoth|82/100|[from] item: Leftovers
|-heal|p1a: Poopsire|100/100 brn|[from] item: Leftovers
|-damage|p1a: Poopsire|94/100 brn|[from] brn
|upkeep
|turn|9
|
|t:|1743878704
|switch|p1a: Avg French Player|Cinderace, M, shiny|100/100
|move|p2a: Frosmoth|Quiver Dance|p2a: Frosmoth
|-boost|p2a: Frosmoth|spa|1
|-boost|p2a: Frosmoth|spd|1
|-boost|p2a: Frosmoth|spe|1
|
|-heal|p2a: Frosmoth|88/100|[from] item: Leftovers
|upkeep
|turn|10
|
|t:|1743878714
|move|p1a: Avg French Player|U-turn|p2a: Frosmoth
|-start|p1a: Avg French Player|typechange|Bug|[from] ability: Libero
|-end|p2a: Frosmoth|Substitute
|
|t:|1743878718
|switch|p1a: Cher Ami|Corviknight, F, shiny|91/100|[from] U-turn
|-ability|p1a: Cher Ami|Pressure
|move|p2a: Frosmoth|Tera Blast|p1a: Cher Ami
|-resisted|p1a: Cher Ami
|-damage|p1a: Cher Ami|75/100
|
|-heal|p2a: Frosmoth|94/100|[from] item: Leftovers
|upkeep
|turn|11
|
|t:|1743878727
|switch|p2a: Incineroar|Incineroar, M|79/100
|-ability|p2a: Incineroar|Intimidate|boost
|-unboost|p1a: Cher Ami|atk|1
|move|p1a: Cher Ami|Body Press|p2a: Incineroar
|-supereffective|p2a: Incineroar
|-damage|p2a: Incineroar|42/100
|
|upkeep
|turn|12
|
|t:|1743878733
|switch|p1a: Donbozo|Dondozo, F|62/100 brn
|move|p2a: Incineroar|Parting Shot|p1a: Donbozo
|-unboost|p1a: Donbozo|atk|1
|-unboost|p1a: Donbozo|spa|1
|
|t:|1743878738
|switch|p2a: Frosmoth|Frosmoth, F|94/100|[from] Parting Shot
|
|-heal|p2a: Frosmoth|99/100|[from] item: Leftovers
|-damage|p1a: Donbozo|56/100 brn|[from] brn
|upkeep
|turn|13
|
|t:|1743878741
|move|p1a: Donbozo|Heavy Slam|p2a: Frosmoth
|-supereffective|p2a: Frosmoth
|-damage|p2a: Frosmoth|48/100
|move|p2a: Frosmoth|Substitute|p2a: Frosmoth
|-start|p2a: Frosmoth|Substitute
|-damage|p2a: Frosmoth|24/100
|
|-heal|p2a: Frosmoth|30/100|[from] item: Leftovers
|-damage|p1a: Donbozo|50/100 brn|[from] brn
|upkeep
|turn|14
|
|t:|1743878746
|move|p1a: Donbozo|Heavy Slam|p2a: Frosmoth
|-supereffective|p2a: Frosmoth
|-end|p2a: Frosmoth|Substitute
|move|p2a: Frosmoth|Quiver Dance|p2a: Frosmoth
|-boost|p2a: Frosmoth|spa|1
|-boost|p2a: Frosmoth|spd|1
|-boost|p2a: Frosmoth|spe|1
|
|-heal|p2a: Frosmoth|36/100|[from] item: Leftovers
|-damage|p1a: Donbozo|44/100 brn|[from] brn
|upkeep
|turn|15
|
|t:|1743878749
|-terastallize|p2a: Frosmoth|Electric
|move|p2a: Frosmoth|Tera Blast|p1a: Donbozo|[anim] Tera Blast Electric
|-supereffective|p1a: Donbozo
|-damage|p1a: Donbozo|0 fnt
|faint|p1a: Donbozo
|
|-heal|p2a: Frosmoth|42/100|[from] item: Leftovers
|upkeep
|
|t:|1743878756
|switch|p1a: Ripe Banana|Slither Wing, shiny|100/100
|-enditem|p1a: Ripe Banana|Booster Energy
|-activate|p1a: Ripe Banana|ability: Protosynthesis|[fromitem]
|-start|p1a: Ripe Banana|protosynthesisspe
|turn|16
|
|t:|1743878762
|move|p1a: Ripe Banana|Bulk Up|p1a: Ripe Banana
|-boost|p1a: Ripe Banana|atk|1
|-boost|p1a: Ripe Banana|def|1
|move|p2a: Frosmoth|Ice Beam|p1a: Ripe Banana
|-damage|p1a: Ripe Banana|55/100
|
|-heal|p2a: Frosmoth|48/100|[from] item: Leftovers
|upkeep
|turn|17
|
|t:|1743878768
|switch|p2a: Incineroar|Incineroar, M|42/100
|-ability|p2a: Incineroar|Intimidate|boost
|-unboost|p1a: Ripe Banana|atk|1
|move|p1a: Ripe Banana|Leech Life|p2a: Incineroar
|-damage|p2a: Incineroar|21/100
|-heal|p1a: Ripe Banana|66/100|[from] drain|[of] p2a: Incineroar
|
|upkeep
|turn|18
|
|t:|1743878775
|move|p1a: Ripe Banana|Low Kick|p2a: Incineroar
|-supereffective|p2a: Incineroar
|-damage|p2a: Incineroar|0 fnt
|faint|p2a: Incineroar
|
|upkeep
|
|t:|1743878777
|switch|p2a: Alomomola|Alomomola, F|94/100
|turn|19
|
|t:|1743878780
|move|p1a: Ripe Banana|Bulk Up|p1a: Ripe Banana
|-boost|p1a: Ripe Banana|atk|1
|-boost|p1a: Ripe Banana|def|1
|move|p2a: Alomomola|Flip Turn|p1a: Ripe Banana
|-damage|p1a: Ripe Banana|57/100
|
|t:|1743878792
|switch|p2a: Weezing|Weezing-Galar, F|100/100|[from] Flip Turn
|-ability|p2a: Weezing|Neutralizing Gas
|
|upkeep
|turn|20
|
|t:|1743878801
|-end|p1a: Ripe Banana|Protosynthesis|[silent]
|switch|p1a: Poopsire|Clodsire, F, shiny|94/100 brn
|move|p2a: Weezing|Strange Steam|p1a: Poopsire
|-resisted|p1a: Poopsire
|-damage|p1a: Poopsire|87/100 brn
|
|-heal|p1a: Poopsire|94/100 brn|[from] item: Leftovers
|-damage|p1a: Poopsire|87/100 brn|[from] brn
|upkeep
|turn|21
|
|t:|1743878816
|-end|p2a: Weezing|ability: Neutralizing Gas
|switch|p2a: Sinistcha|Sinistcha|94/100 tox
|move|p1a: Poopsire|Toxic|p2a: Sinistcha
|-fail|p2a: Sinistcha|tox
|
|-heal|p1a: Poopsire|94/100 brn|[from] item: Leftovers
|-damage|p2a: Sinistcha|88/100 tox|[from] psn
|-damage|p1a: Poopsire|87/100 brn|[from] brn
|upkeep
|turn|22
|
|t:|1743878834
|switch|p2a: Frosmoth|Frosmoth, F, tera:Electric|48/100
|move|p1a: Poopsire|Toxic|p2a: Frosmoth
|-status|p2a: Frosmoth|tox
|
|-heal|p2a: Frosmoth|54/100 tox|[from] item: Leftovers
|-heal|p1a: Poopsire|94/100 brn|[from] item: Leftovers
|-damage|p2a: Frosmoth|48/100 tox|[from] psn
|-damage|p1a: Poopsire|87/100 brn|[from] brn
|upkeep
|turn|23
|
|t:|1743878841
|move|p2a: Frosmoth|Ice Beam|p1a: Poopsire
|-supereffective|p1a: Poopsire
|-crit|p1a: Poopsire
|-damage|p1a: Poopsire|32/100 brn
|move|p1a: Poopsire|Earthquake|p2a: Frosmoth
|-supereffective|p2a: Frosmoth
|-damage|p2a: Frosmoth|7/100 tox
|
|-heal|p2a: Frosmoth|14/100 tox|[from] item: Leftovers
|-heal|p1a: Poopsire|38/100 brn|[from] item: Leftovers
|-damage|p2a: Frosmoth|1/100 tox|[from] psn
|-damage|p1a: Poopsire|32/100 brn|[from] brn
|upkeep
|turn|24
|
|t:|1743878848
|move|p2a: Frosmoth|Tera Blast|p1a: Poopsire|[anim] Tera Blast Electric
|-immune|p1a: Poopsire
|move|p1a: Poopsire|Recover|p1a: Poopsire
|-heal|p1a: Poopsire|82/100 brn
|
|-heal|p2a: Frosmoth|7/100 tox|[from] item: Leftovers
|-heal|p1a: Poopsire|88/100 brn|[from] item: Leftovers
|-damage|p2a: Frosmoth|0 fnt|[from] psn
|faint|p2a: Frosmoth
|-damage|p1a: Poopsire|82/100 brn|[from] brn
|upkeep
|
|t:|1743878854
|switch|p2a: Cinccino|Cinccino, M|100/100
|turn|25
|
|t:|1743878858
|switch|p1a: Cher Ami|Corviknight, F, shiny|75/100
|-ability|p1a: Cher Ami|Pressure
|move|p2a: Cinccino|Tidy Up|p2a: Cinccino
|-boost|p2a: Cinccino|atk|1
|-boost|p2a: Cinccino|spe|1
|
|upkeep
|turn|26
|
|t:|1743878867
|move|p2a: Cinccino|Triple Axel|p1a: Cher Ami
|-damage|p1a: Cher Ami|67/100
|-damage|p2a: Cinccino|84/100|[from] item: Rocky Helmet|[of] p1a: Cher Ami
|-damage|p1a: Cher Ami|53/100
|-damage|p2a: Cinccino|67/100|[from] item: Rocky Helmet|[of] p1a: Cher Ami
|-damage|p1a: Cher Ami|31/100
|-damage|p2a: Cinccino|50/100|[from] item: Rocky Helmet|[of] p1a: Cher Ami
|-hitcount|p1a: Cher Ami|3
|move|p1a: Cher Ami|Iron Defense|p1a: Cher Ami
|-boost|p1a: Cher Ami|def|2
|
|upkeep
|turn|27
|
|t:|1743878877
|move|p2a: Cinccino|Triple Axel|p1a: Cher Ami
|-damage|p1a: Cher Ami|27/100
|-damage|p2a: Cinccino|34/100|[from] item: Rocky Helmet|[of] p1a: Cher Ami
|-damage|p1a: Cher Ami|20/100
|-damage|p2a: Cinccino|17/100|[from] item: Rocky Helmet|[of] p1a: Cher Ami
|-damage|p1a: Cher Ami|8/100
|-damage|p2a: Cinccino|0 fnt|[from] item: Rocky Helmet|[of] p1a: Cher Ami
|faint|p2a: Cinccino
|-hitcount|p1a: Cher Ami|3
|move|p1a: Cher Ami|Roost|p1a: Cher Ami
|-heal|p1a: Cher Ami|58/100
|-singleturn|p1a: Cher Ami|move: Roost
|
|upkeep
|-message|agodamongallmen forfeited.
|
|win|The Prime Mime
|raw|The Prime Mime's rating: 1411 &rarr; <strong>1430</strong><br />(+19 for winning)
|raw|agodamongallmen's rating: 1399 &rarr; <strong>1380</strong><br />(-19 for losing)
|l|☆agodamongallmen
|player|p2|
|l|☆The Prime Mime
|player|p1|
