|j|☆oblizzy
|j|☆BleuLkid
|t:|1743856419
|gametype|singles
|player|p1|oblizzy|harlequin|1532
|player|p2|BleuLkid|170|1490
|teamsize|p1|6
|teamsize|p2|6
|gen|9
|tier|[Gen 9] OU
|rated|
|rule|HP Percentage Mod: HP is shown in percentages
|rule|Endless Battle Clause: Forcing endless battles is banned
|rule|Species Clause: Limit one of each Pokémon
|rule|OHKO Clause: OHKO moves are banned
|rule|Evasion Items Clause: Evasion items are banned
|rule|Evasion Moves Clause: Evasion moves are banned
|rule|Sleep Moves Clause: Sleep-inducing moves are banned
|clearpoke
|poke|p1|Iron Treads|
|poke|p1|Pelipper, F|
|poke|p1|Kingdra, F|
|poke|p1|Scizor, F|
|poke|p1|Basculegion, M|
|poke|p1|Raging Bolt|
|poke|p2|Ninetales, M|
|poke|p2|Torkoal, F|
|poke|p2|Walking Wake|
|poke|p2|Raging Bolt|
|poke|p2|Cinderace, F|
|poke|p2|Iron Hands|
|teampreview
|
|t:|1743856434
|start
|switch|p1a: Scizor|Scizor, F|100/100
|switch|p2a: Torkoal|Torkoal, F|100/100
|-weather|SunnyDay|[from] ability: Drought|[of] p2a: Torkoal
|turn|1
|inactive|Battle timer is ON: inactive players will automatically lose when time's up. (requested by BleuLkid)
|
|t:|1743856442
|move|p1a: Scizor|U-turn|p2a: Torkoal
|-resisted|p2a: Torkoal
|-damage|p2a: Torkoal|90/100
|
|t:|1743856446
|switch|p1a: Pelipper|Pelipper, F|100/100|[from] U-turn
|-weather|RainDance|[from] ability: Drizzle|[of] p1a: Pelipper
|move|p2a: Torkoal|Stealth Rock|p1a: Pelipper
|-sidestart|p1: oblizzy|move: Stealth Rock
|
|-weather|RainDance|[upkeep]
|upkeep
|turn|2
|
|t:|1743856454
|switch|p2a: Ninetales|Ninetales, M|100/100
|-weather|SunnyDay|[from] ability: Drought|[of] p2a: Ninetales
|move|p1a: Pelipper|U-turn|p2a: Ninetales
|-resisted|p2a: Ninetales
|-damage|p2a: Ninetales|95/100
|
|t:|1743856461
|switch|p1a: Iron Treads|Iron Treads|100/100|[from] U-turn
|-damage|p1a: Iron Treads|97/100|[from] Stealth Rock
|-enditem|p1a: Iron Treads|Booster Energy
|-activate|p1a: Iron Treads|ability: Quark Drive|[fromitem]
|-start|p1a: Iron Treads|quarkdrivespe
|
|-weather|SunnyDay|[upkeep]
|upkeep
|turn|3
|
|t:|1743856473
|switch|p2a: Walking Wake|Walking Wake|100/100
|-activate|p2a: Walking Wake|ability: Protosynthesis
|-start|p2a: Walking Wake|protosynthesisspe
|move|p1a: Iron Treads|Earth Power|p2a: Walking Wake
|-damage|p2a: Walking Wake|61/100
|
|-weather|SunnyDay|[upkeep]
|upkeep
|turn|4
|inactive|oblizzy has 120 seconds left.
|
|t:|1743856523
|-end|p1a: Iron Treads|Quark Drive|[silent]
|switch|p1a: Basculegion|Basculegion, M|100/100
|-damage|p1a: Basculegion|88/100|[from] Stealth Rock
|move|p2a: Walking Wake|Hydro Steam|p1a: Basculegion
|-resisted|p1a: Basculegion
|-damage|p1a: Basculegion|41/100
|
|-weather|SunnyDay|[upkeep]
|upkeep
|turn|5
|
|t:|1743856531
|move|p1a: Basculegion|Aqua Jet|p2a: Walking Wake
|-resisted|p2a: Walking Wake
|-damage|p2a: Walking Wake|57/100
|move|p2a: Walking Wake|Hydro Steam|p1a: Basculegion
|-resisted|p1a: Basculegion
|-damage|p1a: Basculegion|0 fnt
|faint|p1a: Basculegion
|
|-weather|SunnyDay|[upkeep]
|upkeep
|
|t:|1743856540
|switch|p1a: Pelipper|Pelipper, F|100/100
|-damage|p1a: Pelipper|76/100|[from] Stealth Rock
|-weather|RainDance|[from] ability: Drizzle|[of] p1a: Pelipper
|-end|p2a: Walking Wake|Protosynthesis
|turn|6
|
|t:|1743856557
|switch|p1a: Scizor|Scizor, F|100/100
|move|p2a: Walking Wake|Hydro Steam|p1a: Scizor
|-damage|p1a: Scizor|0 fnt
|faint|p1a: Scizor
|
|-weather|RainDance|[upkeep]
|upkeep
|
|t:|1743856562
|switch|p1a: Raging Bolt|Raging Bolt|100/100
|-damage|p1a: Raging Bolt|88/100|[from] Stealth Rock
|turn|7
|
|t:|1743856567
|-terastallize|p1a: Raging Bolt|Fairy
|move|p2a: Walking Wake|Hydro Steam|p1a: Raging Bolt
|-damage|p1a: Raging Bolt|1/100
|move|p1a: Raging Bolt|Dragon Pulse|p2a: Walking Wake
|-supereffective|p2a: Walking Wake
|-damage|p2a: Walking Wake|0 fnt
|faint|p2a: Walking Wake
|-end|p2a: Walking Wake|Protosynthesis|[silent]
|
|-weather|RainDance|[upkeep]
|upkeep
|
|t:|1743856575
|switch|p2a: Ninetales|Ninetales, M|95/100
|-weather|SunnyDay|[from] ability: Drought|[of] p2a: Ninetales
|-activate|p1a: Raging Bolt|ability: Protosynthesis
|-start|p1a: Raging Bolt|protosynthesisspa
|turn|8
|inactive|oblizzy has 120 seconds left.
|
|t:|1743856586
|-end|p1a: Raging Bolt|Protosynthesis|[silent]
|switch|p1a: Kingdra|Kingdra, F|100/100
|-damage|p1a: Kingdra|88/100|[from] Stealth Rock
|move|p2a: Ninetales|Encore||[still]
|-fail|p2a: Ninetales
|
|-weather|SunnyDay|[upkeep]
|upkeep
|turn|9
|inactive|oblizzy has 120 seconds left.
|
|t:|1743856600
|switch|p1a: Iron Treads|Iron Treads|97/100
|-damage|p1a: Iron Treads|94/100|[from] Stealth Rock
|move|p2a: Ninetales|Solar Beam||[still]
|-prepare|p2a: Ninetales|Solar Beam
|-anim|p2a: Ninetales|Solar Beam|p1a: Iron Treads
|-damage|p1a: Iron Treads|52/100
|
|-weather|SunnyDay|[upkeep]
|upkeep
|turn|10
|
|t:|1743856608
|move|p1a: Iron Treads|Rapid Spin|p2a: Ninetales
|-damage|p2a: Ninetales|78/100
|-boost|p1a: Iron Treads|spe|1
|-sideend|p1: oblizzy|Stealth Rock|[from] move: Rapid Spin|[of] p1a: Iron Treads
|move|p2a: Ninetales|Flamethrower|p1a: Iron Treads
|-supereffective|p1a: Iron Treads
|-damage|p1a: Iron Treads|0 fnt
|faint|p1a: Iron Treads
|-end|p1a: Iron Treads|Quark Drive|[silent]
|
|-weather|SunnyDay|[upkeep]
|upkeep
|
|t:|1743856616
|switch|p1a: Pelipper|Pelipper, F|76/100
|-weather|RainDance|[from] ability: Drizzle|[of] p1a: Pelipper
|turn|11
|
|t:|1743856629
|switch|p2a: Iron Hands|Iron Hands|100/100
|move|p1a: Pelipper|U-turn|p2a: Iron Hands
|-resisted|p2a: Iron Hands
|-damage|p2a: Iron Hands|98/100
|
|t:|1743856636
|switch|p1a: Raging Bolt|Raging Bolt, tera:Fairy|1/100|[from] U-turn
|
|-weather|RainDance|[upkeep]
|upkeep
|turn|12
|
|t:|1743856642
|move|p1a: Raging Bolt|Weather Ball|p2a: Iron Hands
|-damage|p2a: Iron Hands|62/100
|move|p2a: Iron Hands|Earthquake|p1a: Raging Bolt
|-damage|p1a: Raging Bolt|0 fnt
|faint|p1a: Raging Bolt
|-end|p1a: Raging Bolt|Protosynthesis|[silent]
|
|-weather|RainDance|[upkeep]
|upkeep
|
|t:|1743856651
|switch|p1a: Kingdra|Kingdra, F|88/100
|turn|13
|
|t:|1743856654
|-end|p2a: Iron Hands|Quark Drive|[silent]
|switch|p2a: Ninetales|Ninetales, M|78/100
|-weather|SunnyDay|[from] ability: Drought|[of] p2a: Ninetales
|move|p1a: Kingdra|Hydro Pump|p2a: Ninetales
|-supereffective|p2a: Ninetales
|-damage|p2a: Ninetales|13/100
|-damage|p1a: Kingdra|78/100|[from] item: Life Orb
|
|-weather|SunnyDay|[upkeep]
|upkeep
|turn|14
|
|t:|1743856669
|switch|p2a: Raging Bolt|Raging Bolt|100/100
|-activate|p2a: Raging Bolt|ability: Protosynthesis
|-start|p2a: Raging Bolt|protosynthesisspa
|move|p1a: Kingdra|Draco Meteor|p2a: Raging Bolt|[miss]
|-miss|p1a: Kingdra|p2a: Raging Bolt
|
|-weather|SunnyDay|[upkeep]
|upkeep
|turn|15
|c|☆BleuLkid|wow
|
|t:|1743856688
|-terastallize|p2a: Raging Bolt|Bug
|move|p2a: Raging Bolt|Thunderclap|p1a: Kingdra
|-damage|p1a: Kingdra|9/100
|move|p1a: Kingdra|Draco Meteor|p2a: Raging Bolt
|-damage|p2a: Raging Bolt|43/100
|-unboost|p1a: Kingdra|spa|2
|-damage|p1a: Kingdra|0 fnt|[from] item: Life Orb
|faint|p1a: Kingdra
|
|-weather|SunnyDay|[upkeep]
|-heal|p2a: Raging Bolt|49/100|[from] item: Leftovers
|upkeep
|-message|oblizzy forfeited.
|
|win|BleuLkid
|raw|oblizzy's rating: 1532 &rarr; <strong>1510</strong><br />(-22 for losing)
|raw|BleuLkid's rating: 1490 &rarr; <strong>1512</strong><br />(+22 for winning)
|l|☆oblizzy
|player|p1|
|l|☆BleuLkid
|player|p2|
