|j|☆pichin
|j|☆Josheh10
|t:|1743916378
|gametype|singles
|player|p1|pichin|mira|1096
|player|p2|Josheh10|1|1115
|teamsize|p1|6
|teamsize|p2|6
|gen|9
|tier|[Gen 9] OU
|rated|
|rule|HP Percentage Mod: HP is shown in percentages
|rule|Endless Battle Clause: Forcing endless battles is banned
|rule|Species Clause: Limit one of each Pokémon
|rule|OHKO Clause: OHKO moves are banned
|rule|Evasion Items Clause: Evasion items are banned
|rule|Evasion Moves Clause: Evasion moves are banned
|rule|Sleep Moves Clause: Sleep-inducing moves are banned
|clearpoke
|poke|p1|Tropius, F|
|poke|p1|Girafarig, F|
|poke|p1|Arcanine, M|
|poke|p1|Landorus-Therian, M|
|poke|p1|Arbok, M|
|poke|p1|Altaria, F|
|poke|p2|Corviknight, M|
|poke|p2|Hatterene, F|
|poke|p2|Dragapult, F|
|poke|p2|Conkeldurr, M|
|poke|p2|Cinderace, F|
|poke|p2|Toxapex, M|
|teampreview
|inactive|Battle timer is ON: inactive players will automatically lose when time's up. (requested by pichin)
|
|t:|1743916386
|start
|switch|p1a: Landorus|Landorus-Therian, M|100/100
|switch|p2a: Moms Spaghetti|Hatterene, F|100/100
|-ability|p1a: Landorus|Intimidate|boost
|-unboost|p2a: Moms Spaghetti|atk|1
|turn|1
|
|t:|1743916408
|move|p1a: Landorus|U-turn|p2a: Moms Spaghetti
|-damage|p2a: Moms Spaghetti|73/100
|
|t:|1743916414
|switch|p1a: Girafarig|Girafarig, F|100/100|[from] U-turn
|move|p2a: Moms Spaghetti|Light Screen|p2a: Moms Spaghetti
|-sidestart|p2: Josheh10|move: Light Screen
|
|upkeep
|turn|2
|
|t:|1743916428
|switch|p2a: Buddy|Cinderace, F|100/100
|move|p1a: Girafarig|Calm Mind|p1a: Girafarig
|-boost|p1a: Girafarig|spa|1
|-boost|p1a: Girafarig|spd|1
|
|upkeep
|turn|3
|
|t:|1743916435
|move|p2a: Buddy|Sucker Punch||[still]
|-fail|p2a: Buddy
|move|p1a: Girafarig|Calm Mind|p1a: Girafarig
|-boost|p1a: Girafarig|spa|1
|-boost|p1a: Girafarig|spd|1
|
|upkeep
|turn|4
|
|t:|1743916441
|move|p2a: Buddy|Sucker Punch||[still]
|-fail|p2a: Buddy
|move|p1a: Girafarig|Calm Mind|p1a: Girafarig
|-boost|p1a: Girafarig|spa|1
|-boost|p1a: Girafarig|spd|1
|
|upkeep
|turn|5
|
|t:|1743916448
|move|p2a: Buddy|Sucker Punch||[still]
|-fail|p2a: Buddy
|move|p1a: Girafarig|Calm Mind|p1a: Girafarig
|-boost|p1a: Girafarig|spa|1
|-boost|p1a: Girafarig|spd|1
|
|-sideend|p2: Josheh10|move: Light Screen
|upkeep
|turn|6
|
|t:|1743916455
|move|p2a: Buddy|Sucker Punch|p1a: Girafarig
|-start|p2a: Buddy|typechange|Dark|[from] ability: Libero
|-supereffective|p1a: Girafarig
|-damage|p1a: Girafarig|39/100
|move|p1a: Girafarig|Tera Blast|p2a: Buddy
|-damage|p2a: Buddy|0 fnt
|faint|p2a: Buddy
|
|upkeep
|
|t:|1743916471
|switch|p2a: Paradise Palms|Conkeldurr, M|100/100
|turn|7
|
|t:|1743916475
|move|p2a: Paradise Palms|Mach Punch|p1a: Girafarig
|-damage|p1a: Girafarig|10/100
|move|p1a: Girafarig|Twin Beam|p2a: Paradise Palms
|-supereffective|p2a: Paradise Palms
|-damage|p2a: Paradise Palms|0 fnt
|faint|p2a: Paradise Palms
|-hitcount|p2: Paradise Palms|1
|
|upkeep
|
|t:|1743916481
|switch|p2a: Lazy Links|Dragapult, F|100/100
|turn|8
|
|t:|1743916486
|move|p2a: Lazy Links|Hydro Pump|p1a: Girafarig
|-damage|p1a: Girafarig|0 fnt
|faint|p1a: Girafarig
|
|upkeep
|
|t:|1743916510
|switch|p1a: Arbok|Arbok, M|100/100
|-ability|p1a: Arbok|Intimidate|boost
|-fail|p2a: Lazy Links|unboost|[from] ability: Clear Body|[of] p2a: Lazy Links
|turn|9
|
|t:|1743916517
|move|p2a: Lazy Links|Hydro Pump|p1a: Arbok|[miss]
|-miss|p2a: Lazy Links|p1a: Arbok
|move|p1a: Arbok|Stockpile|p1a: Arbok
|-start|p1a: Arbok|stockpile1
|-boost|p1a: Arbok|def|1
|-boost|p1a: Arbok|spd|1
|
|upkeep
|turn|10
|
|t:|1743916525
|move|p2a: Lazy Links|Hydro Pump|p1a: Arbok
|-damage|p1a: Arbok|55/100
|move|p1a: Arbok|Stockpile|p1a: Arbok
|-start|p1a: Arbok|stockpile2
|-boost|p1a: Arbok|def|1
|-boost|p1a: Arbok|spd|1
|
|-heal|p1a: Arbok|61/100|[from] item: Black Sludge
|upkeep
|turn|11
|
|t:|1743916535
|move|p2a: Lazy Links|Hydro Pump|p1a: Arbok|[miss]
|-miss|p2a: Lazy Links|p1a: Arbok
|move|p1a: Arbok|Toxic|p2a: Lazy Links
|-status|p2a: Lazy Links|tox
|
|-heal|p1a: Arbok|67/100|[from] item: Black Sludge
|-damage|p2a: Lazy Links|95/100 tox|[from] psn
|upkeep
|turn|12
|
|t:|1743916546
|move|p2a: Lazy Links|Hydro Pump|p1a: Arbok|[miss]
|-miss|p2a: Lazy Links|p1a: Arbok
|move|p1a: Arbok|Switcheroo|p2a: Lazy Links
|-activate|p1a: Arbok|move: Trick|[of] p2a: Lazy Links
|-item|p2a: Lazy Links|Black Sludge|[from] move: Switcheroo
|-item|p1a: Arbok|Choice Specs|[from] move: Switcheroo
|
|-damage|p2a: Lazy Links|82/100 tox|[from] item: Black Sludge
|-damage|p2a: Lazy Links|70/100 tox|[from] psn
|upkeep
|turn|13
|
|t:|1743916564
|move|p2a: Lazy Links|Dragon Pulse|p1a: Arbok
|-damage|p1a: Arbok|43/100
|move|p1a: Arbok|Stockpile|p1a: Arbok
|-start|p1a: Arbok|stockpile3
|-boost|p1a: Arbok|def|1
|-boost|p1a: Arbok|spd|1
|
|-damage|p2a: Lazy Links|58/100 tox|[from] item: Black Sludge
|-damage|p2a: Lazy Links|40/100 tox|[from] psn
|upkeep
|turn|14
|
|t:|1743916576
|move|p2a: Lazy Links|Dragon Pulse|p1a: Arbok
|-damage|p1a: Arbok|23/100
|move|p1a: Arbok|Stockpile||[still]
|-fail|p1a: Arbok
|
|-damage|p2a: Lazy Links|28/100 tox|[from] item: Black Sludge
|-damage|p2a: Lazy Links|4/100 tox|[from] psn
|upkeep
|turn|15
|
|t:|1743916586
|move|p2a: Lazy Links|Dragon Pulse|p1a: Arbok
|-damage|p1a: Arbok|4/100
|move|p1a: Arbok|Stockpile||[still]
|-fail|p1a: Arbok
|
|-damage|p2a: Lazy Links|0 fnt|[from] item: Black Sludge
|faint|p2a: Lazy Links
|upkeep
|
|t:|1743916600
|switch|p2a: Burd|Corviknight, M|100/100
|turn|16
|
|t:|1743916611
|switch|p1a: Arcanine|Arcanine, M|100/100
|-ability|p1a: Arcanine|Intimidate|boost
|-ability|p2a: Burd|Mirror Armor
|-unboost|p1a: Arcanine|atk|1
|move|p2a: Burd|Bulk Up|p2a: Burd
|-boost|p2a: Burd|atk|1
|-boost|p2a: Burd|def|1
|
|upkeep
|turn|17
|
|t:|1743916627
|switch|p2a: Risky Reels|Toxapex, M|100/100
|move|p1a: Arcanine|Fire Spin|p2a: Risky Reels
|-resisted|p2a: Risky Reels
|-damage|p2a: Risky Reels|96/100
|-activate|p2a: Risky Reels|move: Fire Spin|[of] p1a: Arcanine
|
|-heal|p2a: Risky Reels|100/100|[from] item: Leftovers
|-damage|p2a: Risky Reels|88/100|[from] move: Fire Spin|[partiallytrapped]
|upkeep
|turn|18
|
|t:|1743916637
|switch|p1a: Altaria|Altaria, F|100/100
|move|p2a: Risky Reels|Toxic Spikes|p1a: Altaria
|-sidestart|p1: pichin|move: Toxic Spikes
|
|-heal|p2a: Risky Reels|94/100|[from] item: Leftovers
|-end|p2a: Risky Reels|Fire Spin|[partiallytrapped]|[silent]
|upkeep
|turn|19
|
|t:|1743916645
|move|p1a: Altaria|Fire Spin|p2a: Risky Reels
|-resisted|p2a: Risky Reels
|-damage|p2a: Risky Reels|92/100
|-activate|p2a: Risky Reels|move: Fire Spin|[of] p1a: Altaria
|move|p2a: Risky Reels|Toxic Spikes|p1a: Altaria
|-sidestart|p1: pichin|move: Toxic Spikes
|
|-heal|p2a: Risky Reels|98/100|[from] item: Leftovers
|-damage|p2a: Risky Reels|85/100|[from] move: Fire Spin|[partiallytrapped]
|upkeep
|turn|20
|
|t:|1743916655
|move|p1a: Altaria|Perish Song|p1a: Altaria
|-start|p1a: Altaria|perish3|[silent]
|-start|p2a: Risky Reels|perish3|[silent]
|-fieldactivate|move: Perish Song
|move|p2a: Risky Reels|Toxic|p1a: Altaria
|-status|p1a: Altaria|tox
|
|-heal|p2a: Risky Reels|92/100|[from] item: Leftovers
|-damage|p1a: Altaria|94/100 tox|[from] psn
|-damage|p2a: Risky Reels|79/100|[from] move: Fire Spin|[partiallytrapped]
|-start|p1a: Altaria|perish3
|-start|p2a: Risky Reels|perish3
|upkeep
|turn|21
|
|t:|1743916676
|move|p1a: Altaria|Defog|p2a: Risky Reels
|-unboost|p2a: Risky Reels|evasion|1
|-sideend|p1: pichin|Toxic Spikes|[from] move: Defog|[of] p1a: Altaria
|move|p2a: Risky Reels|Recover|p2a: Risky Reels
|-heal|p2a: Risky Reels|100/100
|
|-heal|p1a: Altaria|100/100 tox|[from] item: Leftovers
|-damage|p1a: Altaria|88/100 tox|[from] psn
|-damage|p2a: Risky Reels|88/100|[from] move: Fire Spin|[partiallytrapped]
|-start|p1a: Altaria|perish2
|-start|p2a: Risky Reels|perish2
|upkeep
|turn|22
|inactive|pichin has 120 seconds left.
|
|t:|1743916725
|move|p1a: Altaria|Fire Spin|p2a: Risky Reels
|-resisted|p2a: Risky Reels
|-damage|p2a: Risky Reels|85/100
|move|p2a: Risky Reels|Toxic Spikes|p1a: Altaria
|-sidestart|p1: pichin|move: Toxic Spikes
|
|-heal|p1a: Altaria|94/100 tox|[from] item: Leftovers
|-heal|p2a: Risky Reels|91/100|[from] item: Leftovers
|-damage|p1a: Altaria|76/100 tox|[from] psn
|-damage|p2a: Risky Reels|79/100|[from] move: Fire Spin|[partiallytrapped]
|-start|p1a: Altaria|perish1
|-start|p2a: Risky Reels|perish1
|upkeep
|turn|23
|inactive|pichin has 90 seconds left.
|
|t:|1743916750
|-curestatus|p1a: Altaria|tox|[from] ability: Natural Cure
|switch|p1a: Arbok|Arbok, M|4/100
|-sideend|p1: pichin|move: Toxic Spikes|[of] p1a: Arbok
|-ability|p1a: Arbok|Intimidate|boost
|-unboost|p2a: Risky Reels|atk|1
|move|p2a: Risky Reels|Toxic Spikes|p1a: Arbok
|-sidestart|p1: pichin|move: Toxic Spikes
|
|-heal|p2a: Risky Reels|85/100|[from] item: Leftovers
|-end|p2a: Risky Reels|Fire Spin|[partiallytrapped]
|-start|p2a: Risky Reels|perish0
|upkeep
|faint|p2a: Risky Reels
|
|t:|1743916764
|switch|p2a: Burd|Corviknight, M|100/100
|turn|24
|inactive|pichin has 90 seconds left.
|inactive|pichin has 60 seconds left.
|c|☆Josheh10|Bros stalling me with the timer
|
|t:|1743916818
|move|p1a: Arbok|Switcheroo|p2a: Burd
|-activate|p1a: Arbok|move: Trick|[of] p2a: Burd
|-item|p2a: Burd|Choice Specs|[from] move: Switcheroo
|-item|p1a: Arbok|Rocky Helmet|[from] move: Switcheroo
|move|p2a: Burd|Bulk Up|p2a: Burd
|-boost|p2a: Burd|atk|1
|-boost|p2a: Burd|def|1
|
|upkeep
|turn|25
|
|t:|1743916836
|move|p1a: Arbok|Stockpile|p1a: Arbok
|-start|p1a: Arbok|stockpile1
|-boost|p1a: Arbok|def|1
|-boost|p1a: Arbok|spd|1
|move|p2a: Burd|Bulk Up|p2a: Burd
|-boost|p2a: Burd|atk|1
|-boost|p2a: Burd|def|1
|
|upkeep
|turn|26
|
|t:|1743916851
|switch|p1a: Altaria|Altaria, F|76/100
|move|p2a: Burd|Bulk Up|p2a: Burd
|-boost|p2a: Burd|atk|1
|-boost|p2a: Burd|def|1
|
|-heal|p1a: Altaria|82/100|[from] item: Leftovers
|upkeep
|turn|27
|
|t:|1743916864
|move|p1a: Altaria|Fire Spin|p2a: Burd
|-supereffective|p2a: Burd
|-damage|p2a: Burd|91/100
|-activate|p2a: Burd|move: Fire Spin|[of] p1a: Altaria
|move|p2a: Burd|Bulk Up|p2a: Burd
|-boost|p2a: Burd|atk|1
|-boost|p2a: Burd|def|1
|
|-heal|p1a: Altaria|88/100|[from] item: Leftovers
|-damage|p2a: Burd|79/100|[from] move: Fire Spin|[partiallytrapped]
|upkeep
|turn|28
|
|t:|1743916877
|move|p1a: Altaria|Perish Song|p1a: Altaria
|-start|p1a: Altaria|perish3|[silent]
|-start|p2a: Burd|perish3|[silent]
|-fieldactivate|move: Perish Song
|move|p2a: Burd|Bulk Up|p2a: Burd
|-boost|p2a: Burd|atk|1
|-boost|p2a: Burd|def|1
|
|-heal|p1a: Altaria|94/100|[from] item: Leftovers
|-damage|p2a: Burd|66/100|[from] move: Fire Spin|[partiallytrapped]
|-start|p1a: Altaria|perish3
|-start|p2a: Burd|perish3
|upkeep
|turn|29
|inactive|Josheh10 has 120 seconds left.
|inactive|Josheh10 has 90 seconds left.
|inactive|Josheh10 has 60 seconds left.
|inactive|Josheh10 has 30 seconds left.
|inactive|Josheh10 has 20 seconds left.
|
|t:|1743917010
|move|p1a: Altaria|Defog|p2a: Burd
|-ability|p2a: Burd|Mirror Armor
|-unboost|p1a: Altaria|evasion|1
|-sideend|p1: pichin|Toxic Spikes|[from] move: Defog|[of] p1a: Altaria
|move|p2a: Burd|Bulk Up|p2a: Burd
|-boost|p2a: Burd|atk|1
|-boost|p2a: Burd|def|1
|
|-heal|p1a: Altaria|100/100|[from] item: Leftovers
|-damage|p2a: Burd|54/100|[from] move: Fire Spin|[partiallytrapped]
|-start|p1a: Altaria|perish2
|-start|p2a: Burd|perish2
|upkeep
|turn|30
|inactive|Josheh10 has 30 seconds left this turn.
|inactive|Josheh10 has 20 seconds left.
|inactive|Josheh10 has 15 seconds left.
|inactive|pichin has 30 seconds left.
|inactive|pichin has 20 seconds left.
|
|t:|1743917046
|move|p1a: Altaria|Fire Spin|p2a: Burd|[miss]
|-miss|p1a: Altaria|p2a: Burd
|move|p2a: Burd|Bulk Up|p2a: Burd
|-boost|p2a: Burd|atk|0
|-boost|p2a: Burd|def|0
|
|-damage|p2a: Burd|41/100|[from] move: Fire Spin|[partiallytrapped]
|-start|p1a: Altaria|perish1
|-start|p2a: Burd|perish1
|upkeep
|turn|31
|inactive|pichin has 30 seconds left this turn.
|inactive|Josheh10 has 25 seconds left this turn.
|inactive|Josheh10 has 20 seconds left.
|inactive|pichin has 20 seconds left.
|inactive|Josheh10 has 15 seconds left.
|
|t:|1743917059
|switch|p1a: Landorus|Landorus-Therian, M|100/100
|-ability|p1a: Landorus|Intimidate|boost
|-ability|p2a: Burd|Mirror Armor
|-unboost|p1a: Landorus|atk|1
|move|p2a: Burd|Bulk Up|p2a: Burd
|-boost|p2a: Burd|atk|0
|-boost|p2a: Burd|def|0
|
|-end|p2a: Burd|Fire Spin|[partiallytrapped]
|-start|p2a: Burd|perish0
|upkeep
|faint|p2a: Burd
|inactive|pichin has 25 seconds left this turn.
|inactive|Josheh10 has 20 seconds left this turn.
|inactive|Josheh10 has 15 seconds left.
|
|t:|1743917065
|switch|p2a: Moms Spaghetti|Hatterene, F|73/100
|turn|32
|inactive|Josheh10 has 25 seconds left this turn.
|inactive|pichin has 30 seconds left.
|inactive|Josheh10 has 20 seconds left.
|inactive|Josheh10 has 15 seconds left.
|inactive|Josheh10 has 10 seconds left.
|inactive|Josheh10 has 5 seconds left.
|-message|Josheh10 lost due to inactivity.
|
|win|pichin
|raw|pichin's rating: 1096 &rarr; <strong>1123</strong><br />(+27 for winning)
|raw|Josheh10's rating: 1115 &rarr; <strong>1089</strong><br />(-26 for losing)
|l|☆pichin
|player|p1|
|l|☆Josheh10
|player|p2|
