|j|☆Dr. Drake6782
|j|☆yanerij
|t:|1743891008
|gametype|singles
|player|p1|Dr. Drake6782|lance-lgpe|1278
|player|p2|yanerij|benga|1252
|teamsize|p1|6
|teamsize|p2|6
|gen|9
|tier|[Gen 9] OU
|rated|
|rule|HP Percentage Mod: HP is shown in percentages
|rule|Endless Battle Clause: Forcing endless battles is banned
|rule|Species Clause: Limit one of each Pokémon
|rule|OHKO Clause: OHKO moves are banned
|rule|Evasion Items Clause: Evasion items are banned
|rule|Evasion Moves Clause: Evasion moves are banned
|rule|Sleep Moves Clause: Sleep-inducing moves are banned
|clearpoke
|poke|p1|Alomomola, F|
|poke|p1|Weezing-Galar, M|
|poke|p1|Garganacl, M|
|poke|p1|Kyurem|
|poke|p1|Ting-Lu|
|poke|p1|Ogerpon-Wellspring, F|
|poke|p2|Snorlax, F|
|poke|p2|Landorus-Therian, M|
|poke|p2|Porygon2|
|poke|p2|Mandibuzz, F|
|poke|p2|Kingambit, M|
|poke|p2|Gholdengo|
|teampreview
|inactive|Battle timer is ON: inactive players will automatically lose when time's up. (requested by yanerij)
|inactive|Dr. Drake6782 also wants the timer to be on.
|
|t:|1743891021
|start
|switch|p1a: Ogerpon|Ogerpon-Wellspring, F|100/100
|switch|p2a: Landorus|Landorus-Therian, M|100/100
|-ability|p2a: Landorus|Intimidate|boost
|-unboost|p1a: Ogerpon|atk|1
|turn|1
|inactive|Dr. Drake6782 has 120 seconds left.
|
|t:|1743891054
|move|p2a: Landorus|U-turn|p1a: Ogerpon
|-supereffective|p1a: Ogerpon
|-damage|p1a: Ogerpon|30/100
|
|t:|1743891057
|switch|p2a: Porygon2|Porygon2|100/100|[from] U-turn
|move|p1a: Ogerpon|Ivy Cudgel|p2a: Porygon2|[anim] Ivy Cudgel Water
|-damage|p2a: Porygon2|75/100
|
|upkeep
|turn|2
|
|t:|1743891067
|move|p1a: Ogerpon|U-turn|p2a: Porygon2
|-damage|p2a: Porygon2|62/100
|
|t:|1743891069
|switch|p1a: Alomomola|Alomomola, F|100/100|[from] U-turn
|move|p2a: Porygon2|Tri Attack|p1a: Alomomola
|-damage|p1a: Alomomola|52/100
|-status|p1a: Alomomola|par
|
|upkeep
|turn|3
|
|t:|1743891078
|switch|p1a: Ting-Lu|Ting-Lu|100/100
|-ability|p1a: Ting-Lu|Vessel of Ruin
|move|p2a: Porygon2|Thunderbolt|p1a: Ting-Lu
|-immune|p1a: Ting-Lu
|
|upkeep
|turn|4
|
|t:|1743891087
|switch|p2a: Landorus|Landorus-Therian, M|100/100
|-ability|p2a: Landorus|Intimidate|boost
|-unboost|p1a: Ting-Lu|atk|1
|move|p1a: Ting-Lu|Stealth Rock|p2a: Landorus
|-sidestart|p2: yanerij|move: Stealth Rock
|
|upkeep
|turn|5
|
|t:|1743891094
|move|p2a: Landorus|U-turn|p1a: Ting-Lu
|-supereffective|p1a: Ting-Lu
|-damage|p1a: Ting-Lu|70/100
|
|t:|1743891098
|switch|p2a: Mandibuzz|Mandibuzz, F|100/100|[from] U-turn
|move|p1a: Ting-Lu|Ruination|p2a: Mandibuzz
|-damage|p2a: Mandibuzz|50/100
|
|-heal|p1a: Ting-Lu|76/100|[from] item: Leftovers
|upkeep
|turn|6
|inactive|Dr. Drake6782 has 120 seconds left.
|c|☆yanerij|Mandibuzz use defog !
|
|t:|1743891149
|switch|p1a: Kyurem|Kyurem, shiny|100/100
|-ability|p1a: Kyurem|Pressure
|move|p2a: Mandibuzz|Toxic|p1a: Kyurem
|-status|p1a: Kyurem|tox
|
|-damage|p1a: Kyurem|94/100 tox|[from] psn
|upkeep
|turn|7
|c|☆Dr. Drake6782|bro
|c|☆Dr. Drake6782|u said u were gonna use defog
|c|☆Dr. Drake6782|:(
|
|t:|1743891165
|-terastallize|p2a: Mandibuzz|Water
|move|p1a: Kyurem|Ice Beam|p2a: Mandibuzz
|-resisted|p2a: Mandibuzz
|-damage|p2a: Mandibuzz|30/100
|move|p2a: Mandibuzz|Defog|p1a: Kyurem
|-unboost|p1a: Kyurem|evasion|1
|-sideend|p2: yanerij|Stealth Rock|[from] move: Defog|[of] p2a: Mandibuzz
|
|-damage|p1a: Kyurem|82/100 tox|[from] psn
|upkeep
|turn|8
|c|☆yanerij|Yes i do
|
|t:|1743891190
|switch|p1a: Alomomola|Alomomola, F|86/100 par
|switch|p2a: Kingambit|Kingambit, M|100/100
|
|upkeep
|turn|9
|c|☆Dr. Drake6782|u lied
|c|☆Dr. Drake6782|u used toxic
|c|☆yanerij|:/
|c|☆yanerij|Sorry
|inactive|yanerij has 120 seconds left.
|
|t:|1743891210
|-end|p2a: Kingambit|fallenundefined|[silent]
|switch|p2a: Porygon2|Porygon2|62/100
|move|p1a: Alomomola|Wish|p1a: Alomomola
|
|upkeep
|turn|10
|c|☆Dr. Drake6782|give me a frww turn
|
|t:|1743891219
|-terastallize|p1a: Alomomola|Dragon
|move|p2a: Porygon2|Tri Attack|p1a: Alomomola
|-damage|p1a: Alomomola|48/100 par
|move|p1a: Alomomola|Flip Turn|p2a: Porygon2
|-damage|p2a: Porygon2|52/100
|c|☆Dr. Drake6782|free turn
|
|t:|1743891225
|switch|p1a: Ogerpon|Ogerpon-Wellspring, F|30/100|[from] Flip Turn
|
|-heal|p1a: Ogerpon|100/100|[from] move: Wish|[wisher] Alomomola
|upkeep
|turn|11
|
|t:|1743891239
|move|p1a: Ogerpon|Knock Off|p2a: Porygon2
|-damage|p2a: Porygon2|27/100
|-enditem|p2a: Porygon2|Eviolite|[from] move: Knock Off|[of] p1a: Ogerpon
|move|p2a: Porygon2|Tri Attack|p1a: Ogerpon
|-damage|p1a: Ogerpon|43/100
|
|upkeep
|turn|12
|
|t:|1743891247
|switch|p2a: Landorus|Landorus-Therian, M|100/100
|-ability|p2a: Landorus|Intimidate|boost
|-unboost|p1a: Ogerpon|atk|1
|move|p1a: Ogerpon|Ivy Cudgel|p2a: Landorus|[anim] Ivy Cudgel Water
|-supereffective|p2a: Landorus
|-damage|p2a: Landorus|1/100
|
|upkeep
|turn|13
|c|☆yanerij|:O
|
|t:|1743891261
|switch|p1a: Garganacl|Garganacl, M, shiny|100/100
|move|p2a: Landorus|U-turn|p1a: Garganacl
|-damage|p1a: Garganacl|82/100
|
|t:|1743891269
|switch|p2a: Gholdengo|Gholdengo|100/100|[from] U-turn
|-item|p2a: Gholdengo|Air Balloon
|
|-heal|p1a: Garganacl|88/100|[from] item: Leftovers
|upkeep
|turn|14
|
|t:|1743891286
|switch|p1a: Ting-Lu|Ting-Lu|76/100
|-ability|p1a: Ting-Lu|Vessel of Ruin
|move|p2a: Gholdengo|Make It Rain|p1a: Ting-Lu
|-damage|p1a: Ting-Lu|54/100
|-unboost|p2a: Gholdengo|spa|1
|
|-heal|p1a: Ting-Lu|60/100|[from] item: Leftovers
|upkeep
|turn|15
|
|t:|1743891298
|switch|p2a: Mandibuzz|Mandibuzz, F, tera:Water|30/100
|move|p1a: Ting-Lu|Stealth Rock|p2a: Mandibuzz
|-sidestart|p2: yanerij|move: Stealth Rock
|
|-heal|p1a: Ting-Lu|66/100|[from] item: Leftovers
|upkeep
|turn|16
|
|t:|1743891308
|switch|p1a: Kyurem|Kyurem, shiny|82/100 tox
|-ability|p1a: Kyurem|Pressure
|move|p2a: Mandibuzz|Roost|p2a: Mandibuzz
|-heal|p2a: Mandibuzz|80/100
|
|-damage|p1a: Kyurem|76/100 tox|[from] psn
|upkeep
|turn|17
|
|t:|1743891318
|move|p1a: Kyurem|Freeze-Dry|p2a: Mandibuzz
|-supereffective|p2a: Mandibuzz
|-damage|p2a: Mandibuzz|16/100
|move|p2a: Mandibuzz|Defog|p1a: Kyurem
|-unboost|p1a: Kyurem|evasion|1
|-sideend|p2: yanerij|Stealth Rock|[from] move: Defog|[of] p2a: Mandibuzz
|
|-damage|p1a: Kyurem|64/100 tox|[from] psn
|upkeep
|turn|18
|c|☆Dr. Drake6782|keep mandi in
|
|t:|1743891328
|switch|p2a: Snorlax|Snorlax, F|100/100
|move|p1a: Kyurem|Freeze-Dry|p2a: Snorlax
|-damage|p2a: Snorlax|90/100
|
|-damage|p1a: Kyurem|45/100 tox|[from] psn
|upkeep
|turn|19
|
|t:|1743891337
|switch|p1a: Garganacl|Garganacl, M, shiny|88/100
|move|p2a: Snorlax|Body Slam|p1a: Garganacl
|-resisted|p1a: Garganacl
|-damage|p1a: Garganacl|78/100
|
|-heal|p1a: Garganacl|85/100|[from] item: Leftovers
|upkeep
|turn|20
|
|t:|1743891348
|move|p1a: Garganacl|Salt Cure|p2a: Snorlax
|-damage|p2a: Snorlax|77/100
|-start|p2a: Snorlax|Salt Cure
|move|p2a: Snorlax|Earthquake|p1a: Garganacl
|-supereffective|p1a: Garganacl
|-damage|p1a: Garganacl|53/100
|
|-heal|p1a: Garganacl|59/100|[from] item: Leftovers
|-damage|p2a: Snorlax|64/100|[from] Salt Cure
|upkeep
|turn|21
|c|☆Dr. Drake6782|sada neem ashiq majnoon
|
|t:|1743891358
|switch|p2a: Kingambit|Kingambit, M|100/100
|move|p1a: Garganacl|Iron Defense|p1a: Garganacl
|-boost|p1a: Garganacl|def|2
|
|-heal|p1a: Garganacl|65/100|[from] item: Leftovers
|upkeep
|turn|22
|
|t:|1743891366
|move|p2a: Kingambit|Swords Dance|p2a: Kingambit
|-boost|p2a: Kingambit|atk|2
|move|p1a: Garganacl|Salt Cure|p2a: Kingambit
|-resisted|p2a: Kingambit
|-damage|p2a: Kingambit|94/100
|-start|p2a: Kingambit|Salt Cure
|
|-heal|p2a: Kingambit|100/100|[from] item: Leftovers
|-heal|p1a: Garganacl|72/100|[from] item: Leftovers
|-damage|p2a: Kingambit|76/100|[from] Salt Cure
|upkeep
|turn|23
|
|t:|1743891377
|move|p2a: Kingambit|Iron Head|p1a: Garganacl
|-supereffective|p1a: Garganacl
|-damage|p1a: Garganacl|5/100
|cant|p1a: Garganacl|flinch
|
|-heal|p2a: Kingambit|82/100|[from] item: Leftovers
|-heal|p1a: Garganacl|11/100|[from] item: Leftovers
|-damage|p2a: Kingambit|57/100|[from] Salt Cure
|upkeep
|turn|24
|
|t:|1743891388
|move|p1a: Garganacl|Protect|p1a: Garganacl
|-singleturn|p1a: Garganacl|Protect
|move|p2a: Kingambit|Kowtow Cleave|p1a: Garganacl
|-activate|p1a: Garganacl|move: Protect
|
|-heal|p2a: Kingambit|63/100|[from] item: Leftovers
|-heal|p1a: Garganacl|17/100|[from] item: Leftovers
|-damage|p2a: Kingambit|38/100|[from] Salt Cure
|upkeep
|turn|25
|
|t:|1743891398
|switch|p1a: Weezing|Weezing-Galar, M, shiny|100/100
|-ability|p1a: Weezing|Neutralizing Gas
|move|p2a: Kingambit|Iron Head|p1a: Weezing
|-supereffective|p1a: Weezing
|-damage|p1a: Weezing|0 fnt
|faint|p1a: Weezing
|-end|p1a: Weezing|ability: Neutralizing Gas
|
|-heal|p2a: Kingambit|44/100|[from] item: Leftovers
|-damage|p2a: Kingambit|19/100|[from] Salt Cure
|upkeep
|
|t:|1743891403
|switch|p1a: Ogerpon|Ogerpon-Wellspring, F|43/100
|turn|26
|c|☆Dr. Drake6782|haha
|
|t:|1743891424
|move|p2a: Kingambit|Sucker Punch||[still]
|-fail|p2a: Kingambit
|move|p1a: Ogerpon|Spikes|p2a: Kingambit
|-sidestart|p2: yanerij|Spikes
|
|-heal|p2a: Kingambit|25/100|[from] item: Leftovers
|-damage|p2a: Kingambit|0 fnt|[from] Salt Cure
|faint|p2a: Kingambit
|-end|p2a: Kingambit|fallenundefined|[silent]
|upkeep
|c|☆Dr. Drake6782|u die
|c|☆Dr. Drake6782|hehe
|
|t:|1743891435
|switch|p2a: Landorus|Landorus-Therian, M|1/100
|-ability|p2a: Landorus|Intimidate|boost
|-unboost|p1a: Ogerpon|atk|1
|turn|27
|
|t:|1743891444
|switch|p1a: Alomomola|Alomomola, F, tera:Dragon|82/100 par
|move|p2a: Landorus|Earthquake|p1a: Alomomola
|-crit|p1a: Alomomola
|-damage|p1a: Alomomola|29/100 par
|
|upkeep
|turn|28
|
|t:|1743891465
|switch|p1a: Garganacl|Garganacl, M, shiny|17/100
|move|p2a: Landorus|Earthquake|p1a: Garganacl
|-supereffective|p1a: Garganacl
|-damage|p1a: Garganacl|0 fnt
|faint|p1a: Garganacl
|
|upkeep
|
|t:|1743891468
|switch|p1a: Kyurem|Kyurem, shiny|45/100 tox
|-ability|p1a: Kyurem|Pressure
|turn|29
|c|☆Dr. Drake6782|ggs
|c|☆Dr. Drake6782|u win
|
|t:|1743891476
|move|p1a: Kyurem|Ice Beam|p2a: Landorus
|-supereffective|p2a: Landorus
|-damage|p2a: Landorus|0 fnt
|faint|p2a: Landorus
|
|-damage|p1a: Kyurem|39/100 tox|[from] psn
|upkeep
|c|☆Dr. Drake6782|SIKE
|c|☆Dr. Drake6782|THATS THE WRONGG DIDDY
|
|t:|1743891492
|switch|p2a: Snorlax|Snorlax, F|64/100
|-damage|p2a: Snorlax|52/100|[from] Spikes
|turn|30
|
|t:|1743891514
|switch|p1a: Alomomola|Alomomola, F, tera:Dragon|62/100 par
|move|p2a: Snorlax|Body Slam|p1a: Alomomola
|-damage|p1a: Alomomola|42/100 par
|
|upkeep
|turn|31
|
|t:|1743891521
|move|p2a: Snorlax|Body Slam|p1a: Alomomola
|-damage|p1a: Alomomola|24/100 par
|move|p1a: Alomomola|Wish|p1a: Alomomola
|
|upkeep
|turn|32
|
|t:|1743891528
|move|p2a: Snorlax|Body Slam|p1a: Alomomola
|-damage|p1a: Alomomola|4/100 par
|move|p1a: Alomomola|Flip Turn|p2a: Snorlax
|-damage|p2a: Snorlax|37/100
|
|t:|1743891533
|switch|p1a: Ogerpon|Ogerpon-Wellspring, F|43/100|[from] Flip Turn
|
|-heal|p1a: Ogerpon|100/100|[from] move: Wish|[wisher] Alomomola
|upkeep
|turn|33
|
|t:|1743891540
|switch|p2a: Mandibuzz|Mandibuzz, F, tera:Water|16/100
|move|p1a: Ogerpon|Ivy Cudgel|p2a: Mandibuzz|[anim] Ivy Cudgel Water
|-resisted|p2a: Mandibuzz
|-damage|p2a: Mandibuzz|0 fnt
|faint|p2a: Mandibuzz
|
|upkeep
|
|t:|1743891551
|switch|p2a: Gholdengo|Gholdengo|100/100
|-item|p2a: Gholdengo|Air Balloon
|turn|34
|
|t:|1743891564
|move|p1a: Ogerpon|Ivy Cudgel|p2a: Gholdengo|[anim] Ivy Cudgel Water
|-damage|p2a: Gholdengo|64/100
|-enditem|p2a: Gholdengo|Air Balloon
|move|p2a: Gholdengo|Thunder Wave|p1a: Ogerpon
|-status|p1a: Ogerpon|par
|
|upkeep
|turn|35
|c|☆yanerij|You win gg
|
|t:|1743891572
|move|p2a: Gholdengo|Recover|p2a: Gholdengo
|-heal|p2a: Gholdengo|100/100
|move|p1a: Ogerpon|Ivy Cudgel|p2a: Gholdengo|[anim] Ivy Cudgel Water
|-crit|p2a: Gholdengo
|-damage|p2a: Gholdengo|38/100
|
|upkeep
|turn|36
|
|t:|1743891579
|move|p2a: Gholdengo|Recover|p2a: Gholdengo
|-heal|p2a: Gholdengo|88/100
|move|p1a: Ogerpon|Ivy Cudgel|p2a: Gholdengo|[anim] Ivy Cudgel Water
|-damage|p2a: Gholdengo|48/100
|
|upkeep
|turn|37
|c|☆Dr. Drake6782|ik fool
|
|t:|1743891586
|move|p2a: Gholdengo|Recover|p2a: Gholdengo
|-heal|p2a: Gholdengo|98/100
|move|p1a: Ogerpon|Ivy Cudgel|p2a: Gholdengo|[anim] Ivy Cudgel Water
|-damage|p2a: Gholdengo|61/100
|
|upkeep
|turn|38
|
|t:|1743891593
|switch|p1a: Ting-Lu|Ting-Lu|66/100
|-ability|p1a: Ting-Lu|Vessel of Ruin
|move|p2a: Gholdengo|Recover|p2a: Gholdengo
|-heal|p2a: Gholdengo|100/100
|
|-heal|p1a: Ting-Lu|72/100|[from] item: Leftovers
|upkeep
|turn|39
|
|t:|1743891604
|switch|p2a: Porygon2|Porygon2|27/100
|-damage|p2a: Porygon2|14/100|[from] Spikes
|move|p1a: Ting-Lu|Earthquake|p2a: Porygon2
|-damage|p2a: Porygon2|0 fnt
|faint|p2a: Porygon2
|
|-heal|p1a: Ting-Lu|79/100|[from] item: Leftovers
|upkeep
|
|t:|1743891615
|switch|p2a: Snorlax|Snorlax, F|37/100
|-damage|p2a: Snorlax|24/100|[from] Spikes
|turn|40
|
|t:|1743891620
|move|p1a: Ting-Lu|Earthquake|p2a: Snorlax
|-damage|p2a: Snorlax|0 fnt
|faint|p2a: Snorlax
|
|-heal|p1a: Ting-Lu|85/100|[from] item: Leftovers
|upkeep
|
|t:|1743891626
|switch|p2a: Gholdengo|Gholdengo|100/100
|-damage|p2a: Gholdengo|88/100|[from] Spikes
|turn|41
|
|t:|1743891632
|move|p2a: Gholdengo|Make It Rain|p1a: Ting-Lu
|-damage|p1a: Ting-Lu|62/100
|-unboost|p2a: Gholdengo|spa|1
|move|p1a: Ting-Lu|Earthquake|p2a: Gholdengo
|-supereffective|p2a: Gholdengo
|-damage|p2a: Gholdengo|40/100
|
|-heal|p1a: Ting-Lu|69/100|[from] item: Leftovers
|upkeep
|turn|42
|-message|yanerij forfeited.
|
|win|Dr. Drake6782
|raw|Dr. Drake6782's rating: 1278 &rarr; <strong>1301</strong><br />(+23 for winning)
|raw|yanerij's rating: 1252 &rarr; <strong>1229</strong><br />(-23 for losing)
|l|☆yanerij
|player|p2|
