|j|☆yabomboclatt
|j|☆Kingdra all day
|t:|1743907360
|gametype|singles
|player|p1|yabomboclatt|n-masters|1619
|player|p2|Kingdra all day|clair|1630
|teamsize|p1|6
|teamsize|p2|6
|gen|9
|tier|[Gen 9] OU
|rated|
|rule|HP Percentage Mod: HP is shown in percentages
|rule|Endless Battle Clause: Forcing endless battles is banned
|rule|Species Clause: Limit one of each Pokémon
|rule|OHKO Clause: OHKO moves are banned
|rule|Evasion Items Clause: Evasion items are banned
|rule|Evasion Moves Clause: Evasion moves are banned
|rule|Sleep Moves Clause: Sleep-inducing moves are banned
|clearpoke
|poke|p1|Slowking-Galar, F|
|poke|p1|Raging Bolt|
|poke|p1|Great Tusk|
|poke|p1|Kingambit, M|
|poke|p1|Ogerpon-Wellspring, F|
|poke|p1|Enamorus, F|
|poke|p2|Ninetales-Alola, M|
|poke|p2|Klefki, F|
|poke|p2|Maushold-Four|
|poke|p2|Latias, F|
|poke|p2|Kyurem|
|poke|p2|Gholdengo|
|teampreview
|inactive|Battle timer is ON: inactive players will automatically lose when time's up. (requested by Kingdra all day)
|
|t:|1743907370
|start
|switch|p1a: Ogerpon|Ogerpon-Wellspring, F|100/100
|switch|p2a: Ninetales|Ninetales-Alola, M|100/100
|-weather|Snowscape|[from] ability: Snow Warning|[of] p2a: Ninetales
|turn|1
|
|t:|1743907376
|move|p1a: Ogerpon|Knock Off|p2a: Ninetales
|-resisted|p2a: Ninetales
|-damage|p2a: Ninetales|85/100
|-enditem|p2a: Ninetales|Light Clay|[from] move: Knock Off|[of] p1a: Ogerpon
|move|p2a: Ninetales|Freeze-Dry|p1a: Ogerpon
|-supereffective|p1a: Ogerpon
|-damage|p1a: Ogerpon|13/100
|
|-weather|Snowscape|[upkeep]
|upkeep
|turn|2
|
|t:|1743907384
|move|p1a: Ogerpon|Ivy Cudgel|p2a: Ninetales|[anim] Ivy Cudgel Water
|-crit|p2a: Ninetales
|-damage|p2a: Ninetales|18/100
|move|p2a: Ninetales|Aurora Veil|p2a: Ninetales
|-sidestart|p2: Kingdra all day|move: Aurora Veil
|
|-weather|Snowscape|[upkeep]
|upkeep
|turn|3
|
|t:|1743907393
|switch|p2a: Latias|Latias, F|100/100
|move|p1a: Ogerpon|Ivy Cudgel|p2a: Latias|[anim] Ivy Cudgel Water
|-resisted|p2a: Latias
|-damage|p2a: Latias|88/100
|
|-weather|Snowscape|[upkeep]
|upkeep
|turn|4
|j| kingambit player
|l| kingambit player
|
|t:|1743907399
|switch|p1a: Slowking|Slowking-Galar, F|100/100
|move|p2a: Latias|Agility|p2a: Latias
|-boost|p2a: Latias|spe|2
|
|-weather|Snowscape|[upkeep]
|upkeep
|turn|5
|
|t:|1743907404
|move|p2a: Latias|Calm Mind|p2a: Latias
|-boost|p2a: Latias|spa|1
|-boost|p2a: Latias|spd|1
|move|p1a: Slowking|Sludge Bomb|p2a: Latias
|-damage|p2a: Latias|77/100
|
|-weather|none
|upkeep
|turn|6
|
|t:|1743907411
|-terastallize|p2a: Latias|Steel
|move|p2a: Latias|Agility|p2a: Latias
|-boost|p2a: Latias|spe|2
|move|p1a: Slowking|Sludge Bomb|p2a: Latias
|-immune|p2a: Latias
|
|-sideend|p2: Kingdra all day|move: Aurora Veil
|upkeep
|turn|7
|
|t:|1743907417
|move|p2a: Latias|Calm Mind|p2a: Latias
|-boost|p2a: Latias|spa|1
|-boost|p2a: Latias|spd|1
|move|p1a: Slowking|Ice Beam|p2a: Latias
|-resisted|p2a: Latias
|-damage|p2a: Latias|71/100
|-status|p2a: Latias|frz
|
|upkeep
|turn|8
|j| bybvdn
|
|t:|1743907437
|switch|p1a: Ogerpon|Ogerpon-Wellspring, F|13/100
|cant|p2a: Latias|frz
|
|upkeep
|turn|9
|
|t:|1743907441
|cant|p2a: Latias|frz
|move|p1a: Ogerpon|Ivy Cudgel|p2a: Latias|[anim] Ivy Cudgel Water
|-damage|p2a: Latias|18/100 frz
|
|upkeep
|turn|10
|l| bybvdn
|
|t:|1743907445
|cant|p2a: Latias|frz
|move|p1a: Ogerpon|Ivy Cudgel|p2a: Latias|[anim] Ivy Cudgel Water
|-damage|p2a: Latias|0 fnt
|faint|p2a: Latias
|
|upkeep
|
|t:|1743907451
|switch|p2a: Klefki|Klefki, F|100/100
|turn|11
|
|t:|1743907456
|move|p2a: Klefki|Thunder Wave|p1a: Ogerpon
|-status|p1a: Ogerpon|par
|move|p1a: Ogerpon|Ivy Cudgel|p2a: Klefki|[anim] Ivy Cudgel Water
|-crit|p2a: Klefki
|-damage|p2a: Klefki|9/100
|
|upkeep
|turn|12
|
|t:|1743907460
|move|p2a: Klefki|Reflect|p2a: Klefki
|-sidestart|p2: Kingdra all day|Reflect
|move|p1a: Ogerpon|Knock Off|p2a: Klefki
|-resisted|p2a: Klefki
|-damage|p2a: Klefki|0 fnt
|-enditem|p2a: Klefki|Light Clay|[from] move: Knock Off|[of] p1a: Ogerpon
|faint|p2a: Klefki
|
|upkeep
|
|t:|1743907466
|switch|p2a: Ninetales|Ninetales-Alola, M|18/100
|-weather|Snowscape|[from] ability: Snow Warning|[of] p2a: Ninetales
|turn|13
|
|t:|1743907470
|move|p2a: Ninetales|Freeze-Dry|p1a: Ogerpon
|-supereffective|p1a: Ogerpon
|-damage|p1a: Ogerpon|0 fnt
|faint|p1a: Ogerpon
|
|-weather|Snowscape|[upkeep]
|upkeep
|
|t:|1743907486
|switch|p1a: Slowking|Slowking-Galar, F|100/100
|turn|14
|
|t:|1743907498
|move|p2a: Ninetales|Aurora Veil|p2a: Ninetales
|-sidestart|p2: Kingdra all day|move: Aurora Veil
|move|p1a: Slowking|Psyshock|p2a: Ninetales
|-damage|p2a: Ninetales|6/100
|
|-weather|Snowscape|[upkeep]
|upkeep
|turn|15
|
|t:|1743907504
|move|p2a: Ninetales|Misty Terrain|p2a: Ninetales
|-fieldstart|move: Misty Terrain
|move|p1a: Slowking|Sludge Bomb|p2a: Ninetales
|-supereffective|p2a: Ninetales
|-damage|p2a: Ninetales|0 fnt
|faint|p2a: Ninetales
|
|-weather|Snowscape|[upkeep]
|upkeep
|
|t:|1743907512
|switch|p2a: Maushold|Maushold-Four|100/100
|turn|16
|
|t:|1743907521
|move|p2a: Maushold|Tidy Up|p2a: Maushold
|-boost|p2a: Maushold|atk|1
|-boost|p2a: Maushold|spe|1
|move|p1a: Slowking|Sludge Bomb|p2a: Maushold
|-damage|p2a: Maushold|76/100
|
|-weather|Snowscape|[upkeep]
|upkeep
|turn|17
|
|t:|1743907536
|move|p2a: Maushold|Tidy Up|p2a: Maushold
|-boost|p2a: Maushold|atk|1
|-boost|p2a: Maushold|spe|1
|move|p1a: Slowking|Sludge Bomb|p2a: Maushold
|-damage|p2a: Maushold|49/100
|
|-weather|none
|upkeep
|turn|18
|
|t:|1743907540
|switch|p1a: Great Tusk|Great Tusk|100/100
|move|p2a: Maushold|Population Bomb|p1a: Great Tusk
|-damage|p1a: Great Tusk|83/100
|-damage|p2a: Maushold|32/100|[from] item: Rocky Helmet|[of] p1a: Great Tusk
|-damage|p1a: Great Tusk|65/100
|-damage|p2a: Maushold|15/100|[from] item: Rocky Helmet|[of] p1a: Great Tusk
|-damage|p1a: Great Tusk|47/100
|-damage|p2a: Maushold|0 fnt|[from] item: Rocky Helmet|[of] p1a: Great Tusk
|faint|p2a: Maushold
|-hitcount|p1a: Great Tusk|3
|
|-sideend|p2: Kingdra all day|move: Aurora Veil
|upkeep
|
|t:|1743907543
|switch|p2a: Kyurem|Kyurem, shiny|100/100
|-ability|p2a: Kyurem|Pressure
|turn|19
|
|t:|1743907555
|-end|p1a: Great Tusk|Protosynthesis|[silent]
|switch|p1a: Slowking|Slowking-Galar, F|100/100
|move|p2a: Kyurem|Dragon Dance|p2a: Kyurem
|-boost|p2a: Kyurem|atk|1
|-boost|p2a: Kyurem|spe|1
|
|-sideend|p2: Kingdra all day|Reflect
|-fieldend|Misty Terrain
|upkeep
|turn|20
|
|t:|1743907561
|move|p2a: Kyurem|Dragon Dance|p2a: Kyurem
|-boost|p2a: Kyurem|atk|1
|-boost|p2a: Kyurem|spe|1
|move|p1a: Slowking|Sludge Bomb|p2a: Kyurem
|-damage|p2a: Kyurem|65/100
|
|upkeep
|turn|21
|
|t:|1743907570
|move|p2a: Kyurem|Icicle Spear|p1a: Slowking
|-damage|p1a: Slowking|78/100
|-damage|p1a: Slowking|56/100
|-damage|p1a: Slowking|33/100
|-damage|p1a: Slowking|10/100
|-damage|p1a: Slowking|0 fnt
|faint|p1a: Slowking
|-hitcount|p1: Slowking|5
|
|upkeep
|
|t:|1743907576
|switch|p1a: Kingambit|Kingambit, M|100/100
|-activate|p1a: Kingambit|ability: Supreme Overlord
|-start|p1a: Kingambit|fallen2|[silent]
|turn|22
|
|t:|1743907580
|move|p2a: Kyurem|Icicle Spear|p1a: Kingambit
|-resisted|p1a: Kingambit
|-damage|p1a: Kingambit|90/100
|-resisted|p1a: Kingambit
|-damage|p1a: Kingambit|80/100
|-resisted|p1a: Kingambit
|-damage|p1a: Kingambit|69/100
|-resisted|p1a: Kingambit
|-damage|p1a: Kingambit|58/100
|-resisted|p1a: Kingambit
|-damage|p1a: Kingambit|46/100
|-hitcount|p1a: Kingambit|5
|move|p1a: Kingambit|Low Kick|p2a: Kyurem
|-supereffective|p2a: Kyurem
|-damage|p2a: Kyurem|0 fnt
|faint|p2a: Kyurem
|
|-heal|p1a: Kingambit|52/100|[from] item: Leftovers
|upkeep
|
|t:|1743907583
|switch|p2a: Gholdengo|Gholdengo|100/100
|turn|23
|
|t:|1743907601
|move|p1a: Kingambit|Sucker Punch|p2a: Gholdengo
|-supereffective|p2a: Gholdengo
|-damage|p2a: Gholdengo|0 fnt
|faint|p2a: Gholdengo
|
|win|yabomboclatt
|raw|yabomboclatt's rating: 1619 &rarr; <strong>1640</strong><br />(+21 for winning)
|raw|Kingdra all day's rating: 1630 &rarr; <strong>1609</strong><br />(-21 for losing)
|l|☆Kingdra all day
|player|p2|
