|j|☆chillin a lot
|j|☆tdd20070515兹伏奇大吾
|t:|1743939174
|gametype|singles
|player|p1|chillin a lot|tuberf|1645
|player|p2|tdd20070515兹伏奇大吾|steven-masters2|1636
|teamsize|p1|6
|teamsize|p2|6
|gen|9
|tier|[Gen 9] OU
|rated|
|rule|HP Percentage Mod: HP is shown in percentages
|rule|Endless Battle Clause: Forcing endless battles is banned
|rule|Species Clause: Limit one of each Pokémon
|rule|OHKO Clause: OHKO moves are banned
|rule|Evasion Items Clause: Evasion items are banned
|rule|Evasion Moves Clause: Evasion moves are banned
|rule|Sleep Moves Clause: Sleep-inducing moves are banned
|clearpoke
|poke|p1|Samurott-Hisui, M|
|poke|p1|Pecharunt|
|poke|p1|Enamorus, F|
|poke|p1|Dragonite, F|
|poke|p1|Great Tusk|
|poke|p1|Ogerpon-Wellspring, F|
|poke|p2|Clodsire, F|
|poke|p2|Dondozo, M|
|poke|p2|Blissey, F|
|poke|p2|Gliscor, M|
|poke|p2|Corviknight, M|
|poke|p2|Toxapex, F|
|teampreview
|j| thodoras edition
|l| thodoras edition
|j| Just-JayPe
|j| DesertGardener
|
|t:|1743939233
|start
|switch|p1a: Ogerpon|Ogerpon-Wellspring, F|100/100
|switch|p2a: 我菜的抠脚|Toxapex, F|100/100
|turn|1
|j| m0chaman_829
|
|t:|1743939240
|move|p1a: Ogerpon|U-turn|p2a: 我菜的抠脚
|-resisted|p2a: 我菜的抠脚
|-damage|p2a: 我菜的抠脚|92/100
|
|t:|1743939243
|switch|p1a: Pecharunt|Pecharunt|100/100|[from] U-turn
|move|p2a: 我菜的抠脚|Toxic|p1a: Pecharunt
|-immune|p1a: Pecharunt
|
|upkeep
|turn|2
|l| Just-JayPe
|
|t:|1743939257
|move|p1a: Pecharunt|Hex|p2a: 我菜的抠脚
|-damage|p2a: 我菜的抠脚|76/100
|move|p2a: 我菜的抠脚|Infestation|p1a: Pecharunt
|-resisted|p1a: Pecharunt
|-crit|p1a: Pecharunt
|-damage|p1a: Pecharunt|99/100
|-activate|p1a: Pecharunt|move: Infestation|[of] p2a: 我菜的抠脚
|
|-damage|p1a: Pecharunt|87/100|[from] move: Infestation|[partiallytrapped]
|upkeep
|turn|3
|
|t:|1743939265
|move|p1a: Pecharunt|Hex|p2a: 我菜的抠脚
|-damage|p2a: 我菜的抠脚|58/100
|move|p2a: 我菜的抠脚|Toxic|p1a: Pecharunt
|-immune|p1a: Pecharunt
|
|-damage|p1a: Pecharunt|75/100|[from] move: Infestation|[partiallytrapped]
|upkeep
|turn|4
|
|t:|1743939270
|move|p1a: Pecharunt|Parting Shot|p2a: 我菜的抠脚
|-unboost|p2a: 我菜的抠脚|atk|1
|-unboost|p2a: 我菜的抠脚|spa|1
|
|t:|1743939274
|switch|p1a: EST Geenite|Dragonite, F|100/100|[from] Parting Shot
|move|p2a: 我菜的抠脚|Infestation|p1a: EST Geenite
|-resisted|p1a: EST Geenite
|-damage|p1a: EST Geenite|99/100
|-activate|p1a: EST Geenite|move: Infestation|[of] p2a: 我菜的抠脚
|
|-damage|p1a: EST Geenite|88/100|[from] move: Infestation|[partiallytrapped]
|upkeep
|turn|5
|
|t:|1743939282
|switch|p2a: 这是勾魂眼的位置|Gliscor, M|100/100
|move|p1a: EST Geenite|Encore||[still]
|-fail|p1a: EST Geenite
|
|-end|p1a: EST Geenite|Infestation|[partiallytrapped]|[silent]
|-status|p2a: 这是勾魂眼的位置|tox|[from] item: Toxic Orb
|upkeep
|turn|6
|
|t:|1743939289
|switch|p1a: Pecharunt|Pecharunt|75/100
|move|p2a: 这是勾魂眼的位置|Knock Off|p1a: Pecharunt
|-supereffective|p1a: Pecharunt
|-damage|p1a: Pecharunt|47/100
|-enditem|p1a: Pecharunt|Heavy-Duty Boots|[from] move: Knock Off|[of] p2a: 这是勾魂眼的位置
|
|upkeep
|turn|7
|
|t:|1743939294
|move|p1a: Pecharunt|Hex|p2a: 这是勾魂眼的位置
|-damage|p2a: 这是勾魂眼的位置|65/100 tox
|move|p2a: 这是勾魂眼的位置|Swords Dance|p2a: 这是勾魂眼的位置
|-boost|p2a: 这是勾魂眼的位置|atk|2
|
|-heal|p2a: 这是勾魂眼的位置|77/100 tox|[from] ability: Poison Heal
|upkeep
|turn|8
|
|t:|1743939300
|move|p1a: Pecharunt|Hex|p2a: 这是勾魂眼的位置
|-damage|p2a: 这是勾魂眼的位置|46/100 tox
|move|p2a: 这是勾魂眼的位置|Knock Off|p1a: Pecharunt
|-supereffective|p1a: Pecharunt
|-damage|p1a: Pecharunt|12/100
|
|-heal|p2a: 这是勾魂眼的位置|59/100 tox|[from] ability: Poison Heal
|upkeep
|turn|9
|
|t:|1743939305
|move|p2a: 这是勾魂眼的位置|Protect|p2a: 这是勾魂眼的位置
|-singleturn|p2a: 这是勾魂眼的位置|Protect
|move|p1a: Pecharunt|Hex|p2a: 这是勾魂眼的位置
|-activate|p2a: 这是勾魂眼的位置|move: Protect
|
|-heal|p2a: 这是勾魂眼的位置|71/100 tox|[from] ability: Poison Heal
|upkeep
|turn|10
|
|t:|1743939307
|move|p1a: Pecharunt|Hex|p2a: 这是勾魂眼的位置
|-damage|p2a: 这是勾魂眼的位置|36/100 tox
|move|p2a: 这是勾魂眼的位置|Knock Off|p1a: Pecharunt
|-supereffective|p1a: Pecharunt
|-damage|p1a: Pecharunt|0 fnt
|faint|p1a: Pecharunt
|
|-heal|p2a: 这是勾魂眼的位置|49/100 tox|[from] ability: Poison Heal
|upkeep
|
|t:|1743939313
|switch|p1a: Enamorus|Enamorus, F|100/100
|turn|11
|l| m0chaman_829
|
|t:|1743939365
|switch|p1a: Ogerpon|Ogerpon-Wellspring, F|100/100
|move|p2a: 这是勾魂眼的位置|Protect||[still]
|-fail|p2a: 这是勾魂眼的位置
|
|-heal|p2a: 这是勾魂眼的位置|61/100 tox|[from] ability: Poison Heal
|upkeep
|turn|12
|
|t:|1743939371
|move|p2a: 这是勾魂眼的位置|Protect|p2a: 这是勾魂眼的位置
|-singleturn|p2a: 这是勾魂眼的位置|Protect
|move|p1a: Ogerpon|Ivy Cudgel|p2a: 这是勾魂眼的位置|[anim] Ivy Cudgel Water
|-activate|p2a: 这是勾魂眼的位置|move: Protect
|
|-heal|p2a: 这是勾魂眼的位置|73/100 tox|[from] ability: Poison Heal
|upkeep
|turn|13
|
|t:|1743939390
|switch|p2a: 我菜的抠脚|Toxapex, F|92/100
|move|p1a: Ogerpon|Encore||[still]
|-fail|p1a: Ogerpon
|
|upkeep
|turn|14
|
|t:|1743939394
|move|p1a: Ogerpon|Knock Off|p2a: 我菜的抠脚
|-damage|p2a: 我菜的抠脚|68/100
|-enditem|p2a: 我菜的抠脚|Heavy-Duty Boots|[from] move: Knock Off|[of] p1a: Ogerpon
|move|p2a: 我菜的抠脚|Toxic|p1a: Ogerpon
|-status|p1a: Ogerpon|tox
|
|-damage|p1a: Ogerpon|95/100 tox|[from] psn
|upkeep
|turn|15
|
|t:|1743939399
|move|p1a: Ogerpon|U-turn|p2a: 我菜的抠脚
|-resisted|p2a: 我菜的抠脚
|-damage|p2a: 我菜的抠脚|59/100
|
|t:|1743939403
|switch|p1a: Gr8Bastard|Great Tusk|100/100|[from] U-turn
|-enditem|p1a: Gr8Bastard|Booster Energy
|-activate|p1a: Gr8Bastard|ability: Protosynthesis|[fromitem]
|-start|p1a: Gr8Bastard|protosynthesisspe
|move|p2a: 我菜的抠脚|Infestation|p1a: Gr8Bastard
|-resisted|p1a: Gr8Bastard
|-damage|p1a: Gr8Bastard|98/100
|-activate|p1a: Gr8Bastard|move: Infestation|[of] p2a: 我菜的抠脚
|
|-damage|p1a: Gr8Bastard|86/100|[from] move: Infestation|[partiallytrapped]
|upkeep
|turn|16
|j| m0chaman_829
|
|t:|1743939455
|switch|p2a: 鸟|Corviknight, M|100/100
|-ability|p2a: 鸟|Pressure
|move|p1a: Gr8Bastard|Bulk Up|p1a: Gr8Bastard
|-boost|p1a: Gr8Bastard|atk|1
|-boost|p1a: Gr8Bastard|def|1
|
|-end|p1a: Gr8Bastard|Infestation|[partiallytrapped]|[silent]
|upkeep
|turn|17
|
|t:|1743939465
|-end|p1a: Gr8Bastard|Protosynthesis|[silent]
|switch|p1a: Enamorus|Enamorus, F|100/100
|move|p2a: 鸟|Iron Defense|p2a: 鸟
|-boost|p2a: 鸟|def|2
|
|upkeep
|turn|18
|
|t:|1743939473
|switch|p2a: 我是中转呀|Blissey, F|100/100
|move|p1a: Enamorus|Earth Power|p2a: 我是中转呀
|-damage|p2a: 我是中转呀|91/100
|
|upkeep
|turn|19
|
|t:|1743939476
|move|p1a: Enamorus|Superpower|p2a: 我是中转呀
|-supereffective|p2a: 我是中转呀
|-damage|p2a: 我是中转呀|17/100
|-boost|p1a: Enamorus|atk|1
|-boost|p1a: Enamorus|def|1
|move|p2a: 我是中转呀|Stealth Rock|p1a: Enamorus
|-sidestart|p1: chillin a lot|move: Stealth Rock
|
|upkeep
|turn|20
|l| m0chaman_829
|
|t:|1743939485
|switch|p2a: 别打我呀|Clodsire, F|100/100
|move|p1a: Enamorus|Superpower|p2a: 别打我呀
|-resisted|p2a: 别打我呀
|-damage|p2a: 别打我呀|83/100
|-boost|p1a: Enamorus|atk|1
|-boost|p1a: Enamorus|def|1
|
|upkeep
|turn|21
|
|t:|1743939493
|-terastallize|p1a: Enamorus|Ground
|move|p1a: Enamorus|Earth Power|p2a: 别打我呀
|-supereffective|p2a: 别打我呀
|-damage|p2a: 别打我呀|27/100
|move|p2a: 别打我呀|Toxic|p1a: Enamorus
|-status|p1a: Enamorus|tox
|
|-damage|p1a: Enamorus|94/100 tox|[from] psn
|upkeep
|turn|22
|
|t:|1743939503
|switch|p2a: 这是勾魂眼的位置|Gliscor, M|73/100 tox
|move|p1a: Enamorus|Earth Power|p2a: 这是勾魂眼的位置
|-immune|p2a: 这是勾魂眼的位置
|
|-damage|p1a: Enamorus|82/100 tox|[from] psn
|-heal|p2a: 这是勾魂眼的位置|86/100 tox|[from] ability: Poison Heal
|upkeep
|turn|23
|
|t:|1743939510
|switch|p1a: EST Geenite|Dragonite, F|88/100
|-damage|p1a: EST Geenite|63/100|[from] Stealth Rock
|move|p2a: 这是勾魂眼的位置|Protect||[still]
|-fail|p2a: 这是勾魂眼的位置
|
|-heal|p2a: 这是勾魂眼的位置|98/100 tox|[from] ability: Poison Heal
|upkeep
|turn|24
|j| Le Bouquetin
|
|t:|1743939542
|move|p1a: EST Geenite|Dragon Dance|p1a: EST Geenite
|-boost|p1a: EST Geenite|atk|1
|-boost|p1a: EST Geenite|spe|1
|move|p2a: 这是勾魂眼的位置|Knock Off|p1a: EST Geenite
|-damage|p1a: EST Geenite|41/100
|-enditem|p1a: EST Geenite|Loaded Dice|[from] move: Knock Off|[of] p2a: 这是勾魂眼的位置
|
|-heal|p2a: 这是勾魂眼的位置|100/100 tox|[from] ability: Poison Heal
|upkeep
|turn|25
|
|t:|1743939548
|move|p1a: EST Geenite|Dragon Dance|p1a: EST Geenite
|-boost|p1a: EST Geenite|atk|1
|-boost|p1a: EST Geenite|spe|1
|move|p2a: 这是勾魂眼的位置|Facade|p1a: EST Geenite
|-damage|p1a: EST Geenite|5/100
|
|upkeep
|turn|26
|
|t:|1743939556
|switch|p2a: 您真厉害|Dondozo, M|100/100
|move|p1a: EST Geenite|Scale Shot|p2a: 您真厉害
|-damage|p2a: 您真厉害|94/100
|-damage|p2a: 您真厉害|87/100
|-hitcount|p2a: 您真厉害|2
|-unboost|p1a: EST Geenite|def|1
|-boost|p1a: EST Geenite|spe|1
|
|upkeep
|turn|27
|
|t:|1743939564
|move|p1a: EST Geenite|Scale Shot|p2a: 您真厉害
|-damage|p2a: 您真厉害|80/100
|-damage|p2a: 您真厉害|73/100
|-hitcount|p2a: 您真厉害|2
|-unboost|p1a: EST Geenite|def|1
|-boost|p1a: EST Geenite|spe|1
|move|p2a: 您真厉害|Waterfall|p1a: EST Geenite
|-resisted|p1a: EST Geenite
|-damage|p1a: EST Geenite|0 fnt
|faint|p1a: EST Geenite
|
|upkeep
|
|t:|1743939569
|switch|p1a: Ogerpon|Ogerpon-Wellspring, F|95/100 tox
|-damage|p1a: Ogerpon|82/100 tox|[from] Stealth Rock
|turn|28
|
|t:|1743939584
|switch|p2a: 我菜的抠脚|Toxapex, F|92/100
|move|p1a: Ogerpon|U-turn|p2a: 我菜的抠脚
|-resisted|p2a: 我菜的抠脚
|-damage|p2a: 我菜的抠脚|84/100
|
|t:|1743939593
|switch|p1a: Gr8Bastard|Great Tusk|86/100|[from] U-turn
|-damage|p1a: Gr8Bastard|83/100|[from] Stealth Rock
|
|upkeep
|turn|29
|
|t:|1743939601
|-end|p1a: Gr8Bastard|Protosynthesis|[silent]
|switch|p1a: Samurott|Samurott-Hisui, M|100/100
|-damage|p1a: Samurott|88/100|[from] Stealth Rock
|move|p2a: 我菜的抠脚|Toxic|p1a: Samurott
|-status|p1a: Samurott|tox
|
|-damage|p1a: Samurott|82/100 tox|[from] psn
|upkeep
|turn|30
|
|t:|1743939606
|switch|p2a: 鸟|Corviknight, M|100/100
|-ability|p2a: 鸟|Pressure
|move|p1a: Samurott|Ceaseless Edge|p2a: 鸟
|-damage|p2a: 鸟|75/100
|-sidestart|p2: tdd20070515兹伏奇大吾|Spikes
|
|-damage|p1a: Samurott|70/100 tox|[from] psn
|upkeep
|turn|31
|
|t:|1743939611
|move|p1a: Samurott|Ceaseless Edge|p2a: 鸟
|-damage|p2a: 鸟|49/100
|-sidestart|p2: tdd20070515兹伏奇大吾|Spikes
|move|p2a: 鸟|Defog|p1a: Samurott
|-unboost|p1a: Samurott|evasion|1
|-sideend|p1: chillin a lot|Stealth Rock|[from] move: Defog|[of] p2a: 鸟
|-sideend|p2: tdd20070515兹伏奇大吾|Spikes|[from] move: Defog|[of] p2a: 鸟
|
|-damage|p1a: Samurott|51/100 tox|[from] psn
|upkeep
|turn|32
|
|t:|1743939614
|move|p1a: Samurott|Knock Off|p2a: 鸟
|-damage|p2a: 鸟|25/100
|-enditem|p2a: 鸟|Covert Cloak|[from] move: Knock Off|[of] p1a: Samurott
|move|p2a: 鸟|Roost|p2a: 鸟
|-heal|p2a: 鸟|75/100
|-singleturn|p2a: 鸟|move: Roost
|
|-damage|p1a: Samurott|27/100 tox|[from] psn
|upkeep
|turn|33
|-message|chillin a lot forfeited.
|
|win|tdd20070515兹伏奇大吾
|raw|chillin a lot's rating: 1645 &rarr; <strong>1624</strong><br />(-21 for losing)
|raw|tdd20070515兹伏奇大吾's rating: 1636 &rarr; <strong>1657</strong><br />(+21 for winning)
|l|☆chillin a lot
|player|p1|
|l|☆tdd20070515兹伏奇大吾
|player|p2|
