|j|☆Viz_lz
|j|☆Inthefun08
|inactive|Battle timer is ON: inactive players will automatically lose when time's up.
|t:|1743938820
|gametype|singles
|player|p1|Viz_lz|grimsley|
|player|p2|Inthefun08|265|
|teamsize|p1|6
|teamsize|p2|6
|gen|9
|tier|[Gen 9] OU
|rated|Tournament battle
|rule|HP Percentage Mod: HP is shown in percentages
|rule|Endless Battle Clause: Forcing endless battles is banned
|rule|Species Clause: Limit one of each Pokémon
|rule|OHKO Clause: OHKO moves are banned
|rule|Evasion Items Clause: Evasion items are banned
|rule|Evasion Moves Clause: Evasion moves are banned
|rule|Sleep Moves Clause: Sleep-inducing moves are banned
|clearpoke
|poke|p1|Kingdra, M|
|poke|p1|Porygon-Z|
|poke|p1|Bruxish, M|
|poke|p1|Sableye, M|
|poke|p1|Scovillain, F|
|poke|p1|Politoed, M|
|poke|p2|Kingdra, F|
|poke|p2|Porygon-Z|
|poke|p2|Bruxish, F|
|poke|p2|Sableye, M|
|poke|p2|Scovillain, F|
|poke|p2|Politoed, F|
|teampreview
|j|*Lady Monita ❄
|inactive|Viz_lz has 120 seconds left.
|inactive|Viz_lz has 90 seconds left.
|
|t:|1743938890
|start
|switch|p1a: Scovillain|Scovillain, F|100/100
|switch|p2a: Porygon-Z|Porygon-Z|100/100
|turn|1
|
|t:|1743938894
|move|p1a: Scovillain|Leech Seed|p2a: Porygon-Z
|-start|p2a: Porygon-Z|move: Leech Seed
|move|p2a: Porygon-Z|Tri Attack|p1a: Scovillain
|-damage|p1a: Scovillain|11/100
|
|-heal|p1a: Scovillain|17/100|[from] item: Leftovers
|-damage|p2a: Porygon-Z|88/100|[from] Leech Seed|[of] p1a: Scovillain
|-heal|p1a: Scovillain|31/100|[silent]
|upkeep
|turn|2
|
|t:|1743938900
|move|p1a: Scovillain|Substitute|p1a: Scovillain
|-start|p1a: Scovillain|Substitute
|-damage|p1a: Scovillain|6/100
|move|p2a: Porygon-Z|Tri Attack|p1a: Scovillain
|-end|p1a: Scovillain|Substitute
|
|-heal|p1a: Scovillain|12/100|[from] item: Leftovers
|-damage|p2a: Porygon-Z|76/100|[from] Leech Seed|[of] p1a: Scovillain
|-heal|p1a: Scovillain|26/100|[silent]
|upkeep
|turn|3
|
|t:|1743938913
|switch|p1a: Sableye|Sableye, M|100/100
|move|p2a: Porygon-Z|Tri Attack|p1a: Sableye
|-immune|p1a: Sableye
|
|-damage|p2a: Porygon-Z|64/100|[from] Leech Seed|[of] p1a: Sableye
|upkeep
|turn|4
|
|t:|1743938916
|move|p1a: Sableye|Encore|p2a: Porygon-Z
|-start|p2a: Porygon-Z|Encore
|move|p2a: Porygon-Z|Tri Attack|p1a: Sableye
|-immune|p1a: Sableye
|
|-damage|p2a: Porygon-Z|51/100|[from] Leech Seed|[of] p1a: Sableye
|upkeep
|turn|5
|
|t:|1743938927
|switch|p2a: Politoed|Politoed, F|100/100
|move|p1a: Sableye|Knock Off|p2a: Politoed
|-damage|p2a: Politoed|72/100
|-enditem|p2a: Politoed|Expert Belt|[from] move: Knock Off|[of] p1a: Sableye
|
|upkeep
|turn|6
|inactive|Viz_lz has 120 seconds left.
|inactive|Viz_lz has 90 seconds left.
|
|t:|1743938994
|switch|p1a: Scovillain|Scovillain, F|26/100
|move|p2a: Politoed|Surf|p1a: Scovillain
|-damage|p1a: Scovillain|0 fnt
|faint|p1a: Scovillain
|
|upkeep
|inactive|Viz_lz has 60 seconds left.
|
|t:|1743939027
|switch|p1a: Porygon-Z|Porygon-Z|100/100
|turn|7
|inactive|Viz_lz has 60 seconds left.
|
|t:|1743939040
|move|p1a: Porygon-Z|Thunderbolt|p2a: Politoed
|-supereffective|p2a: Politoed
|-damage|p2a: Politoed|18/100
|move|p2a: Politoed|Focus Blast|p1a: Porygon-Z|[miss]
|-miss|p2a: Politoed|p1a: Porygon-Z
|
|upkeep
|turn|8
|
|t:|1743939044
|move|p1a: Porygon-Z|Thunderbolt|p2a: Politoed
|-supereffective|p2a: Politoed
|-damage|p2a: Politoed|0 fnt
|faint|p2a: Politoed
|
|upkeep
|
|t:|1743939047
|switch|p2a: Porygon-Z|Porygon-Z|51/100
|turn|9
|
|t:|1743939050
|switch|p1a: Sableye|Sableye, M|100/100
|move|p2a: Porygon-Z|Recover|p2a: Porygon-Z
|-heal|p2a: Porygon-Z|100/100
|
|upkeep
|turn|10
|
|t:|1743939059
|switch|p2a: Sableye|Sableye, M|100/100
|move|p1a: Sableye|Encore|p2a: Sableye
|-hint|Since gen 7, Dark is immune to Prankster moves.
|-immune|p2a: Sableye
|
|upkeep
|turn|11
|
|t:|1743939064
|move|p1a: Sableye|Knock Off|p2a: Sableye
|-damage|p2a: Sableye|60/100
|-enditem|p2a: Sableye|Lagging Tail|[from] move: Knock Off|[of] p1a: Sableye
|move|p2a: Sableye|Knock Off|p1a: Sableye
|-damage|p1a: Sableye|66/100
|-enditem|p1a: Sableye|Leftovers|[from] move: Knock Off|[of] p2a: Sableye
|
|upkeep
|turn|12
|
|t:|1743939075
|switch|p2a: Porygon-Z|Porygon-Z|100/100
|move|p1a: Sableye|Recover|p1a: Sableye
|-heal|p1a: Sableye|100/100
|
|upkeep
|turn|13
|
|t:|1743939080
|move|p1a: Sableye|Knock Off|p2a: Porygon-Z
|-damage|p2a: Porygon-Z|69/100
|-enditem|p2a: Porygon-Z|Iron Ball|[from] move: Knock Off|[of] p1a: Sableye
|move|p2a: Porygon-Z|Discharge|p1a: Sableye
|-damage|p1a: Sableye|39/100
|
|upkeep
|turn|14
|inactive|Viz_lz has 120 seconds left.
|
|t:|1743939087
|switch|p1a: Porygon-Z|Porygon-Z|100/100
|move|p2a: Porygon-Z|Discharge|p1a: Porygon-Z
|-damage|p1a: Porygon-Z|44/100
|
|upkeep
|turn|15
|
|t:|1743939090
|-terastallize|p1a: Porygon-Z|Normal
|move|p1a: Porygon-Z|Tri Attack|p2a: Porygon-Z
|-damage|p2a: Porygon-Z|0 fnt
|faint|p2a: Porygon-Z
|
|upkeep
|
|t:|1743939093
|switch|p2a: Sableye|Sableye, M|60/100
|turn|16
|
|t:|1743939097
|switch|p1a: Sableye|Sableye, M|39/100
|move|p2a: Sableye|Skill Swap|p1a: Sableye
|-activate|p2a: Sableye|move: Skill Swap|Prankster|Stall|[of] p1a: Sableye
|
|upkeep
|turn|17
|
|t:|1743939107
|move|p2a: Sableye|Knock Off|p1a: Sableye
|-damage|p1a: Sableye|12/100
|move|p1a: Sableye|Recover|p1a: Sableye
|-heal|p1a: Sableye|62/100
|
|upkeep
|turn|18
|
|t:|1743939114
|switch|p2a: Scovillain|Scovillain, F|100/100
|move|p1a: Sableye|Recover|p1a: Sableye
|-heal|p1a: Sableye|100/100
|
|upkeep
|turn|19
|
|t:|1743939120
|switch|p1a: Bruxish|Bruxish, M|100/100
|move|p2a: Scovillain|Sunny Day|p2a: Scovillain
|-weather|SunnyDay
|
|-weather|SunnyDay|[upkeep]
|upkeep
|turn|20
|
|t:|1743939128
|switch|p1a: Politoed|Politoed, M|100/100
|-weather|RainDance|[from] ability: Drizzle|[of] p1a: Politoed
|move|p2a: Scovillain|Solar Beam||[still]
|-prepare|p2a: Scovillain|Solar Beam
|
|-weather|RainDance|[upkeep]
|upkeep
|turn|21
|
|t:|1743939134
|move|p2a: Scovillain|Solar Beam|p1a: Politoed|[from] lockedmove
|-supereffective|p1a: Politoed
|-damage|p1a: Politoed|58/100
|move|p1a: Politoed|Weather Ball|p2a: Scovillain
|-damage|p2a: Scovillain|17/100
|
|-weather|RainDance|[upkeep]
|upkeep
|turn|22
|
|t:|1743939149
|move|p2a: Scovillain|Sunny Day|p2a: Scovillain
|-weather|SunnyDay
|move|p1a: Politoed|Weather Ball|p2a: Scovillain
|-damage|p2a: Scovillain|0 fnt
|faint|p2a: Scovillain
|
|-weather|SunnyDay|[upkeep]
|upkeep
|
|t:|1743939151
|switch|p2a: Sableye|Sableye, M|60/100
|turn|23
|
|t:|1743939160
|move|p1a: Politoed|Encore||[still]
|-fail|p1a: Politoed
|move|p2a: Sableye|Knock Off|p1a: Politoed
|-damage|p1a: Politoed|12/100
|-enditem|p1a: Politoed|Damp Rock|[from] move: Knock Off|[of] p2a: Sableye
|
|-weather|SunnyDay|[upkeep]
|upkeep
|turn|24
|
|t:|1743939167
|switch|p1a: Sableye|Sableye, M|100/100
|move|p2a: Sableye|Knock Off|p1a: Sableye
|-damage|p1a: Sableye|75/100
|
|-weather|SunnyDay|[upkeep]
|upkeep
|turn|25
|
|t:|1743939176
|switch|p1a: Politoed|Politoed, M|12/100
|-weather|RainDance|[from] ability: Drizzle|[of] p1a: Politoed
|move|p2a: Sableye|Knock Off|p1a: Politoed
|-damage|p1a: Politoed|0 fnt
|faint|p1a: Politoed
|
|-weather|RainDance|[upkeep]
|upkeep
|
|t:|1743939194
|switch|p1a: Kingdra|Kingdra, M|100/100
|turn|26
|
|t:|1743939196
|move|p1a: Kingdra|Draco Meteor|p2a: Sableye
|-damage|p2a: Sableye|0 fnt
|-unboost|p1a: Kingdra|spa|2
|faint|p2a: Sableye
|-damage|p1a: Kingdra|91/100|[from] item: Life Orb
|
|-weather|RainDance|[upkeep]
|upkeep
|
|t:|1743939199
|switch|p2a: Bruxish|Bruxish, F|100/100
|turn|27
|
|t:|1743939202
|switch|p1a: Sableye|Sableye, M|75/100
|move|p2a: Bruxish|Swords Dance|p2a: Bruxish
|-boost|p2a: Bruxish|atk|2
|
|-weather|RainDance|[upkeep]
|upkeep
|turn|28
|
|t:|1743939205
|switch|p2a: Kingdra|Kingdra, F|100/100
|move|p1a: Sableye|Will-O-Wisp|p2a: Kingdra
|-status|p2a: Kingdra|brn
|
|-weather|RainDance|[upkeep]
|-damage|p2a: Kingdra|94/100 brn|[from] brn
|upkeep
|turn|29
|
|t:|1743939211
|move|p2a: Kingdra|Scald|p1a: Sableye
|-crit|p1a: Sableye
|-damage|p1a: Sableye|0 fnt
|faint|p1a: Sableye
|
|-weather|none
|-damage|p2a: Kingdra|88/100 brn|[from] brn
|upkeep
|
|t:|1743939217
|switch|p1a: Porygon-Z|Porygon-Z, tera:Normal|44/100
|turn|30
|
|t:|1743939220
|move|p1a: Porygon-Z|Tri Attack|p2a: Kingdra
|-crit|p2a: Kingdra
|-damage|p2a: Kingdra|0 fnt
|faint|p2a: Kingdra
|
|upkeep
|
|t:|1743939222
|switch|p2a: Bruxish|Bruxish, F|100/100
|turn|31
|
|t:|1743939228
|move|p1a: Porygon-Z|Tri Attack|p2a: Bruxish
|-damage|p2a: Bruxish|0 fnt
|faint|p2a: Bruxish
|
|win|Viz_lz
|n|☆Viz_lz|vizlz
|n|☆Inthefun08|inthefun08
|n|*Lady Monita ❄|ladymonita
|l|*Lady Monita ❄
|c|☆Inthefun08|Cheater
|c|☆Inthefun08|how
|c|☆Inthefun08|so many damage
|c|☆Inthefun08|if not cheats
|c|☆Inthefun08|You are slow not strong
|c|☆Inthefun08|you analytic machine
|c|☆Inthefun08|program*
