|j|☆The Pokemon Place
|j|☆Rabzzz
|t:|1743828622
|gametype|singles
|player|p1|The Pokemon Place|265|1724
|player|p2|Rabzzz|102|1788
|teamsize|p1|6
|teamsize|p2|6
|gen|9
|tier|[Gen 9] OU
|rated|
|rule|HP Percentage Mod: HP is shown in percentages
|rule|Endless Battle Clause: Forcing endless battles is banned
|rule|Species Clause: Limit one of each Pokémon
|rule|OHKO Clause: OHKO moves are banned
|rule|Evasion Items Clause: Evasion items are banned
|rule|Evasion Moves Clause: Evasion moves are banned
|rule|Sleep Moves Clause: Sleep-inducing moves are banned
|clearpoke
|poke|p1|Enamorus, F|
|poke|p1|Great Tusk|
|poke|p1|Iron Crown|
|poke|p1|Lokix, M|
|poke|p1|Alomomola, M|
|poke|p1|Zamazenta-*|
|poke|p2|Tinkaton, F|
|poke|p2|Moltres|
|poke|p2|Ting-Lu|
|poke|p2|Gholdengo|
|poke|p2|Weavile, M|
|poke|p2|Raging Bolt|
|teampreview
|inactive|Battle timer is ON: inactive players will automatically lose when time's up. (requested by The Pokemon Place)
|
|t:|1743828651
|start
|switch|p1a: Iron Crown|Iron Crown|100/100
|switch|p2a: Moltres|Moltres|100/100
|turn|1
|j| QD KING
|
|t:|1743828661
|switch|p2a: Ting-Lu|Ting-Lu|100/100
|-ability|p2a: Ting-Lu|Vessel of Ruin
|move|p1a: Iron Crown|Volt Switch|p2a: Ting-Lu
|-immune|p2a: Ting-Lu
|
|upkeep
|turn|2
|
|t:|1743828668
|-end|p1a: Iron Crown|Quark Drive|[silent]
|switch|p1a: Great Tusk|Great Tusk, shiny|100/100
|move|p2a: Ting-Lu|Spikes|p1a: Great Tusk
|-sidestart|p1: The Pokemon Place|Spikes
|
|upkeep
|turn|3
|
|t:|1743828674
|switch|p2a: Moltres|Moltres|100/100
|move|p1a: Great Tusk|Stealth Rock|p2a: Moltres
|-sidestart|p2: Rabzzz|move: Stealth Rock
|
|upkeep
|turn|4
|
|t:|1743828678
|-end|p1a: Great Tusk|Protosynthesis|[silent]
|switch|p1a: Alomomola|Alomomola, M, shiny|100/100
|-damage|p1a: Alomomola|88/100|[from] Spikes
|move|p2a: Moltres|Will-O-Wisp|p1a: Alomomola
|-status|p1a: Alomomola|brn
|
|-damage|p1a: Alomomola|82/100 brn|[from] brn
|upkeep
|turn|5
|
|t:|1743828692
|move|p2a: Moltres|Flamethrower|p1a: Alomomola
|-resisted|p1a: Alomomola
|-damage|p1a: Alomomola|72/100 brn
|move|p1a: Alomomola|Flip Turn|p2a: Moltres
|-supereffective|p2a: Moltres
|-damage|p2a: Moltres|90/100
|
|t:|1743828696
|switch|p1a: Iron Crown|Iron Crown|100/100|[from] Flip Turn
|-damage|p1a: Iron Crown|88/100|[from] Spikes
|
|upkeep
|turn|6
|
|t:|1743828705
|switch|p2a: Gholdengo|Gholdengo|100/100
|-damage|p2a: Gholdengo|94/100|[from] Stealth Rock
|move|p1a: Iron Crown|Tachyon Cutter|p2a: Gholdengo
|-resisted|p2a: Gholdengo
|-damage|p2a: Gholdengo|75/100
|-resisted|p2a: Gholdengo
|-damage|p2a: Gholdengo|56/100
|-hitcount|p2a: Gholdengo|2
|
|-heal|p2a: Gholdengo|62/100|[from] item: Leftovers
|upkeep
|turn|7
|
|t:|1743828716
|-end|p1a: Iron Crown|Quark Drive|[silent]
|switch|p1a: Lokix|Lokix, M, shiny|100/100
|-damage|p1a: Lokix|88/100|[from] Spikes
|move|p2a: Gholdengo|Recover|p2a: Gholdengo
|-heal|p2a: Gholdengo|100/100
|
|upkeep
|turn|8
|
|t:|1743828735
|switch|p2a: Tinkaton|Tinkaton, F|100/100
|-damage|p2a: Tinkaton|94/100|[from] Stealth Rock
|-item|p2a: Tinkaton|Air Balloon
|move|p1a: Lokix|Knock Off|p2a: Tinkaton
|-resisted|p2a: Tinkaton
|-damage|p2a: Tinkaton|12/100
|-enditem|p2a: Tinkaton|Air Balloon
|-enditem|p1a: Lokix|Choice Band|[silent]|[from] ability: Pickpocket|[of] p1a: Lokix
|-item|p2a: Tinkaton|Choice Band|[from] ability: Pickpocket|[of] p1a: Lokix
|
|upkeep
|turn|9
|
|t:|1743828748
|switch|p1a: Alomomola|Alomomola, M, shiny|100/100 brn
|-damage|p1a: Alomomola|88/100 brn|[from] Spikes
|move|p2a: Tinkaton|Stealth Rock|p1a: Alomomola
|-sidestart|p1: The Pokemon Place|move: Stealth Rock
|
|-damage|p1a: Alomomola|82/100 brn|[from] brn
|upkeep
|turn|10
|inactive|Rabzzz has 120 seconds left.
|
|t:|1743828776
|switch|p2a: Weavile|Weavile, M|100/100
|-ability|p2a: Weavile|Pressure
|move|p1a: Alomomola|Flip Turn|p2a: Weavile
|-damage|p2a: Weavile|86/100
|
|t:|1743828782
|switch|p1a: Great Tusk|Great Tusk, shiny|100/100|[from] Flip Turn
|-damage|p1a: Great Tusk|88/100|[from] Spikes
|-damage|p1a: Great Tusk|85/100|[from] Stealth Rock
|
|upkeep
|turn|11
|inactive|Rabzzz has 120 seconds left.
|
|t:|1743828804
|switch|p2a: Moltres|Moltres|90/100
|move|p1a: Great Tusk|Rapid Spin|p2a: Moltres
|-damage|p2a: Moltres|78/100
|-boost|p1a: Great Tusk|spe|1
|-sideend|p1: The Pokemon Place|Spikes|[from] move: Rapid Spin|[of] p1a: Great Tusk
|-sideend|p1: The Pokemon Place|Stealth Rock|[from] move: Rapid Spin|[of] p1a: Great Tusk
|
|upkeep
|turn|12
|inactive|Rabzzz has 120 seconds left.
|
|t:|1743828812
|-end|p1a: Great Tusk|Protosynthesis|[silent]
|switch|p1a: Alomomola|Alomomola, M, shiny|100/100 brn
|move|p2a: Moltres|U-turn|p1a: Alomomola
|-damage|p1a: Alomomola|91/100 brn
|inactive|Rabzzz has 120 seconds left.
|
|t:|1743828825
|switch|p2a: Weavile|Weavile, M|86/100|[from] U-turn
|-ability|p2a: Weavile|Pressure
|
|-damage|p1a: Alomomola|85/100 brn|[from] brn
|upkeep
|turn|13
|j| atlas tales
|
|t:|1743828828
|move|p2a: Weavile|Knock Off|p1a: Alomomola
|-damage|p1a: Alomomola|54/100 brn
|-enditem|p1a: Alomomola|Assault Vest|[from] move: Knock Off|[of] p2a: Weavile
|move|p1a: Alomomola|Flip Turn|p2a: Weavile
|-damage|p2a: Weavile|72/100
|
|t:|1743828832
|switch|p1a: Lokix|Lokix, M, shiny|88/100|[from] Flip Turn
|
|upkeep
|turn|14
|
|t:|1743828849
|switch|p2a: Tinkaton|Tinkaton, F|12/100
|-damage|p2a: Tinkaton|6/100|[from] Stealth Rock
|move|p1a: Lokix|Knock Off|p2a: Tinkaton
|-resisted|p2a: Tinkaton
|-damage|p2a: Tinkaton|0 fnt
|-enditem|p2a: Tinkaton|Choice Band|[from] move: Knock Off|[of] p1a: Lokix
|faint|p2a: Tinkaton
|
|upkeep
|inactive|Rabzzz has 120 seconds left.
|
|t:|1743828869
|switch|p2a: Weavile|Weavile, M|72/100
|-ability|p2a: Weavile|Pressure
|turn|15
|
|t:|1743828872
|switch|p1a: Alomomola|Alomomola, M, shiny|88/100 brn
|move|p2a: Weavile|Triple Axel|p1a: Alomomola
|-resisted|p1a: Alomomola
|-damage|p1a: Alomomola|85/100 brn
|-resisted|p1a: Alomomola
|-damage|p1a: Alomomola|78/100 brn
|-resisted|p1a: Alomomola
|-damage|p1a: Alomomola|68/100 brn
|-hitcount|p1a: Alomomola|3
|
|-damage|p1a: Alomomola|62/100 brn|[from] brn
|upkeep
|turn|16
|inactive|Rabzzz has 120 seconds left.
|
|t:|1743828913
|switch|p2a: Raging Bolt|Raging Bolt|100/100
|move|p1a: Alomomola|Flip Turn|p2a: Raging Bolt
|-resisted|p2a: Raging Bolt
|-damage|p2a: Raging Bolt|97/100
|
|t:|1743828916
|switch|p1a: Iron Crown|Iron Crown|88/100|[from] Flip Turn
|
|upkeep
|turn|17
|
|t:|1743828921
|-end|p2a: Raging Bolt|Protosynthesis|[silent]
|switch|p2a: Ting-Lu|Ting-Lu|100/100
|-damage|p2a: Ting-Lu|94/100|[from] Stealth Rock
|-ability|p2a: Ting-Lu|Vessel of Ruin
|move|p1a: Iron Crown|Psychic Noise|p2a: Ting-Lu
|-immune|p2a: Ting-Lu
|
|-heal|p2a: Ting-Lu|100/100|[from] item: Leftovers
|upkeep
|turn|18
|
|t:|1743828947
|-end|p1a: Iron Crown|Quark Drive|[silent]
|switch|p1a: Lokix|Lokix, M, shiny|88/100
|move|p2a: Ting-Lu|Spikes|p1a: Lokix
|-sidestart|p1: The Pokemon Place|Spikes
|
|upkeep
|turn|19
|
|t:|1743828959
|move|p1a: Lokix|Knock Off|p2a: Ting-Lu
|-resisted|p2a: Ting-Lu
|-damage|p2a: Ting-Lu|73/100
|-enditem|p2a: Ting-Lu|Leftovers|[from] move: Knock Off|[of] p1a: Lokix
|move|p2a: Ting-Lu|Whirlwind|p1a: Lokix
|drag|p1a: Alomomola|Alomomola, M, shiny|95/100 brn
|-damage|p1a: Alomomola|83/100 brn|[from] Spikes
|
|-damage|p1a: Alomomola|77/100 brn|[from] brn
|upkeep
|turn|20
|
|t:|1743828970
|move|p2a: Ting-Lu|Ruination|p1a: Alomomola
|-damage|p1a: Alomomola|39/100 brn
|move|p1a: Alomomola|Flip Turn|p2a: Ting-Lu
|-supereffective|p2a: Ting-Lu
|-damage|p2a: Ting-Lu|64/100
|
|t:|1743828972
|switch|p1a: Lokix|Lokix, M, shiny|88/100|[from] Flip Turn
|-damage|p1a: Lokix|76/100|[from] Spikes
|
|upkeep
|turn|21
|
|t:|1743828994
|switch|p2a: Moltres|Moltres|78/100
|move|p1a: Lokix|Leech Life|p2a: Moltres
|-resisted|p2a: Moltres
|-damage|p2a: Moltres|64/100
|-heal|p1a: Lokix|85/100|[from] drain|[of] p2a: Moltres
|
|upkeep
|turn|22
|
|t:|1743829001
|move|p1a: Lokix|Knock Off|p2a: Moltres
|-damage|p2a: Moltres|29/100
|-status|p1a: Lokix|brn|[from] ability: Flame Body|[of] p2a: Moltres
|-enditem|p2a: Moltres|Heavy-Duty Boots|[from] move: Knock Off|[of] p1a: Lokix
|move|p2a: Moltres|Flamethrower|p1a: Lokix
|-supereffective|p1a: Lokix
|-damage|p1a: Lokix|0 fnt
|faint|p1a: Lokix
|
|upkeep
|
|t:|1743829005
|switch|p1a: Iron Crown|Iron Crown|88/100
|-damage|p1a: Iron Crown|76/100|[from] Spikes
|turn|23
|
|t:|1743829013
|switch|p2a: Ting-Lu|Ting-Lu|64/100
|-damage|p2a: Ting-Lu|57/100|[from] Stealth Rock
|-ability|p2a: Ting-Lu|Vessel of Ruin
|move|p1a: Iron Crown|Volt Switch|p2a: Ting-Lu
|-immune|p2a: Ting-Lu
|
|upkeep
|turn|24
|
|t:|1743829026
|-end|p1a: Iron Crown|Quark Drive|[silent]
|switch|p1a: Enamorus|Enamorus, F, shiny|100/100
|move|p2a: Ting-Lu|Spikes|p1a: Enamorus
|-sidestart|p1: The Pokemon Place|Spikes
|
|upkeep
|turn|25
|j| m0chaman_829
|inactive|Rabzzz has 90 seconds left.
|
|t:|1743829079
|switch|p2a: Moltres|Moltres|29/100
|-damage|p2a: Moltres|0 fnt|[from] Stealth Rock
|faint|p2a: Moltres
|move|p1a: Enamorus|Moonblast|p2: Moltres|[notarget]
|-fail|p1a: Enamorus
|
|upkeep
|inactive|Rabzzz has 60 seconds left.
|
|t:|1743829098
|switch|p2a: Gholdengo|Gholdengo|100/100
|-damage|p2a: Gholdengo|94/100|[from] Stealth Rock
|turn|26
|inactive|Rabzzz has 60 seconds left.
|
|t:|1743829114
|switch|p1a: Alomomola|Alomomola, M, shiny|72/100 brn
|-damage|p1a: Alomomola|55/100 brn|[from] Spikes
|move|p2a: Gholdengo|Hex|p1a: Alomomola
|-damage|p1a: Alomomola|8/100 brn
|
|-heal|p2a: Gholdengo|100/100|[from] item: Leftovers
|-damage|p1a: Alomomola|2/100 brn|[from] brn
|upkeep
|turn|27
|j| dilf huntr
|inactive|Rabzzz has 60 seconds left.
|
|t:|1743829123
|move|p2a: Gholdengo|Hex|p1a: Alomomola
|-damage|p1a: Alomomola|0 fnt
|faint|p1a: Alomomola
|
|upkeep
|
|t:|1743829125
|switch|p1a: Great Tusk|Great Tusk, shiny|85/100
|-damage|p1a: Great Tusk|69/100|[from] Spikes
|turn|28
|inactive|Rabzzz has 60 seconds left.
|
|t:|1743829156
|switch|p2a: Ting-Lu|Ting-Lu|57/100
|-damage|p2a: Ting-Lu|51/100|[from] Stealth Rock
|-ability|p2a: Ting-Lu|Vessel of Ruin
|move|p1a: Great Tusk|Headlong Rush|p2a: Ting-Lu
|-damage|p2a: Ting-Lu|15/100
|-unboost|p1a: Great Tusk|def|1
|-unboost|p1a: Great Tusk|spd|1
|
|upkeep
|turn|29
|inactive|Rabzzz has 30 seconds left.
|
|t:|1743829183
|move|p1a: Great Tusk|Rapid Spin|p2a: Ting-Lu
|-damage|p2a: Ting-Lu|6/100
|-boost|p1a: Great Tusk|spe|1
|-sideend|p1: The Pokemon Place|Spikes|[from] move: Rapid Spin|[of] p1a: Great Tusk
|move|p2a: Ting-Lu|Earthquake|p1a: Great Tusk
|-damage|p1a: Great Tusk|30/100
|
|upkeep
|turn|30
|inactive|Rabzzz has 30 seconds left.
|inactive|Rabzzz has 20 seconds left.
|
|t:|1743829205
|move|p1a: Great Tusk|Ice Spinner|p2a: Ting-Lu
|-supereffective|p2a: Ting-Lu
|-crit|p2a: Ting-Lu
|-damage|p2a: Ting-Lu|0 fnt
|faint|p2a: Ting-Lu
|
|upkeep
|inactive|Rabzzz has 25 seconds left this turn.
|j| ASilentKingambitX
|inactive|Rabzzz has 20 seconds left.
|inactive|Rabzzz has 15 seconds left.
|
|t:|1743829218
|switch|p2a: Raging Bolt|Raging Bolt|97/100
|turn|31
|inactive|Rabzzz has 25 seconds left this turn.
|
|t:|1743829225
|-end|p1a: Great Tusk|Protosynthesis|[silent]
|switch|p1a: Iron Crown|Iron Crown|76/100
|-terastallize|p2a: Raging Bolt|Fairy
|move|p2a: Raging Bolt|Dragon Pulse|p1a: Iron Crown
|-resisted|p1a: Iron Crown
|-damage|p1a: Iron Crown|49/100
|
|upkeep
|turn|32
|inactive|Rabzzz has 30 seconds left.
|
|t:|1743829234
|-end|p2a: Raging Bolt|Protosynthesis|[silent]
|switch|p2a: Gholdengo|Gholdengo|100/100
|-damage|p2a: Gholdengo|94/100|[from] Stealth Rock
|move|p1a: Iron Crown|Volt Switch|p2a: Gholdengo
|-damage|p2a: Gholdengo|63/100
|
|t:|1743829236
|-end|p1a: Iron Crown|Quark Drive|[silent]
|switch|p1a: Great Tusk|Great Tusk, shiny|30/100|[from] Volt Switch
|
|-heal|p2a: Gholdengo|69/100|[from] item: Leftovers
|upkeep
|turn|33
|inactive|Rabzzz has 30 seconds left.
|
|t:|1743829252
|switch|p2a: Weavile|Weavile, M|72/100
|-ability|p2a: Weavile|Pressure
|move|p1a: Great Tusk|Headlong Rush|p2a: Weavile
|-damage|p2a: Weavile|0 fnt
|-unboost|p1a: Great Tusk|def|1
|-unboost|p1a: Great Tusk|spd|1
|faint|p2a: Weavile
|
|upkeep
|
|t:|1743829254
|switch|p2a: Raging Bolt|Raging Bolt, tera:Fairy|97/100
|turn|34
|
|t:|1743829263
|-end|p1a: Great Tusk|Protosynthesis|[silent]
|switch|p1a: Iron Crown|Iron Crown|49/100
|move|p2a: Raging Bolt|Volt Switch|p1a: Iron Crown
|-damage|p1a: Iron Crown|6/100
|
|t:|1743829266
|-end|p2a: Raging Bolt|Protosynthesis|[silent]
|switch|p2a: Gholdengo|Gholdengo|69/100|[from] Volt Switch
|-damage|p2a: Gholdengo|63/100|[from] Stealth Rock
|
|-heal|p2a: Gholdengo|69/100|[from] item: Leftovers
|upkeep
|turn|35
|inactive|Rabzzz has 30 seconds left.
|
|t:|1743829292
|move|p1a: Iron Crown|Psychic Noise|p2a: Gholdengo
|-resisted|p2a: Gholdengo
|-damage|p2a: Gholdengo|44/100
|-start|p2a: Gholdengo|move: Heal Block
|move|p2a: Gholdengo|Thunder Wave|p1a: Iron Crown
|-status|p1a: Iron Crown|par
|
|upkeep
|turn|36
|inactive|Rabzzz has 30 seconds left.
|inactive|Rabzzz has 20 seconds left.
|inactive|Rabzzz has 15 seconds left.
|inactive|Rabzzz has 10 seconds left.
|
|t:|1743829324
|move|p2a: Gholdengo|Hex|p1a: Iron Crown
|-supereffective|p1a: Iron Crown
|-damage|p1a: Iron Crown|0 fnt
|faint|p1a: Iron Crown
|-end|p1a: Iron Crown|Quark Drive|[silent]
|
|-end|p2a: Gholdengo|move: Heal Block
|upkeep
|inactive|Rabzzz has 15 seconds left this turn.
|
|t:|1743829327
|switch|p1a: Great Tusk|Great Tusk, shiny|30/100
|turn|37
|inactive|Rabzzz has 25 seconds left this turn.
|inactive|Rabzzz has 20 seconds left.
|inactive|Rabzzz has 15 seconds left.
|
|t:|1743829339
|move|p1a: Great Tusk|Headlong Rush|p2a: Gholdengo
|-supereffective|p2a: Gholdengo
|-damage|p2a: Gholdengo|0 fnt
|-unboost|p1a: Great Tusk|def|1
|-unboost|p1a: Great Tusk|spd|1
|faint|p2a: Gholdengo
|
|upkeep
|inactive|Rabzzz has 20 seconds left this turn.
|
|t:|1743829342
|switch|p2a: Raging Bolt|Raging Bolt, tera:Fairy|97/100
|turn|38
|inactive|Rabzzz has 30 seconds left this turn.
|
|t:|1743829345
|move|p1a: Great Tusk|Headlong Rush|p2a: Raging Bolt
|-damage|p2a: Raging Bolt|36/100
|-unboost|p1a: Great Tusk|def|1
|-unboost|p1a: Great Tusk|spd|1
|move|p2a: Raging Bolt|Dragon Pulse|p1a: Great Tusk
|-damage|p1a: Great Tusk|0 fnt
|faint|p1a: Great Tusk
|-end|p1a: Great Tusk|Protosynthesis|[silent]
|
|upkeep
|
|t:|1743829347
|switch|p1a: Enamorus|Enamorus, F, shiny|100/100
|turn|39
|
|t:|1743829355
|-terastallize|p1a: Enamorus|Fairy
|move|p2a: Raging Bolt|Thunderclap|p1a: Enamorus
|-damage|p1a: Enamorus|38/100
|move|p1a: Enamorus|Moonblast|p2a: Raging Bolt
|-damage|p2a: Raging Bolt|0 fnt
|faint|p2a: Raging Bolt
|-end|p2a: Raging Bolt|Protosynthesis|[silent]
|
|win|The Pokemon Place
|raw|The Pokemon Place's rating: 1724 &rarr; <strong>1748</strong><br />(+24 for winning)
|raw|Rabzzz's rating: 1788 &rarr; <strong>1764</strong><br />(-24 for losing)
|c|☆Rabzzz|gg
|c|☆The Pokemon Place|gg
|c|☆The Pokemon Place|Quite a crowd
|l| m0chaman_829
|l| QD KING
|l| dilf huntr
|l| atlas tales
