|j|☆SLimeyGunt
|j|☆Ajblade11
|t:|1743901434
|gametype|singles
|player|p1|SLimeyGunt|265|1554
|player|p2|Ajblade11|265|1542
|teamsize|p1|6
|teamsize|p2|6
|gen|9
|tier|[Gen 9] OU
|rated|
|rule|HP Percentage Mod: HP is shown in percentages
|rule|Endless Battle Clause: Forcing endless battles is banned
|rule|Species Clause: Limit one of each Pokémon
|rule|OHKO Clause: OHKO moves are banned
|rule|Evasion Items Clause: Evasion items are banned
|rule|Evasion Moves Clause: Evasion moves are banned
|rule|Sleep Moves Clause: Sleep-inducing moves are banned
|clearpoke
|poke|p1|Iron Treads|
|poke|p1|Araquanid, M|
|poke|p1|Porygon-Z|
|poke|p1|Moltres|
|poke|p1|Slowking-Galar, F|
|poke|p1|Kyurem|
|poke|p2|Kingambit, M|
|poke|p2|Iron Valiant|
|poke|p2|Gholdengo|
|poke|p2|Araquanid, M|
|poke|p2|Great Tusk|
|poke|p2|Porygon-Z|
|teampreview
|inactive|Battle timer is ON: inactive players will automatically lose when time's up. (requested by Ajblade11)
|
|t:|1743901481
|start
|switch|p1a: Iron Treads|Iron Treads|100/100
|switch|p2a: Araquanid|Araquanid, M|100/100
|turn|1
|
|t:|1743901488
|move|p1a: Iron Treads|Iron Defense|p1a: Iron Treads
|-boost|p1a: Iron Treads|def|2
|move|p2a: Araquanid|Sticky Web|p1a: Iron Treads
|-sidestart|p1: SLimeyGunt|move: Sticky Web
|
|upkeep
|turn|2
|
|t:|1743901492
|switch|p2a: Gholdengo|Gholdengo|100/100
|-item|p2a: Gholdengo|Air Balloon
|move|p1a: Iron Treads|Rapid Spin|p2a: Gholdengo
|-immune|p2a: Gholdengo
|
|upkeep
|turn|3
|
|t:|1743901497
|move|p1a: Iron Treads|Knock Off|p2a: Gholdengo
|-supereffective|p2a: Gholdengo
|-damage|p2a: Gholdengo|35/100
|-enditem|p2a: Gholdengo|Air Balloon
|move|p2a: Gholdengo|Shadow Ball|p1a: Iron Treads
|-damage|p1a: Iron Treads|39/100
|
|-heal|p1a: Iron Treads|45/100|[from] item: Leftovers
|upkeep
|turn|4
|
|t:|1743901503
|move|p1a: Iron Treads|Knock Off|p2a: Gholdengo
|-supereffective|p2a: Gholdengo
|-damage|p2a: Gholdengo|0 fnt
|faint|p2a: Gholdengo
|
|-heal|p1a: Iron Treads|51/100|[from] item: Leftovers
|upkeep
|
|t:|1743901509
|switch|p2a: Iron Valiant|Iron Valiant|100/100
|-enditem|p2a: Iron Valiant|Booster Energy
|-activate|p2a: Iron Valiant|ability: Quark Drive|[fromitem]
|-start|p2a: Iron Valiant|quarkdrivespe
|turn|5
|
|t:|1743901518
|move|p2a: Iron Valiant|Encore|p1a: Iron Treads
|-start|p1a: Iron Treads|Encore
|move|p1a: Iron Treads|Knock Off|p2a: Iron Valiant
|-resisted|p2a: Iron Valiant
|-damage|p2a: Iron Valiant|94/100
|
|-heal|p1a: Iron Treads|57/100|[from] item: Leftovers
|upkeep
|turn|6
|
|t:|1743901523
|-end|p1a: Iron Treads|Quark Drive|[silent]
|switch|p1a: Moltres|Moltres|100/100
|move|p2a: Iron Valiant|Knock Off|p1a: Moltres
|-damage|p1a: Moltres|76/100
|-enditem|p1a: Moltres|Heavy-Duty Boots|[from] move: Knock Off|[of] p2a: Iron Valiant
|
|upkeep
|turn|7
|
|t:|1743901528
|-end|p2a: Iron Valiant|Quark Drive|[silent]
|switch|p2a: Araquanid|Araquanid, M|100/100
|move|p1a: Moltres|Will-O-Wisp|p2a: Araquanid
|-immune|p2a: Araquanid|[from] ability: Water Bubble
|
|upkeep
|turn|8
|
|t:|1743901533
|move|p1a: Moltres|U-turn|p2a: Araquanid
|-damage|p2a: Araquanid|85/100
|
|t:|1743901554
|switch|p1a: Slowking|Slowking-Galar, F|100/100|[from] U-turn
|-activate|p1a: Slowking|move: Sticky Web
|-unboost|p1a: Slowking|spe|1
|move|p2a: Araquanid|Liquidation|p1a: Slowking
|-damage|p1a: Slowking|42/100
|
|-heal|p1a: Slowking|48/100|[from] item: Black Sludge
|upkeep
|turn|9
|
|t:|1743901562
|move|p2a: Araquanid|Liquidation|p1a: Slowking
|-damage|p1a: Slowking|0 fnt
|faint|p1a: Slowking
|
|upkeep
|
|t:|1743901564
|switch|p1a: Porygon-Z|Porygon-Z|100/100
|-activate|p1a: Porygon-Z|move: Sticky Web
|-unboost|p1a: Porygon-Z|spe|1
|-ability|p1a: Porygon-Z|Download|boost
|-boost|p1a: Porygon-Z|atk|1
|turn|10
|
|t:|1743901568
|move|p1a: Porygon-Z|Tera Blast|p2a: Araquanid
|-damage|p2a: Araquanid|49/100
|move|p2a: Araquanid|Liquidation|p1a: Porygon-Z
|-damage|p1a: Porygon-Z|4/100
|
|upkeep
|turn|11
|
|t:|1743901573
|move|p1a: Porygon-Z|Thunderbolt|p2a: Araquanid
|-supereffective|p2a: Araquanid
|-damage|p2a: Araquanid|0 fnt
|faint|p2a: Araquanid
|
|upkeep
|
|t:|1743901576
|switch|p2a: Porygon-Z|Porygon-Z|100/100
|-ability|p2a: Porygon-Z|Download|boost
|-boost|p2a: Porygon-Z|atk|1
|turn|12
|
|t:|1743901580
|switch|p1a: Moltres|Moltres|76/100
|move|p2a: Porygon-Z|Ice Beam|p1a: Moltres
|-damage|p1a: Moltres|42/100
|
|upkeep
|turn|13
|
|t:|1743901583
|move|p2a: Porygon-Z|Thunderbolt|p1a: Moltres
|-supereffective|p1a: Moltres
|-damage|p1a: Moltres|0 fnt
|faint|p1a: Moltres
|
|upkeep
|
|t:|1743901585
|switch|p1a: Kyurem|Kyurem|100/100
|-activate|p1a: Kyurem|move: Sticky Web
|-unboost|p1a: Kyurem|spe|1
|-ability|p1a: Kyurem|Pressure
|turn|14
|
|t:|1743901589
|-terastallize|p2a: Porygon-Z|Fighting
|move|p1a: Kyurem|Draco Meteor|p2a: Porygon-Z
|-damage|p2a: Porygon-Z|0 fnt
|-unboost|p1a: Kyurem|spa|2
|faint|p2a: Porygon-Z
|
|upkeep
|
|t:|1743901593
|switch|p2a: Kingambit|Kingambit, M|100/100
|-activate|p2a: Kingambit|ability: Supreme Overlord
|-start|p2a: Kingambit|fallen3|[silent]
|turn|15
|
|t:|1743901598
|switch|p1a: Iron Treads|Iron Treads|57/100
|-activate|p1a: Iron Treads|move: Sticky Web
|-unboost|p1a: Iron Treads|spe|1
|move|p2a: Kingambit|Kowtow Cleave|p1a: Iron Treads
|-damage|p1a: Iron Treads|0 fnt
|faint|p1a: Iron Treads
|-end|p1a: Iron Treads|Quark Drive|[silent]
|
|upkeep
|
|t:|1743901604
|switch|p1a: Kyurem|Kyurem|100/100
|-activate|p1a: Kyurem|move: Sticky Web
|-unboost|p1a: Kyurem|spe|1
|-ability|p1a: Kyurem|Pressure
|turn|16
|
|t:|1743901609
|-end|p2a: Kingambit|fallen3|[silent]
|switch|p2a: Iron Valiant|Iron Valiant|94/100
|move|p1a: Kyurem|Earth Power|p2a: Iron Valiant
|-damage|p2a: Iron Valiant|26/100
|
|upkeep
|turn|17
|
|t:|1743901616
|move|p2a: Iron Valiant|Close Combat|p1a: Kyurem
|-supereffective|p1a: Kyurem
|-damage|p1a: Kyurem|0 fnt
|-unboost|p2a: Iron Valiant|def|1
|-unboost|p2a: Iron Valiant|spd|1
|faint|p1a: Kyurem
|
|upkeep
|-message|SLimeyGunt forfeited.
|
|win|Ajblade11
|raw|SLimeyGunt's rating: 1554 &rarr; <strong>1533</strong><br />(-21 for losing)
|raw|Ajblade11's rating: 1542 &rarr; <strong>1563</strong><br />(+21 for winning)
|l|☆SLimeyGunt
|player|p1|
|l|☆Ajblade11
|player|p2|
