|j|☆stallkiller393
|j|☆Klewey
|t:|1743847990
|gametype|singles
|player|p1|stallkiller393|rocketgrunt|1192
|player|p2|Klewey|265|1189
|teamsize|p1|6
|teamsize|p2|6
|gen|9
|tier|[Gen 9] OU
|rated|
|rule|HP Percentage Mod: HP is shown in percentages
|rule|Endless Battle Clause: Forcing endless battles is banned
|rule|Species Clause: Limit one of each Pokémon
|rule|OHKO Clause: OHKO moves are banned
|rule|Evasion Items Clause: Evasion items are banned
|rule|Evasion Moves Clause: Evasion moves are banned
|rule|Sleep Moves Clause: Sleep-inducing moves are banned
|clearpoke
|poke|p1|Iron Hands|
|poke|p1|Kommo-o, F|
|poke|p1|Sawsbuck, M|
|poke|p1|Torkoal, F|
|poke|p1|Scream Tail|
|poke|p1|Pecharunt|
|poke|p2|Dugtrio, F|
|poke|p2|Blastoise, F|
|poke|p2|Fezandipiti, M|
|poke|p2|Snorlax, F|
|poke|p2|Rotom-Heat|
|poke|p2|Sneasel-Hisui, F|
|teampreview
|inactive|Battle timer is ON: inactive players will automatically lose when time's up. (requested by Klewey)
|
|t:|1743848005
|start
|switch|p1a: Torkoal|Torkoal, F|100/100
|switch|p2a: Dugtrio|Dugtrio, F|100/100
|-weather|SunnyDay|[from] ability: Drought|[of] p1a: Torkoal
|turn|1
|
|t:|1743848013
|move|p2a: Dugtrio|Stealth Rock|p1a: Torkoal
|-sidestart|p1: stallkiller393|move: Stealth Rock
|move|p1a: Torkoal|Stealth Rock|p2a: Dugtrio
|-sidestart|p2: Klewey|move: Stealth Rock
|
|-weather|SunnyDay|[upkeep]
|upkeep
|turn|2
|
|t:|1743848021
|move|p2a: Dugtrio|Earthquake|p1a: Torkoal
|-supereffective|p1a: Torkoal
|-damage|p1a: Torkoal|46/100
|move|p1a: Torkoal|Rapid Spin|p2a: Dugtrio
|-damage|p2a: Dugtrio|82/100
|-boost|p1a: Torkoal|spe|1
|-sideend|p1: stallkiller393|Stealth Rock|[from] move: Rapid Spin|[of] p1a: Torkoal
|
|-weather|SunnyDay|[upkeep]
|upkeep
|turn|3
|
|t:|1743848036
|switch|p1a: Scream Tail|Scream Tail|100/100
|-activate|p1a: Scream Tail|ability: Protosynthesis
|-start|p1a: Scream Tail|protosynthesisspe
|move|p2a: Dugtrio|Earthquake|p1a: Scream Tail
|-damage|p1a: Scream Tail|71/100
|
|-weather|SunnyDay|[upkeep]
|upkeep
|turn|4
|
|t:|1743848044
|move|p1a: Scream Tail|Psychic Noise|p2a: Dugtrio
|-damage|p2a: Dugtrio|34/100
|-start|p2a: Dugtrio|move: Heal Block
|-enditem|p1a: Scream Tail|Throat Spray
|-boost|p1a: Scream Tail|spa|1|[from] item: Throat Spray
|move|p2a: Dugtrio|Stealth Rock|p1a: Scream Tail
|-sidestart|p1: stallkiller393|move: Stealth Rock
|
|-weather|SunnyDay|[upkeep]
|upkeep
|turn|5
|
|t:|1743848068
|move|p1a: Scream Tail|Psychic Noise|p2a: Dugtrio
|-damage|p2a: Dugtrio|0 fnt
|faint|p2a: Dugtrio
|
|-weather|none
|-end|p1a: Scream Tail|Protosynthesis
|upkeep
|
|t:|1743848086
|switch|p2a: Snorlax|Snorlax, F|100/100
|-damage|p2a: Snorlax|88/100|[from] Stealth Rock
|turn|6
|
|t:|1743848092
|-end|p1a: Scream Tail|Protosynthesis|[silent]
|switch|p1a: Torkoal|Torkoal, F|46/100
|-weather|SunnyDay|[from] ability: Drought|[of] p1a: Torkoal
|move|p2a: Snorlax|Facade|p1a: Torkoal
|-damage|p1a: Torkoal|20/100
|
|-weather|SunnyDay|[upkeep]
|upkeep
|turn|7
|
|t:|1743848103
|move|p2a: Snorlax|Facade|p1a: Torkoal
|-damage|p1a: Torkoal|0 fnt
|faint|p1a: Torkoal
|
|-weather|SunnyDay|[upkeep]
|upkeep
|
|t:|1743848112
|switch|p1a: Sawsbuck|Sawsbuck, M|100/100
|-damage|p1a: Sawsbuck|88/100|[from] Stealth Rock
|turn|8
|
|t:|1743848118
|move|p1a: Sawsbuck|Swords Dance|p1a: Sawsbuck
|-boost|p1a: Sawsbuck|atk|2
|move|p2a: Snorlax|Fire Punch|p1a: Sawsbuck
|-supereffective|p1a: Sawsbuck
|-damage|p1a: Sawsbuck|0 fnt
|faint|p1a: Sawsbuck
|
|-weather|SunnyDay|[upkeep]
|upkeep
|
|t:|1743848130
|switch|p1a: Scream Tail|Scream Tail|71/100
|-damage|p1a: Scream Tail|58/100|[from] Stealth Rock
|-activate|p1a: Scream Tail|ability: Protosynthesis
|-start|p1a: Scream Tail|protosynthesisspe
|turn|9
|
|t:|1743848135
|move|p1a: Scream Tail|Psychic Noise|p2a: Snorlax
|-damage|p2a: Snorlax|76/100
|-start|p2a: Snorlax|move: Heal Block
|move|p2a: Snorlax|Fire Punch|p1a: Scream Tail
|-damage|p1a: Scream Tail|26/100
|
|-weather|SunnyDay|[upkeep]
|upkeep
|turn|10
|
|t:|1743848148
|move|p1a: Scream Tail|Flamethrower|p2a: Snorlax
|-damage|p2a: Snorlax|70/100
|move|p2a: Snorlax|Fire Punch|p1a: Scream Tail
|-crit|p1a: Scream Tail
|-damage|p1a: Scream Tail|0 fnt
|faint|p1a: Scream Tail
|-end|p1a: Scream Tail|Protosynthesis|[silent]
|
|-weather|none
|-end|p2a: Snorlax|move: Heal Block
|upkeep
|
|t:|1743848168
|switch|p1a: Iron Hands|Iron Hands|100/100
|-damage|p1a: Iron Hands|94/100|[from] Stealth Rock
|turn|11
|
|t:|1743848176
|switch|p2a: Fezandipiti|Fezandipiti, M|100/100
|-damage|p2a: Fezandipiti|88/100|[from] Stealth Rock
|move|p1a: Iron Hands|Swords Dance|p1a: Iron Hands
|-boost|p1a: Iron Hands|atk|2
|
|-heal|p1a: Iron Hands|100/100|[from] item: Leftovers
|upkeep
|turn|12
|
|t:|1743848195
|-terastallize|p1a: Iron Hands|Steel
|move|p2a: Fezandipiti|Play Rough|p1a: Iron Hands
|-resisted|p1a: Iron Hands
|-damage|p1a: Iron Hands|87/100
|-unboost|p1a: Iron Hands|atk|1
|move|p1a: Iron Hands|Swords Dance|p1a: Iron Hands
|-boost|p1a: Iron Hands|atk|2
|
|-heal|p1a: Iron Hands|93/100|[from] item: Leftovers
|upkeep
|turn|13
|
|t:|1743848203
|move|p2a: Fezandipiti|Play Rough|p1a: Iron Hands|[miss]
|-miss|p2a: Fezandipiti|p1a: Iron Hands
|move|p1a: Iron Hands|Thunder Punch|p2a: Fezandipiti
|-damage|p2a: Fezandipiti|0 fnt
|faint|p2a: Fezandipiti
|
|-heal|p1a: Iron Hands|99/100|[from] item: Leftovers
|upkeep
|
|t:|1743848210
|switch|p2a: Rotom|Rotom-Heat|100/100
|-damage|p2a: Rotom|76/100|[from] Stealth Rock
|turn|14
|
|t:|1743848225
|move|p2a: Rotom|Overheat|p1a: Iron Hands
|-supereffective|p1a: Iron Hands
|-damage|p1a: Iron Hands|4/100
|-unboost|p2a: Rotom|spa|2
|move|p1a: Iron Hands|Drain Punch|p2a: Rotom
|-damage|p2a: Rotom|0 fnt
|-heal|p1a: Iron Hands|22/100|[from] drain|[of] p2a: Rotom
|faint|p2a: Rotom
|
|-heal|p1a: Iron Hands|28/100|[from] item: Leftovers
|upkeep
|
|t:|1743848232
|switch|p2a: Sneasel|Sneasel-Hisui, F|100/100
|-damage|p2a: Sneasel|94/100|[from] Stealth Rock
|turn|15
|
|t:|1743848237
|-end|p1a: Iron Hands|Quark Drive|[silent]
|switch|p1a: Pecharunt|Pecharunt|100/100
|-damage|p1a: Pecharunt|88/100|[from] Stealth Rock
|-item|p1a: Pecharunt|Air Balloon
|move|p2a: Sneasel|Fake Out|p1a: Pecharunt
|-immune|p1a: Pecharunt
|
|upkeep
|turn|16
|
|t:|1743848244
|switch|p2a: Snorlax|Snorlax, F|70/100
|-damage|p2a: Snorlax|57/100|[from] Stealth Rock
|move|p1a: Pecharunt|Nasty Plot|p1a: Pecharunt
|-boost|p1a: Pecharunt|spa|2
|
|upkeep
|turn|17
|
|t:|1743848251
|move|p1a: Pecharunt|Malignant Chain|p2a: Snorlax
|-damage|p2a: Snorlax|23/100
|move|p2a: Snorlax|Fire Punch|p1a: Pecharunt
|-damage|p1a: Pecharunt|70/100
|-enditem|p1a: Pecharunt|Air Balloon
|
|upkeep
|turn|18
|
|t:|1743848257
|move|p1a: Pecharunt|Malignant Chain|p2a: Snorlax
|-damage|p2a: Snorlax|0 fnt
|faint|p2a: Snorlax
|
|upkeep
|
|t:|1743848260
|switch|p2a: Blastoise|Blastoise, F|100/100
|-damage|p2a: Blastoise|88/100|[from] Stealth Rock
|turn|19
|
|t:|1743848264
|move|p1a: Pecharunt|Malignant Chain|p2a: Blastoise
|-damage|p2a: Blastoise|22/100
|-status|p2a: Blastoise|tox
|-start|p2a: Blastoise|confusion|[from] ability: Poison Puppeteer|[of] p1a: Pecharunt
|-activate|p2a: Blastoise|confusion
|move|p2a: Blastoise|Flip Turn|p1a: Pecharunt
|-damage|p1a: Pecharunt|56/100
|
|t:|1743848274
|switch|p2a: Sneasel|Sneasel-Hisui, F|94/100|[from] Flip Turn
|-damage|p2a: Sneasel|88/100|[from] Stealth Rock
|
|upkeep
|turn|20
|-message|Klewey forfeited.
|
|win|stallkiller393
|raw|stallkiller393's rating: 1192 &rarr; <strong>1217</strong><br />(+25 for winning)
|raw|Klewey's rating: 1189 &rarr; <strong>1164</strong><br />(-25 for losing)
|l|☆Klewey
|player|p2|
