|badge|p2|bronze|gen9ou|100-5
|uhtml|medal-msg|<div class="broadcast-blue">Curious what those medals under the avatar are? PS now has Ladder Seasons! For more information, check out the <a href="https://www.smogon.com/forums/threads/3740067/">thread on Smogon.</a></div>
|j|☆temporarylight
|j|☆turnyacc
|t:|1743791670
|gametype|singles
|player|p1|temporarylight|265|1742
|player|p2|turnyacc|169|1858
|teamsize|p1|6
|teamsize|p2|6
|gen|9
|tier|[Gen 9] OU
|rated|
|rule|HP Percentage Mod: HP is shown in percentages
|rule|Endless Battle Clause: Forcing endless battles is banned
|rule|Species Clause: Limit one of each Pokémon
|rule|OHKO Clause: OHKO moves are banned
|rule|Evasion Items Clause: Evasion items are banned
|rule|Evasion Moves Clause: Evasion moves are banned
|rule|Sleep Moves Clause: Sleep-inducing moves are banned
|clearpoke
|poke|p1|Arcanine-Hisui, M|
|poke|p1|Clefable, F|
|poke|p1|Ting-Lu|
|poke|p1|Pecharunt|
|poke|p1|Dragonite, M|
|poke|p1|Darkrai|
|poke|p2|Kingambit, M|
|poke|p2|Clodsire, F|
|poke|p2|Zamazenta-*|
|poke|p2|Great Tusk|
|poke|p2|Ogerpon, F|
|poke|p2|Raging Bolt|
|teampreview
|inactive|Battle timer is ON: inactive players will automatically lose when time's up. (requested by temporarylight)
|c|☆turnyacc|glhf
|c|☆turnyacc|nice team
|j| union boss
|inactive|temporarylight has 120 seconds left.
|j| FaronAan
|c|☆temporarylight|bro i loaded the wrong version
|c|☆temporarylight|some interesting sets
|c|☆turnyacc|sorry lol
|c|☆turnyacc|yea i think i know what sets you're talking about
|inactive|temporarylight has 90 seconds left.
|
|t:|1743791743
|start
|switch|p1a: Darkrai|Darkrai|100/100
|switch|p2a: Clodsire|Clodsire, F|100/100
|turn|1
|
|t:|1743791748
|move|p1a: Darkrai|Will-O-Wisp|p2a: Clodsire
|-status|p2a: Clodsire|brn
|move|p2a: Clodsire|Stealth Rock|p1a: Darkrai
|-sidestart|p1: temporarylight|move: Stealth Rock
|
|-damage|p2a: Clodsire|94/100 brn|[from] brn
|upkeep
|turn|2
|
|t:|1743791756
|switch|p1a: Clefable|Clefable, F|100/100
|move|p2a: Clodsire|Toxic|p1a: Clefable
|-status|p1a: Clefable|tox
|
|-heal|p2a: Clodsire|100/100 brn|[from] item: Leftovers
|-damage|p2a: Clodsire|94/100 brn|[from] brn
|upkeep
|turn|3
|c|☆turnyacc|nvm
|
|t:|1743791762
|switch|p2a: Kingambit|Kingambit, M|100/100
|move|p1a: Clefable|Calm Mind|p1a: Clefable
|-boost|p1a: Clefable|spa|1
|-boost|p1a: Clefable|spd|1
|
|upkeep
|turn|4
|
|t:|1743791769
|switch|p1a: Ting-Lu|Ting-Lu|100/100
|-damage|p1a: Ting-Lu|94/100|[from] Stealth Rock
|-ability|p1a: Ting-Lu|Vessel of Ruin
|move|p2a: Kingambit|Iron Head|p1a: Ting-Lu
|-damage|p1a: Ting-Lu|71/100
|
|-heal|p1a: Ting-Lu|77/100|[from] item: Leftovers
|upkeep
|turn|5
|
|t:|1743791774
|-end|p2a: Kingambit|fallenundefined|[silent]
|switch|p2a: Great Tusk|Great Tusk|100/100
|move|p1a: Ting-Lu|Ruination|p2a: Great Tusk
|-damage|p2a: Great Tusk|51/100
|
|-heal|p1a: Ting-Lu|83/100|[from] item: Leftovers
|upkeep
|turn|6
|
|t:|1743791783
|move|p2a: Great Tusk|Knock Off|p1a: Ting-Lu
|-resisted|p1a: Ting-Lu
|-damage|p1a: Ting-Lu|75/100
|-enditem|p1a: Ting-Lu|Leftovers|[from] move: Knock Off|[of] p2a: Great Tusk
|move|p1a: Ting-Lu|Earthquake|p2a: Great Tusk
|-damage|p2a: Great Tusk|25/100
|
|upkeep
|turn|7
|
|t:|1743791792
|move|p2a: Great Tusk|Headlong Rush|p1a: Ting-Lu
|-damage|p1a: Ting-Lu|41/100
|-unboost|p2a: Great Tusk|def|1
|-unboost|p2a: Great Tusk|spd|1
|move|p1a: Ting-Lu|Spikes|p2a: Great Tusk
|-sidestart|p2: turnyacc|Spikes
|
|upkeep
|turn|8
|
|t:|1743791800
|switch|p1a: Pecharunt|Pecharunt|100/100
|move|p2a: Great Tusk|Rapid Spin|p1a: Pecharunt
|-immune|p1a: Pecharunt
|
|upkeep
|turn|9
|
|t:|1743791805
|-end|p2a: Great Tusk|Protosynthesis|[silent]
|switch|p2a: Kingambit|Kingambit, M|100/100
|-damage|p2a: Kingambit|88/100|[from] Spikes
|move|p1a: Pecharunt|Parting Shot|p2a: Kingambit
|-unboost|p2a: Kingambit|atk|1
|-unboost|p2a: Kingambit|spa|1
|
|t:|1743791808
|switch|p1a: Arcanine|Arcanine-Hisui, M|100/100|[from] Parting Shot
|
|-heal|p2a: Kingambit|94/100|[from] item: Leftovers
|upkeep
|turn|10
|
|t:|1743791819
|-end|p2a: Kingambit|fallenundefined|[silent]
|switch|p2a: Zamazenta|Zamazenta|100/100
|-damage|p2a: Zamazenta|88/100|[from] Spikes
|-ability|p2a: Zamazenta|Dauntless Shield|boost
|-boost|p2a: Zamazenta|def|1
|move|p1a: Arcanine|Will-O-Wisp|p2a: Zamazenta
|-status|p2a: Zamazenta|brn
|
|-heal|p2a: Zamazenta|94/100 brn|[from] item: Leftovers
|-damage|p2a: Zamazenta|88/100 brn|[from] brn
|upkeep
|turn|11
|c|☆turnyacc|oh wow
|
|t:|1743791825
|switch|p1a: Clefable|Clefable, F|100/100 tox
|move|p2a: Zamazenta|Crunch|p1a: Clefable
|-resisted|p1a: Clefable
|-damage|p1a: Clefable|97/100 tox
|-damage|p2a: Zamazenta|72/100 brn|[from] item: Rocky Helmet|[of] p1a: Clefable
|
|-heal|p2a: Zamazenta|78/100 brn|[from] item: Leftovers
|-damage|p2a: Zamazenta|72/100 brn|[from] brn
|upkeep
|turn|12
|
|t:|1743791837
|switch|p2a: Great Tusk|Great Tusk|25/100
|move|p1a: Clefable|Moonblast|p2a: Great Tusk
|-supereffective|p2a: Great Tusk
|-damage|p2a: Great Tusk|0 fnt
|faint|p2a: Great Tusk
|-end|p2a: Great Tusk|Protosynthesis|[silent]
|
|upkeep
|
|t:|1743791841
|switch|p2a: Ogerpon|Ogerpon, F|100/100
|-damage|p2a: Ogerpon|88/100|[from] Spikes
|turn|13
|
|t:|1743791843
|-terastallize|p2a: Ogerpon|Grass
|detailschange|p2a: Ogerpon|Ogerpon-Teal-Tera, F, tera:Grass
|-ability|p2a: Ogerpon|Embody Aspect (Teal)|boost
|-boost|p2a: Ogerpon|spe|1
|move|p2a: Ogerpon|U-turn|p1a: Clefable
|-resisted|p1a: Clefable
|-damage|p1a: Clefable|85/100 tox
|-damage|p2a: Ogerpon|72/100|[from] item: Rocky Helmet|[of] p1a: Clefable
|
|t:|1743791847
|switch|p2a: Zamazenta|Zamazenta|72/100 brn|[from] U-turn
|-damage|p2a: Zamazenta|59/100 brn|[from] Spikes
|move|p1a: Clefable|Thunder Wave||[still]
|-fail|p1a: Clefable
|
|-heal|p2a: Zamazenta|65/100 brn|[from] item: Leftovers
|-damage|p2a: Zamazenta|59/100 brn|[from] brn
|upkeep
|turn|14
|
|t:|1743791852
|move|p1a: Clefable|Moonblast|p2a: Zamazenta
|-supereffective|p2a: Zamazenta
|-damage|p2a: Zamazenta|11/100 brn
|-unboost|p2a: Zamazenta|spa|1
|move|p2a: Zamazenta|Roar|p1a: Clefable
|drag|p1a: Pecharunt|Pecharunt|100/100
|
|-heal|p2a: Zamazenta|17/100 brn|[from] item: Leftovers
|-damage|p2a: Zamazenta|11/100 brn|[from] brn
|upkeep
|turn|15
|
|t:|1743791862
|move|p2a: Zamazenta|Crunch|p1a: Pecharunt
|-supereffective|p1a: Pecharunt
|-damage|p1a: Pecharunt|87/100
|move|p1a: Pecharunt|Hex|p2a: Zamazenta
|-damage|p2a: Zamazenta|0 fnt
|faint|p2a: Zamazenta
|
|upkeep
|c|☆turnyacc|your team hard counters mine bad lol
|c|☆temporarylight|yeah
|c|☆turnyacc|idk if i can break
|inactive|turnyacc has 120 seconds left.
|
|t:|1743791896
|switch|p2a: Ogerpon|Ogerpon-Teal-Tera, F, tera:Grass|72/100
|-damage|p2a: Ogerpon|59/100|[from] Spikes
|-ability|p2a: Ogerpon|Embody Aspect (Teal)|boost
|-boost|p2a: Ogerpon|spe|1
|turn|16
|c|☆temporarylight|ting lu is chipped but thats it
|
|t:|1743791901
|move|p2a: Ogerpon|Knock Off|p1a: Pecharunt
|-supereffective|p1a: Pecharunt
|-damage|p1a: Pecharunt|27/100
|-enditem|p1a: Pecharunt|Heavy-Duty Boots|[from] move: Knock Off|[of] p2a: Ogerpon
|move|p1a: Pecharunt|Malignant Chain|p2a: Ogerpon
|-supereffective|p2a: Ogerpon
|-damage|p2a: Ogerpon|0 fnt
|faint|p2a: Ogerpon
|
|upkeep
|
|t:|1743791911
|switch|p2a: Kingambit|Kingambit, M|94/100
|-damage|p2a: Kingambit|82/100|[from] Spikes
|-activate|p2a: Kingambit|ability: Supreme Overlord
|-start|p2a: Kingambit|fallen3|[silent]
|turn|17
|
|t:|1743791917
|move|p1a: Pecharunt|Parting Shot|p2a: Kingambit
|-unboost|p2a: Kingambit|atk|1
|-unboost|p2a: Kingambit|spa|1
|
|t:|1743791918
|switch|p1a: Darkrai|Darkrai|100/100|[from] Parting Shot
|move|p2a: Kingambit|Swords Dance|p2a: Kingambit
|-boost|p2a: Kingambit|atk|2
|
|-heal|p2a: Kingambit|88/100|[from] item: Leftovers
|upkeep
|turn|18
|
|t:|1743791926
|move|p1a: Darkrai|Will-O-Wisp|p2a: Kingambit
|-status|p2a: Kingambit|brn
|move|p2a: Kingambit|Low Kick|p1a: Darkrai
|-supereffective|p1a: Darkrai
|-damage|p1a: Darkrai|30/100
|
|-heal|p2a: Kingambit|94/100 brn|[from] item: Leftovers
|-damage|p2a: Kingambit|88/100 brn|[from] brn
|upkeep
|turn|19
|
|t:|1743791943
|move|p1a: Darkrai|Dark Pulse|p2a: Kingambit
|-resisted|p2a: Kingambit
|-damage|p2a: Kingambit|67/100 brn
|move|p2a: Kingambit|Swords Dance|p2a: Kingambit
|-boost|p2a: Kingambit|atk|2
|
|-heal|p2a: Kingambit|73/100 brn|[from] item: Leftovers
|-damage|p2a: Kingambit|67/100 brn|[from] brn
|upkeep
|turn|20
|
|t:|1743791949
|move|p2a: Kingambit|Sucker Punch|p1a: Darkrai
|-resisted|p1a: Darkrai
|-damage|p1a: Darkrai|0 fnt
|faint|p1a: Darkrai
|
|-heal|p2a: Kingambit|73/100 brn|[from] item: Leftovers
|-damage|p2a: Kingambit|67/100 brn|[from] brn
|upkeep
|inactive|temporarylight has 120 seconds left.
|
|t:|1743791974
|switch|p1a: Arcanine|Arcanine-Hisui, M|100/100
|turn|21
|
|t:|1743791977
|move|p2a: Kingambit|Sucker Punch|p1a: Arcanine
|-damage|p1a: Arcanine|27/100
|move|p1a: Arcanine|Flare Blitz|p2a: Kingambit
|-supereffective|p2a: Kingambit
|-damage|p2a: Kingambit|0 fnt
|faint|p2a: Kingambit
|-end|p2a: Kingambit|fallen3|[silent]
|
|upkeep
|
|t:|1743791984
|switch|p2a: Clodsire|Clodsire, F|94/100 brn
|-damage|p2a: Clodsire|82/100 brn|[from] Spikes
|turn|22
|
|t:|1743791997
|move|p1a: Arcanine|Flare Blitz|p2a: Clodsire
|-damage|p2a: Clodsire|15/100 brn
|move|p2a: Clodsire|Toxic|p1a: Arcanine
|-status|p1a: Arcanine|tox
|
|-heal|p2a: Clodsire|21/100 brn|[from] item: Leftovers
|-damage|p1a: Arcanine|21/100 tox|[from] psn
|-damage|p2a: Clodsire|15/100 brn|[from] brn
|upkeep
|turn|23
|
|t:|1743792000
|move|p1a: Arcanine|Stealth Rock|p2a: Clodsire
|-sidestart|p2: turnyacc|move: Stealth Rock
|move|p2a: Clodsire|Recover|p2a: Clodsire
|-heal|p2a: Clodsire|65/100 brn
|
|-heal|p2a: Clodsire|71/100 brn|[from] item: Leftovers
|-damage|p1a: Arcanine|9/100 tox|[from] psn
|-damage|p2a: Clodsire|65/100 brn|[from] brn
|upkeep
|turn|24
|
|t:|1743792003
|move|p1a: Arcanine|Flare Blitz|p2a: Clodsire
|-damage|p2a: Clodsire|0 fnt
|faint|p2a: Clodsire
|
|-damage|p1a: Arcanine|0 fnt|[from] psn
|faint|p1a: Arcanine
|upkeep
|
|t:|1743792011
|switch|p1a: Ting-Lu|Ting-Lu|41/100
|switch|p2a: Raging Bolt|Raging Bolt|100/100
|-damage|p2a: Raging Bolt|88/100|[from] Spikes
|-damage|p2a: Raging Bolt|76/100|[from] Stealth Rock
|-damage|p1a: Ting-Lu|35/100|[from] Stealth Rock
|-ability|p1a: Ting-Lu|Vessel of Ruin
|turn|25
|
|t:|1743792014
|move|p2a: Raging Bolt|Calm Mind|p2a: Raging Bolt
|-boost|p2a: Raging Bolt|spa|1
|-boost|p2a: Raging Bolt|spd|1
|move|p1a: Ting-Lu|Earthquake|p2a: Raging Bolt
|-supereffective|p2a: Raging Bolt
|-damage|p2a: Raging Bolt|34/100
|
|-heal|p2a: Raging Bolt|40/100|[from] item: Leftovers
|upkeep
|turn|26
|
|t:|1743792021
|move|p2a: Raging Bolt|Dragon Pulse|p1a: Ting-Lu
|-damage|p1a: Ting-Lu|9/100
|move|p1a: Ting-Lu|Earthquake|p2a: Raging Bolt
|-supereffective|p2a: Raging Bolt
|-damage|p2a: Raging Bolt|0 fnt
|faint|p2a: Raging Bolt
|-end|p2a: Raging Bolt|Protosynthesis|[silent]
|
|win|temporarylight
|raw|temporarylight's rating: 1742 &rarr; <strong>1768</strong><br />(+26 for winning)
|raw|turnyacc's rating: 1858 &rarr; <strong>1832</strong><br />(-26 for losing)
|c|☆turnyacc|gg
|c|☆temporarylight|gg
|l|☆turnyacc
|player|p2|
|l|☆temporarylight
|player|p1|
|j|☆temporarylight
|player|p1|temporarylight|265|
|l| FaronAan
|l|☆temporarylight
|player|p1|
