|j|☆Andrewtre
|j|☆johnlee17
|t:|1743782439
|gametype|singles
|player|p1|Andrewtre|psychic-gen4|1157
|player|p2|johnlee17|266|1197
|teamsize|p1|6
|teamsize|p2|6
|gen|9
|tier|[Gen 9] OU
|rated|
|rule|HP Percentage Mod: HP is shown in percentages
|rule|Endless Battle Clause: Forcing endless battles is banned
|rule|Species Clause: Limit one of each Pokémon
|rule|OHKO Clause: OHKO moves are banned
|rule|Evasion Items Clause: Evasion items are banned
|rule|Evasion Moves Clause: Evasion moves are banned
|rule|Sleep Moves Clause: Sleep-inducing moves are banned
|clearpoke
|poke|p1|Farigiraf, M|
|poke|p1|Golurk|
|poke|p1|Slowking, F|
|poke|p1|Gengar, F|
|poke|p1|Golduck, M|
|poke|p1|Hatterene, F|
|poke|p2|Volcanion|
|poke|p2|Maushold-Four|
|poke|p2|Articuno-Galar|
|poke|p2|Mudsdale, F|
|poke|p2|Muk-Alola, M|
|poke|p2|Iron Hands|
|teampreview
|inactive|Battle timer is ON: inactive players will automatically lose when time's up. (requested by Andrewtre)
|
|t:|1743782457
|start
|switch|p1a: Hatty|Hatterene, F|100/100
|switch|p2a: Muk|Muk-Alola, M|100/100
|turn|1
|
|t:|1743782464
|move|p2a: Muk|Poison Jab|p1a: Hatty
|-supereffective|p1a: Hatty
|-damage|p1a: Hatty|6/100
|move|p1a: Hatty|Draining Kiss|p2a: Muk
|-damage|p2a: Muk|73/100
|-heal|p1a: Hatty|29/100|[from] drain|[of] p2a: Muk
|-damage|p1a: Hatty|12/100|[from] item: Rocky Helmet|[of] p2a: Muk
|
|upkeep
|turn|2
|
|t:|1743782473
|switch|p1a: Golurk|Golurk|100/100
|move|p2a: Muk|Shadow Sneak|p1a: Golurk
|-supereffective|p1a: Golurk
|-damage|p1a: Golurk|71/100
|
|upkeep
|turn|3
|
|t:|1743782479
|move|p2a: Muk|Knock Off|p1a: Golurk
|-supereffective|p1a: Golurk
|-damage|p1a: Golurk|0 fnt
|-enditem|p1a: Golurk|Life Orb|[from] move: Knock Off|[of] p2a: Muk
|faint|p1a: Golurk
|
|upkeep
|
|t:|1743782482
|switch|p1a: Farigiraf|Farigiraf, M|100/100
|turn|4
|
|t:|1743782489
|-terastallize|p1a: Farigiraf|Fighting
|move|p1a: Farigiraf|Tera Blast|p2a: Muk|[anim] Tera Blast Fighting
|-damage|p2a: Muk|26/100
|-damage|p1a: Farigiraf|91/100|[from] item: Life Orb
|move|p2a: Muk|Poison Jab|p1a: Farigiraf
|-damage|p1a: Farigiraf|53/100
|
|upkeep
|turn|5
|
|t:|1743782499
|switch|p2a: Articuno|Articuno-Galar|100/100
|move|p1a: Farigiraf|Tera Blast|p2a: Articuno|[anim] Tera Blast Fighting
|-resisted|p2a: Articuno
|-damage|p2a: Articuno|86/100
|-damage|p1a: Farigiraf|43/100|[from] item: Life Orb
|
|upkeep
|turn|6
|
|t:|1743782507
|switch|p1a: Hatty|Hatterene, F|12/100
|move|p2a: Articuno|Agility|p2a: Articuno
|-boost|p2a: Articuno|spe|2
|
|upkeep
|turn|7
|
|t:|1743782516
|move|p2a: Articuno|Freezing Glare|p1a: Hatty
|-resisted|p1a: Hatty
|-damage|p1a: Hatty|0 fnt
|faint|p1a: Hatty
|
|upkeep
|
|t:|1743782520
|switch|p1a: Gengar|Gengar, F|100/100
|turn|8
|
|t:|1743782524
|move|p2a: Articuno|Air Slash|p1a: Gengar
|-damage|p1a: Gengar|42/100
|move|p1a: Gengar|Sludge Wave|p2a: Articuno
|-damage|p2a: Articuno|15/100
|-damage|p1a: Gengar|32/100|[from] item: Life Orb
|
|upkeep
|turn|9
|
|t:|1743782531
|move|p2a: Articuno|Freezing Glare|p1a: Gengar
|-supereffective|p1a: Gengar
|-damage|p1a: Gengar|0 fnt
|faint|p1a: Gengar
|
|upkeep
|
|t:|1743782533
|switch|p1a: Goldie|Golduck, M|100/100
|turn|10
|
|t:|1743782540
|move|p1a: Goldie|Vacuum Wave|p2a: Articuno
|-resisted|p2a: Articuno
|-damage|p2a: Articuno|12/100
|move|p2a: Articuno|Freezing Glare|p1a: Goldie
|-damage|p1a: Goldie|51/100
|
|upkeep
|turn|11
|
|t:|1743782549
|move|p2a: Articuno|Freezing Glare|p1a: Goldie
|-damage|p1a: Goldie|8/100
|move|p1a: Goldie|Rain Dance|p1a: Goldie
|-weather|RainDance
|
|-weather|RainDance|[upkeep]
|upkeep
|turn|12
|
|t:|1743782556
|move|p2a: Articuno|Freezing Glare|p1a: Goldie
|-damage|p1a: Goldie|0 fnt
|faint|p1a: Goldie
|
|-weather|RainDance|[upkeep]
|upkeep
|
|t:|1743782559
|switch|p1a: Queen|Slowking, F|100/100
|turn|13
|
|t:|1743782565
|move|p2a: Articuno|Air Slash|p1a: Queen
|-damage|p1a: Queen|69/100
|move|p1a: Queen|Trick Room|p1a: Queen
|-fieldstart|move: Trick Room|[of] p1a: Queen
|
|-weather|RainDance|[upkeep]
|upkeep
|turn|14
|
|t:|1743782571
|move|p1a: Queen|Surf|p2a: Articuno
|-crit|p2a: Articuno
|-damage|p2a: Articuno|0 fnt
|faint|p2a: Articuno
|-damage|p1a: Queen|59/100|[from] item: Life Orb
|
|-weather|RainDance|[upkeep]
|upkeep
|
|t:|1743782575
|switch|p2a: Volcanion|Volcanion|100/100
|turn|15
|
|t:|1743782579
|move|p1a: Queen|Psychic|p2a: Volcanion
|-damage|p2a: Volcanion|66/100
|-damage|p1a: Queen|49/100|[from] item: Life Orb
|move|p2a: Volcanion|Steam Eruption|p1a: Queen|[miss]
|-miss|p2a: Volcanion|p1a: Queen
|
|-weather|none
|upkeep
|turn|16
|
|t:|1743782586
|switch|p1a: Farigiraf|Farigiraf, M, tera:Fighting|43/100
|switch|p2a: Muk|Muk-Alola, M|26/100
|
|upkeep
|turn|17
|
|t:|1743782597
|move|p2a: Muk|Shadow Sneak||[still]
|cant|p1a: Farigiraf|ability: Armor Tail|Shadow Sneak|[of] p2a: Muk
|move|p1a: Farigiraf|Tera Blast|p2a: Muk|[anim] Tera Blast Fighting
|-damage|p2a: Muk|0 fnt
|faint|p2a: Muk
|-damage|p1a: Farigiraf|33/100|[from] item: Life Orb
|
|-fieldend|move: Trick Room
|upkeep
|
|t:|1743782604
|switch|p2a: Maushold|Maushold-Four|100/100
|turn|18
|
|t:|1743782608
|move|p2a: Maushold|Population Bomb|p1a: Farigiraf
|-damage|p1a: Farigiraf|21/100
|-damage|p1a: Farigiraf|10/100
|-hitcount|p1a: Farigiraf|2
|move|p1a: Farigiraf|Tera Blast|p2a: Maushold|[anim] Tera Blast Fighting
|-supereffective|p2a: Maushold
|-damage|p2a: Maushold|0 fnt
|faint|p2a: Maushold
|-damage|p1a: Farigiraf|0 fnt|[from] item: Life Orb
|faint|p1a: Farigiraf
|
|upkeep
|
|t:|1743782617
|switch|p2a: Mudsdale|Mudsdale, F|100/100
|switch|p1a: Queen|Slowking, F|83/100
|turn|19
|
|t:|1743782627
|move|p2a: Mudsdale|Earthquake|p1a: Queen
|-damage|p1a: Queen|35/100
|move|p1a: Queen|Trick Room|p1a: Queen
|-fieldstart|move: Trick Room|[of] p1a: Queen
|
|upkeep
|turn|20
|
|t:|1743782635
|-terastallize|p2a: Mudsdale|Dragon
|move|p1a: Queen|Surf|p2a: Mudsdale
|-resisted|p2a: Mudsdale
|-damage|p2a: Mudsdale|80/100
|-ability|p2a: Mudsdale|Stamina|boost
|-boost|p2a: Mudsdale|def|1
|-damage|p1a: Queen|25/100|[from] item: Life Orb
|move|p2a: Mudsdale|Earthquake|p1a: Queen
|-damage|p1a: Queen|0 fnt
|faint|p1a: Queen
|
|win|johnlee17
|raw|Andrewtre's rating: 1157 &rarr; <strong>1135</strong><br />(-22 for losing)
|raw|johnlee17's rating: 1197 &rarr; <strong>1219</strong><br />(+22 for winning)
|l|☆Andrewtre
|player|p1|
|l|☆johnlee17
|player|p2|
