|j|☆R0B0 R3X
|j|☆MannuSOS
|t:|1743878856
|gametype|singles
|player|p1|R0B0 R3X|2|1382
|player|p2|MannuSOS|102|1325
|teamsize|p1|6
|teamsize|p2|6
|gen|9
|tier|[Gen 9] OU
|rated|
|rule|HP Percentage Mod: HP is shown in percentages
|rule|Endless Battle Clause: Forcing endless battles is banned
|rule|Species Clause: Limit one of each Pokémon
|rule|OHKO Clause: OHKO moves are banned
|rule|Evasion Items Clause: Evasion items are banned
|rule|Evasion Moves Clause: Evasion moves are banned
|rule|Sleep Moves Clause: Sleep-inducing moves are banned
|clearpoke
|poke|p1|Pelipper, F|
|poke|p1|Great Tusk|
|poke|p1|Clodsire, F|
|poke|p1|Overqwil, F|
|poke|p1|Tornadus-Therian, M|
|poke|p1|Greninja-*, M|
|poke|p2|Torkoal, M|
|poke|p2|Venusaur, M|
|poke|p2|Landorus-Therian, M|
|poke|p2|Dragapult, F|
|poke|p2|Mandibuzz, F|
|poke|p2|Entei|
|teampreview
|inactive|Battle timer is ON: inactive players will automatically lose when time's up. (requested by R0B0 R3X)
|
|t:|1743878883
|start
|switch|p1a: Clodsire|Clodsire, F|100/100
|switch|p2a: Torkoal|Torkoal, M|100/100
|-weather|SunnyDay|[from] ability: Drought|[of] p2a: Torkoal
|turn|1
|
|t:|1743878891
|move|p2a: Torkoal|Stealth Rock|p1a: Clodsire
|-sidestart|p1: R0B0 R3X|move: Stealth Rock
|move|p1a: Clodsire|Spikes|p2a: Torkoal
|-sidestart|p2: MannuSOS|Spikes
|
|-weather|SunnyDay|[upkeep]
|upkeep
|turn|2
|
|t:|1743878898
|switch|p1a: Great Tusk|Great Tusk|100/100
|-damage|p1a: Great Tusk|98/100|[from] Stealth Rock
|-activate|p1a: Great Tusk|ability: Protosynthesis
|-start|p1a: Great Tusk|protosynthesisdef
|move|p2a: Torkoal|Rapid Spin|p1a: Great Tusk
|-damage|p1a: Great Tusk|95/100
|-boost|p2a: Torkoal|spe|1
|-sideend|p2: MannuSOS|Spikes|[from] move: Rapid Spin|[of] p2a: Torkoal
|
|-weather|SunnyDay|[upkeep]
|-heal|p1a: Great Tusk|100/100|[from] item: Leftovers
|upkeep
|turn|3
|
|t:|1743878905
|switch|p2a: Venusaur|Venusaur, M|100/100
|move|p1a: Great Tusk|Rapid Spin|p2a: Venusaur
|-damage|p2a: Venusaur|80/100
|-boost|p1a: Great Tusk|spe|1
|-sideend|p1: R0B0 R3X|Stealth Rock|[from] move: Rapid Spin|[of] p1a: Great Tusk
|
|-weather|SunnyDay|[upkeep]
|upkeep
|turn|4
|
|t:|1743878911
|-end|p1a: Great Tusk|Protosynthesis|[silent]
|switch|p1a: Pelipper|Pelipper, F|100/100
|-weather|RainDance|[from] ability: Drizzle|[of] p1a: Pelipper
|move|p2a: Venusaur|Growth|p2a: Venusaur
|-boost|p2a: Venusaur|atk|1
|-boost|p2a: Venusaur|spa|1
|
|-weather|RainDance|[upkeep]
|upkeep
|turn|5
|
|t:|1743878923
|switch|p1a: Tornadus|Tornadus-Therian, M|100/100
|move|p2a: Venusaur|Giga Drain|p1a: Tornadus
|-resisted|p1a: Tornadus
|-damage|p1a: Tornadus|74/100
|-heal|p2a: Venusaur|92/100|[from] drain|[of] p1a: Tornadus
|-damage|p2a: Venusaur|82/100|[from] item: Life Orb
|
|-weather|RainDance|[upkeep]
|upkeep
|turn|6
|
|t:|1743878933
|switch|p2a: Landorus|Landorus-Therian, M|100/100
|-ability|p2a: Landorus|Intimidate|boost
|-unboost|p1a: Tornadus|atk|1
|move|p1a: Tornadus|Bleakwind Storm|p2a: Landorus
|-damage|p2a: Landorus|41/100
|
|-weather|RainDance|[upkeep]
|upkeep
|turn|7
|
|t:|1743878941
|move|p2a: Landorus|Stone Edge|p1a: Tornadus
|-supereffective|p1a: Tornadus
|-crit|p1a: Tornadus
|-damage|p1a: Tornadus|0 fnt
|faint|p1a: Tornadus
|
|-weather|RainDance|[upkeep]
|upkeep
|
|t:|1743878945
|switch|p1a: Greninja|Greninja, M|100/100
|turn|8
|
|t:|1743878955
|switch|p2a: Torkoal|Torkoal, M|100/100
|-weather|SunnyDay|[from] ability: Drought|[of] p2a: Torkoal
|move|p1a: Greninja|Surf|p2a: Torkoal
|-supereffective|p2a: Torkoal
|-damage|p2a: Torkoal|34/100
|-damage|p1a: Greninja|91/100|[from] item: Life Orb
|
|-weather|SunnyDay|[upkeep]
|upkeep
|turn|9
|
|t:|1743878972
|switch|p2a: Dragapult|Dragapult, F|100/100
|move|p1a: Greninja|Ice Beam|p2a: Dragapult
|-supereffective|p2a: Dragapult
|-damage|p2a: Dragapult|9/100
|-damage|p1a: Greninja|81/100|[from] item: Life Orb
|
|-weather|SunnyDay|[upkeep]
|upkeep
|turn|10
|
|t:|1743878980
|switch|p1a: Pelipper|Pelipper, F|100/100
|-weather|RainDance|[from] ability: Drizzle|[of] p1a: Pelipper
|move|p2a: Dragapult|Dragon Darts|p1a: Pelipper
|-damage|p1a: Pelipper|67/100
|-anim|p2a: Dragapult|Dragon Darts|p1a: Pelipper
|-damage|p1a: Pelipper|33/100
|
|-weather|RainDance|[upkeep]
|upkeep
|turn|11
|
|t:|1743878987
|switch|p1a: Great Tusk|Great Tusk|100/100
|move|p2a: Dragapult|Dragon Darts|p1a: Great Tusk
|-crit|p1a: Great Tusk
|-damage|p1a: Great Tusk|72/100
|-anim|p2a: Dragapult|Dragon Darts|p1a: Great Tusk
|-damage|p1a: Great Tusk|52/100
|
|-weather|RainDance|[upkeep]
|-heal|p1a: Great Tusk|58/100|[from] item: Leftovers
|upkeep
|turn|12
|
|t:|1743878995
|move|p2a: Dragapult|Dragon Darts|p1a: Great Tusk
|-damage|p1a: Great Tusk|39/100
|-anim|p2a: Dragapult|Dragon Darts|p1a: Great Tusk
|-damage|p1a: Great Tusk|21/100
|move|p1a: Great Tusk|Ice Spinner|p2a: Dragapult
|-supereffective|p2a: Dragapult
|-damage|p2a: Dragapult|0 fnt
|faint|p2a: Dragapult
|
|-weather|RainDance|[upkeep]
|-heal|p1a: Great Tusk|27/100|[from] item: Leftovers
|upkeep
|
|t:|1743879011
|switch|p2a: Entei|Entei|100/100
|turn|13
|
|t:|1743879015
|move|p2a: Entei|Extreme Speed|p1a: Great Tusk
|-damage|p1a: Great Tusk|5/100
|move|p1a: Great Tusk|Close Combat|p2a: Entei
|-damage|p2a: Entei|41/100
|-unboost|p1a: Great Tusk|def|1
|-unboost|p1a: Great Tusk|spd|1
|
|-weather|RainDance|[upkeep]
|-heal|p1a: Great Tusk|11/100|[from] item: Leftovers
|upkeep
|turn|14
|
|t:|1743879020
|move|p2a: Entei|Extreme Speed|p1a: Great Tusk
|-damage|p1a: Great Tusk|0 fnt
|faint|p1a: Great Tusk
|-end|p1a: Great Tusk|Protosynthesis|[silent]
|
|-weather|RainDance|[upkeep]
|upkeep
|
|t:|1743879023
|switch|p1a: Overqwil|Overqwil, F|100/100
|turn|15
|
|t:|1743879033
|switch|p2a: Landorus|Landorus-Therian, M|41/100
|-ability|p2a: Landorus|Intimidate|boost
|-unboost|p1a: Overqwil|atk|1
|move|p1a: Overqwil|Liquidation|p2a: Landorus
|-supereffective|p2a: Landorus
|-damage|p2a: Landorus|0 fnt
|faint|p2a: Landorus
|-damage|p1a: Overqwil|91/100|[from] item: Life Orb
|
|-weather|RainDance|[upkeep]
|upkeep
|
|t:|1743879049
|switch|p2a: Mandibuzz|Mandibuzz, F|100/100
|turn|16
|
|t:|1743879057
|-terastallize|p1a: Overqwil|Fairy
|move|p1a: Overqwil|Tera Blast|p2a: Mandibuzz|[anim] Tera Blast Fairy
|-supereffective|p2a: Mandibuzz
|-damage|p2a: Mandibuzz|58/100
|-damage|p1a: Overqwil|81/100|[from] item: Life Orb
|move|p2a: Mandibuzz|Foul Play|p1a: Overqwil
|-resisted|p1a: Overqwil
|-damage|p1a: Overqwil|65/100
|
|-weather|RainDance|[upkeep]
|upkeep
|turn|17
|
|t:|1743879070
|move|p1a: Overqwil|Tera Blast|p2a: Mandibuzz|[anim] Tera Blast Fairy
|-supereffective|p2a: Mandibuzz
|-damage|p2a: Mandibuzz|17/100
|-damage|p1a: Overqwil|55/100|[from] item: Life Orb
|move|p2a: Mandibuzz|Toxic|p1a: Overqwil
|-status|p1a: Overqwil|tox
|
|-weather|none
|-damage|p1a: Overqwil|49/100 tox|[from] psn
|upkeep
|turn|18
|
|t:|1743879083
|move|p1a: Overqwil|Tera Blast|p2a: Mandibuzz|[anim] Tera Blast Fairy
|-supereffective|p2a: Mandibuzz
|-damage|p2a: Mandibuzz|0 fnt
|faint|p2a: Mandibuzz
|-damage|p1a: Overqwil|39/100 tox|[from] item: Life Orb
|
|-damage|p1a: Overqwil|27/100 tox|[from] psn
|upkeep
|
|t:|1743879086
|switch|p2a: Entei|Entei|41/100
|turn|19
|
|t:|1743879090
|move|p2a: Entei|Sacred Fire|p1a: Overqwil
|-damage|p1a: Overqwil|0 fnt
|faint|p1a: Overqwil
|
|upkeep
|
|t:|1743879097
|switch|p1a: Greninja|Greninja, M|81/100
|turn|20
|
|t:|1743879105
|move|p1a: Greninja|Surf|p2a: Entei
|-supereffective|p2a: Entei
|-damage|p2a: Entei|0 fnt
|faint|p2a: Entei
|-ability|p1a: Greninja|Battle Bond|boost
|-boost|p1a: Greninja|atk|1
|-boost|p1a: Greninja|spa|1
|-boost|p1a: Greninja|spe|1
|-activate|p1a: Greninja|ability: Battle Bond
|-damage|p1a: Greninja|71/100|[from] item: Life Orb
|
|upkeep
|
|t:|1743879110
|switch|p2a: Torkoal|Torkoal, M|34/100
|-weather|SunnyDay|[from] ability: Drought|[of] p2a: Torkoal
|turn|21
|
|t:|1743879114
|switch|p1a: Pelipper|Pelipper, F|33/100
|-weather|RainDance|[from] ability: Drizzle|[of] p1a: Pelipper
|switch|p2a: Venusaur|Venusaur, M|82/100
|
|-weather|RainDance|[upkeep]
|upkeep
|turn|22
|
|t:|1743879120
|move|p2a: Venusaur|Giga Drain|p1a: Pelipper
|-damage|p1a: Pelipper|0 fnt
|-heal|p2a: Venusaur|99/100|[from] drain|[of] p1a: Pelipper
|faint|p1a: Pelipper
|-damage|p2a: Venusaur|89/100|[from] item: Life Orb
|
|-weather|RainDance|[upkeep]
|upkeep
|
|t:|1743879122
|switch|p1a: Greninja|Greninja, M|71/100
|turn|23
|
|t:|1743879131
|move|p1a: Greninja|Sludge Wave|p2a: Venusaur
|-damage|p2a: Venusaur|50/100
|-damage|p1a: Greninja|61/100|[from] item: Life Orb
|move|p2a: Venusaur|Giga Drain|p1a: Greninja
|-supereffective|p1a: Greninja
|-damage|p1a: Greninja|0 fnt
|-heal|p2a: Venusaur|77/100|[from] drain|[of] p1a: Greninja
|faint|p1a: Greninja
|-damage|p2a: Venusaur|67/100|[from] item: Life Orb
|
|-weather|RainDance|[upkeep]
|upkeep
|
|t:|1743879133
|switch|p1a: Clodsire|Clodsire, F|100/100
|turn|24
|
|t:|1743879144
|move|p2a: Venusaur|Giga Drain|p1a: Clodsire
|-damage|p1a: Clodsire|75/100
|-heal|p2a: Venusaur|85/100|[from] drain|[of] p1a: Clodsire
|-damage|p2a: Venusaur|75/100|[from] item: Life Orb
|move|p1a: Clodsire|Earthquake|p2a: Venusaur
|-damage|p2a: Venusaur|39/100
|
|-weather|RainDance|[upkeep]
|-heal|p1a: Clodsire|81/100|[from] item: Leftovers
|upkeep
|turn|25
|
|t:|1743879154
|move|p2a: Venusaur|Earth Power|p1a: Clodsire
|-supereffective|p1a: Clodsire
|-damage|p1a: Clodsire|42/100
|-unboost|p1a: Clodsire|spd|1
|-damage|p2a: Venusaur|29/100|[from] item: Life Orb
|move|p1a: Clodsire|Earthquake|p2a: Venusaur
|-damage|p2a: Venusaur|0 fnt
|faint|p2a: Venusaur
|
|-weather|RainDance|[upkeep]
|-heal|p1a: Clodsire|48/100|[from] item: Leftovers
|upkeep
|
|t:|1743879158
|switch|p2a: Torkoal|Torkoal, M|34/100
|-weather|SunnyDay|[from] ability: Drought|[of] p2a: Torkoal
|turn|26
|
|t:|1743879167
|move|p1a: Clodsire|Earthquake|p2a: Torkoal
|-supereffective|p2a: Torkoal
|-damage|p2a: Torkoal|0 fnt
|faint|p2a: Torkoal
|
|win|R0B0 R3X
|raw|R0B0 R3X's rating: 1382 &rarr; <strong>1399</strong><br />(+17 for winning)
|raw|MannuSOS's rating: 1325 &rarr; <strong>1308</strong><br />(-17 for losing)
|l|☆R0B0 R3X
|player|p1|
|l|☆MannuSOS
|player|p2|
