|j|☆nuke_site
|j|☆esteostrali
|t:|1743813993
|gametype|singles
|player|p1|nuke_site|benga|1487
|player|p2|esteostrali|dragontamer|1544
|teamsize|p1|6
|teamsize|p2|6
|gen|9
|tier|[Gen 9] OU
|rated|
|rule|HP Percentage Mod: HP is shown in percentages
|rule|Endless Battle Clause: Forcing endless battles is banned
|rule|Species Clause: Limit one of each Pokémon
|rule|OHKO Clause: OHKO moves are banned
|rule|Evasion Items Clause: Evasion items are banned
|rule|Evasion Moves Clause: Evasion moves are banned
|rule|Sleep Moves Clause: Sleep-inducing moves are banned
|clearpoke
|poke|p1|Gliscor, F|
|poke|p1|Gholdengo|
|poke|p1|Primarina, F|
|poke|p1|Muk-Alola, M|
|poke|p1|Zamazenta-*|
|poke|p1|Ting-Lu|
|poke|p2|Dragapult, M|
|poke|p2|Kingambit, M|
|poke|p2|Zapdos|
|poke|p2|Ogerpon-Wellspring, F|
|poke|p2|Iron Valiant|
|poke|p2|Samurott-Hisui, M|
|teampreview
|inactive|Battle timer is ON: inactive players will automatically lose when time's up. (requested by nuke_site)
|inactive|nuke_site has 120 seconds left.
|
|t:|1743814045
|start
|switch|p1a: icup|Muk-Alola, M|100/100
|switch|p2a: Samurott|Samurott-Hisui, M|100/100
|turn|1
|
|t:|1743814062
|switch|p2a: Zapdos|Zapdos|100/100
|move|p1a: icup|Poison Jab|p2a: Zapdos
|-damage|p2a: Zapdos|72/100
|
|upkeep
|turn|2
|
|t:|1743814067
|move|p2a: Zapdos|Hurricane|p1a: icup
|-damage|p1a: icup|62/100
|move|p1a: icup|Knock Off|p2a: Zapdos
|-damage|p2a: Zapdos|36/100
|-enditem|p2a: Zapdos|Heavy-Duty Boots|[from] move: Knock Off|[of] p1a: icup
|
|-heal|p1a: icup|68/100|[from] item: Leftovers
|upkeep
|turn|3
|
|t:|1743814073
|move|p2a: Zapdos|Roost|p2a: Zapdos
|-heal|p2a: Zapdos|86/100
|-singleturn|p2a: Zapdos|move: Roost
|move|p1a: icup|Poison Jab|p2a: Zapdos
|-damage|p2a: Zapdos|55/100
|
|-heal|p1a: icup|74/100|[from] item: Leftovers
|upkeep
|turn|4
|
|t:|1743814079
|move|p2a: Zapdos|Roost|p2a: Zapdos
|-heal|p2a: Zapdos|100/100
|-singleturn|p2a: Zapdos|move: Roost
|move|p1a: icup|Poison Jab|p2a: Zapdos
|-damage|p2a: Zapdos|73/100
|
|-heal|p1a: icup|80/100|[from] item: Leftovers
|upkeep
|turn|5
|
|t:|1743814082
|move|p2a: Zapdos|Thunder Wave|p1a: icup
|-status|p1a: icup|par
|move|p1a: icup|Poison Jab|p2a: Zapdos
|-damage|p2a: Zapdos|43/100
|
|-heal|p1a: icup|86/100 par|[from] item: Leftovers
|upkeep
|turn|6
|c|☆nuke_site|bro what is this
|
|t:|1743814088
|move|p2a: Zapdos|Roost|p2a: Zapdos
|-heal|p2a: Zapdos|93/100
|-singleturn|p2a: Zapdos|move: Roost
|move|p1a: icup|Poison Jab|p2a: Zapdos
|-crit|p2a: Zapdos
|-damage|p2a: Zapdos|50/100
|
|-heal|p1a: icup|92/100 par|[from] item: Leftovers
|upkeep
|turn|7
|c|☆nuke_site|bro
|c|☆esteostrali|Stop
|c|☆nuke_site|why is it not posioning
|
|t:|1743814107
|move|p2a: Zapdos|Roost|p2a: Zapdos
|-heal|p2a: Zapdos|99/100
|-singleturn|p2a: Zapdos|move: Roost
|move|p1a: icup|Poison Jab|p2a: Zapdos
|-damage|p2a: Zapdos|70/100
|
|-heal|p1a: icup|98/100 par|[from] item: Leftovers
|upkeep
|turn|8
|c|☆nuke_site|70% each time
|c|☆nuke_site|wtf
|
|t:|1743814132
|switch|p2a: Samurott|Samurott-Hisui, M|100/100
|cant|p1a: icup|par
|
|-heal|p1a: icup|100/100 par|[from] item: Leftovers
|upkeep
|turn|9
|
|t:|1743814137
|move|p2a: Samurott|Razor Shell|p1a: icup
|-damage|p1a: icup|51/100 par
|-unboost|p1a: icup|def|1
|move|p1a: icup|Poison Jab|p2a: Samurott
|-damage|p2a: Samurott|65/100
|-status|p2a: Samurott|psn
|
|-heal|p1a: icup|57/100 par|[from] item: Leftovers
|-damage|p2a: Samurott|53/100 psn|[from] psn
|upkeep
|turn|10
|
|t:|1743814145
|switch|p1a: Pitbull named|Primarina, F|100/100
|move|p2a: Samurott|Ceaseless Edge|p1a: Pitbull named
|-resisted|p1a: Pitbull named
|-damage|p1a: Pitbull named|70/100
|-sidestart|p1: nuke_site|Spikes
|
|-damage|p2a: Samurott|40/100 psn|[from] psn
|upkeep
|turn|11
|
|t:|1743814151
|move|p2a: Samurott|Ceaseless Edge|p1a: Pitbull named
|-resisted|p1a: Pitbull named
|-damage|p1a: Pitbull named|38/100
|-sidestart|p1: nuke_site|Spikes
|move|p1a: Pitbull named|Draining Kiss|p2a: Samurott
|-supereffective|p2a: Samurott
|-damage|p2a: Samurott|0 fnt
|-heal|p1a: Pitbull named|67/100|[from] drain|[of] p2a: Samurott
|faint|p2a: Samurott
|
|upkeep
|
|t:|1743814158
|switch|p2a: Zapdos|Zapdos|70/100
|turn|12
|
|t:|1743814164
|switch|p1a: rock lobster|Gliscor, F|100/100
|move|p2a: Zapdos|Thunderbolt|p1a: rock lobster
|-immune|p1a: rock lobster
|
|-status|p1a: rock lobster|tox|[from] item: Toxic Orb
|upkeep
|turn|13
|
|t:|1743814172
|move|p2a: Zapdos|Hurricane|p1a: rock lobster|[miss]
|-miss|p2a: Zapdos|p1a: rock lobster
|move|p1a: rock lobster|Stealth Rock|p2a: Zapdos
|-sidestart|p2: esteostrali|move: Stealth Rock
|
|upkeep
|turn|14
|
|t:|1743814187
|move|p1a: rock lobster|Protect|p1a: rock lobster
|-singleturn|p1a: rock lobster|Protect
|move|p2a: Zapdos|Hurricane|p1a: rock lobster
|-activate|p1a: rock lobster|move: Protect
|
|upkeep
|turn|15
|
|t:|1743814195
|move|p2a: Zapdos|Hurricane|p1a: rock lobster
|-damage|p1a: rock lobster|47/100 tox
|-start|p1a: rock lobster|confusion
|-activate|p1a: rock lobster|confusion
|move|p1a: rock lobster|Knock Off|p2a: Zapdos
|-damage|p2a: Zapdos|55/100
|
|-heal|p1a: rock lobster|60/100 tox|[from] ability: Poison Heal
|upkeep
|turn|16
|
|t:|1743814206
|switch|p2a: Iron Valiant|Iron Valiant|100/100
|-damage|p2a: Iron Valiant|94/100|[from] Stealth Rock
|-enditem|p2a: Iron Valiant|Booster Energy
|-activate|p2a: Iron Valiant|ability: Quark Drive|[fromitem]
|-start|p2a: Iron Valiant|quarkdrivespe
|switch|p1a: Bouling|Ting-Lu|100/100
|-damage|p1a: Bouling|84/100|[from] Spikes
|-ability|p1a: Bouling|Vessel of Ruin
|
|-heal|p1a: Bouling|90/100|[from] item: Leftovers
|upkeep
|turn|17
|
|t:|1743814215
|move|p2a: Iron Valiant|Moonblast|p1a: Bouling
|-supereffective|p1a: Bouling
|-damage|p1a: Bouling|54/100
|move|p1a: Bouling|Earthquake|p2a: Iron Valiant
|-damage|p2a: Iron Valiant|45/100
|
|-heal|p1a: Bouling|60/100|[from] item: Leftovers
|upkeep
|turn|18
|
|t:|1743814228
|-end|p2a: Iron Valiant|Quark Drive|[silent]
|switch|p2a: Zapdos|Zapdos|55/100
|-damage|p2a: Zapdos|30/100|[from] Stealth Rock
|move|p1a: Bouling|Earthquake|p2a: Zapdos
|-immune|p2a: Zapdos
|
|-heal|p1a: Bouling|66/100|[from] item: Leftovers
|upkeep
|turn|19
|
|t:|1743814232
|move|p2a: Zapdos|Roost|p2a: Zapdos
|-heal|p2a: Zapdos|80/100
|-singleturn|p2a: Zapdos|move: Roost
|move|p1a: Bouling|Spikes|p2a: Zapdos
|-sidestart|p2: esteostrali|Spikes
|
|-heal|p1a: Bouling|73/100|[from] item: Leftovers
|upkeep
|turn|20
|
|t:|1743814235
|move|p2a: Zapdos|Hurricane|p1a: Bouling|[miss]
|-miss|p2a: Zapdos|p1a: Bouling
|move|p1a: Bouling|Spikes|p2a: Zapdos
|-sidestart|p2: esteostrali|Spikes
|
|-heal|p1a: Bouling|79/100|[from] item: Leftovers
|upkeep
|turn|21
|
|t:|1743814238
|move|p2a: Zapdos|Hurricane|p1a: Bouling|[miss]
|-miss|p2a: Zapdos|p1a: Bouling
|move|p1a: Bouling|Ruination|p2a: Zapdos
|-damage|p2a: Zapdos|40/100
|
|-heal|p1a: Bouling|85/100|[from] item: Leftovers
|upkeep
|turn|22
|
|t:|1743814240
|move|p2a: Zapdos|Hurricane|p1a: Bouling|[miss]
|-miss|p2a: Zapdos|p1a: Bouling
|move|p1a: Bouling|Spikes|p2a: Zapdos
|-sidestart|p2: esteostrali|Spikes
|
|-heal|p1a: Bouling|91/100|[from] item: Leftovers
|upkeep
|turn|23
|c|☆esteostrali|Lol
|c|☆esteostrali|GLiscor dinglu definitly you don't know play
|inactive|nuke_site has 120 seconds left.
|
|t:|1743814272
|move|p2a: Zapdos|Hurricane|p1a: Bouling
|-damage|p1a: Bouling|65/100
|move|p1a: Bouling|Earthquake|p2a: Zapdos
|-immune|p2a: Zapdos
|
|-heal|p1a: Bouling|71/100|[from] item: Leftovers
|upkeep
|turn|24
|
|t:|1743814279
|move|p2a: Zapdos|Hurricane|p1a: Bouling
|-damage|p1a: Bouling|45/100
|-start|p1a: Bouling|confusion
|-activate|p1a: Bouling|confusion
|-damage|p1a: Bouling|40/100|[from] confusion
|
|-heal|p1a: Bouling|46/100|[from] item: Leftovers
|upkeep
|turn|25
|
|t:|1743814289
|switch|p1a: get ur $ up|Gholdengo|100/100
|-item|p1a: get ur $ up|Air Balloon
|move|p2a: Zapdos|Roost|p2a: Zapdos
|-heal|p2a: Zapdos|91/100
|-singleturn|p2a: Zapdos|move: Roost
|
|upkeep
|turn|26
|
|t:|1743814294
|move|p2a: Zapdos|Thunderbolt|p1a: get ur $ up
|-damage|p1a: get ur $ up|53/100
|-status|p1a: get ur $ up|par
|-enditem|p1a: get ur $ up|Air Balloon
|cant|p1a: get ur $ up|par
|
|upkeep
|turn|27
|c|☆nuke_site|ok
|
|t:|1743814301
|switch|p1a: rock lobster|Gliscor, F|60/100 tox
|move|p2a: Zapdos|Thunderbolt|p1a: rock lobster
|-immune|p1a: rock lobster
|
|-heal|p1a: rock lobster|72/100 tox|[from] ability: Poison Heal
|upkeep
|turn|28
|inactive|nuke_site has 120 seconds left.
|
|t:|1743814332
|switch|p2a: Iron Valiant|Iron Valiant|45/100
|-damage|p2a: Iron Valiant|39/100|[from] Stealth Rock
|-damage|p2a: Iron Valiant|14/100|[from] Spikes
|move|p1a: rock lobster|Protect||[still]
|-fail|p1a: rock lobster
|
|-heal|p1a: rock lobster|85/100 tox|[from] ability: Poison Heal
|upkeep
|turn|29
|
|t:|1743814338
|move|p2a: Iron Valiant|Calm Mind|p2a: Iron Valiant
|-boost|p2a: Iron Valiant|spa|1
|-boost|p2a: Iron Valiant|spd|1
|move|p1a: rock lobster|Earthquake|p2a: Iron Valiant
|-damage|p2a: Iron Valiant|0 fnt
|faint|p2a: Iron Valiant
|-end|p2a: Iron Valiant|Quark Drive|[silent]
|
|-heal|p1a: rock lobster|97/100 tox|[from] ability: Poison Heal
|upkeep
|c|☆nuke_site|are u bad and hacking?
|
|t:|1743814347
|switch|p2a: Ogerpon|Ogerpon-Wellspring, F|100/100
|-damage|p2a: Ogerpon|88/100|[from] Stealth Rock
|-damage|p2a: Ogerpon|63/100|[from] Spikes
|turn|30
|
|t:|1743814361
|switch|p1a: Princess|Zamazenta|100/100
|-ability|p1a: Princess|Dauntless Shield|boost
|-boost|p1a: Princess|def|1
|move|p2a: Ogerpon|Swords Dance|p2a: Ogerpon
|-boost|p2a: Ogerpon|atk|2
|
|upkeep
|turn|31
|
|t:|1743814367
|move|p1a: Princess|Body Press|p2a: Ogerpon
|-damage|p2a: Ogerpon|0 fnt
|faint|p2a: Ogerpon
|
|upkeep
|
|t:|1743814371
|switch|p2a: Dragapult|Dragapult, M|100/100
|-damage|p2a: Dragapult|88/100|[from] Stealth Rock
|-damage|p2a: Dragapult|63/100|[from] Spikes
|turn|32
|
|t:|1743814375
|move|p2a: Dragapult|Shadow Ball|p1a: Princess
|-damage|p1a: Princess|60/100
|move|p1a: Princess|Crunch|p2a: Dragapult
|-supereffective|p2a: Dragapult
|-damage|p2a: Dragapult|5/100
|
|upkeep
|turn|33
|
|t:|1743814378
|move|p2a: Dragapult|Shadow Ball|p1a: Princess
|-damage|p1a: Princess|19/100
|move|p1a: Princess|Crunch|p2a: Dragapult
|-supereffective|p2a: Dragapult
|-crit|p2a: Dragapult
|-damage|p2a: Dragapult|0 fnt
|faint|p2a: Dragapult
|
|upkeep
|c|☆esteostrali|Je peux tellement rien faire
|
|t:|1743814388
|switch|p2a: Zapdos|Zapdos|91/100
|-damage|p2a: Zapdos|66/100|[from] Stealth Rock
|turn|34
|c|☆nuke_site|sus mein beit
|c|☆esteostrali|Une vrai ye m de pd qui pre'd pas de risques
|n|‽esteostrali|esteostrali
|c|~|/log esteostrali was locked from talking by Artemis. (☆esteostrali: Une vrai ye m de pd qui pre'd pas de risques)
|c|~|/raw <small>This action was done automatically. Want to learn more about the AI? <a href="https://www.smogon.com/forums/threads/3570628/#post-9056769">Visit the information thread</a>.</small>
|inactive|nuke_site has 120 seconds left.
|inactive|nuke_site has 90 seconds left.
|
|t:|1743814450
|switch|p1a: rock lobster|Gliscor, F|97/100 tox
|move|p2a: Zapdos|Hurricane|p1a: rock lobster
|-damage|p1a: rock lobster|48/100 tox
|
|-heal|p1a: rock lobster|60/100 tox|[from] ability: Poison Heal
|upkeep
|turn|35
|
|t:|1743814461
|move|p1a: rock lobster|Protect|p1a: rock lobster
|-singleturn|p1a: rock lobster|Protect
|move|p2a: Zapdos|Hurricane|p1a: rock lobster
|-activate|p1a: rock lobster|move: Protect
|
|-heal|p1a: rock lobster|73/100 tox|[from] ability: Poison Heal
|upkeep
|turn|36
|
|t:|1743814468
|switch|p1a: get ur $ up|Gholdengo|53/100 par
|-damage|p1a: get ur $ up|36/100 par|[from] Spikes
|move|p2a: Zapdos|Hurricane|p1a: get ur $ up|[miss]
|-miss|p2a: Zapdos|p1a: get ur $ up
|
|upkeep
|turn|37
|
|t:|1743814472
|move|p2a: Zapdos|Roost|p2a: Zapdos
|-heal|p2a: Zapdos|100/100
|-singleturn|p2a: Zapdos|move: Roost
|move|p1a: get ur $ up|Recover|p1a: get ur $ up
|-heal|p1a: get ur $ up|86/100 par
|
|upkeep
|turn|38
|inactive|nuke_site has 120 seconds left.
|
|t:|1743814479
|move|p2a: Zapdos|Thunderbolt|p1a: get ur $ up
|-damage|p1a: get ur $ up|37/100 par
|move|p1a: get ur $ up|Hex|p2a: Zapdos
|-damage|p2a: Zapdos|73/100
|
|upkeep
|turn|39
|
|t:|1743814485
|move|p2a: Zapdos|Hurricane|p1a: get ur $ up
|-resisted|p1a: get ur $ up
|-damage|p1a: get ur $ up|7/100 par
|move|p1a: get ur $ up|Recover|p1a: get ur $ up
|-heal|p1a: get ur $ up|57/100 par
|
|upkeep
|turn|40
|
|t:|1743814488
|move|p2a: Zapdos|Thunderbolt|p1a: get ur $ up
|-damage|p1a: get ur $ up|10/100 par
|move|p1a: get ur $ up|Recover|p1a: get ur $ up
|-heal|p1a: get ur $ up|60/100 par
|
|upkeep
|turn|41
|
|t:|1743814491
|move|p2a: Zapdos|Thunderbolt|p1a: get ur $ up
|-damage|p1a: get ur $ up|12/100 par
|move|p1a: get ur $ up|Recover|p1a: get ur $ up
|-heal|p1a: get ur $ up|62/100 par
|
|upkeep
|turn|42
|
|t:|1743814493
|move|p2a: Zapdos|Thunderbolt|p1a: get ur $ up
|-damage|p1a: get ur $ up|15/100 par
|move|p1a: get ur $ up|Recover|p1a: get ur $ up
|-heal|p1a: get ur $ up|65/100 par
|
|upkeep
|turn|43
|
|t:|1743814496
|move|p2a: Zapdos|Thunderbolt|p1a: get ur $ up
|-damage|p1a: get ur $ up|16/100 par
|move|p1a: get ur $ up|Recover|p1a: get ur $ up
|-heal|p1a: get ur $ up|66/100 par
|
|upkeep
|turn|44
|
|t:|1743814498
|move|p2a: Zapdos|Thunderbolt|p1a: get ur $ up
|-damage|p1a: get ur $ up|17/100 par
|move|p1a: get ur $ up|Recover|p1a: get ur $ up
|-heal|p1a: get ur $ up|67/100 par
|
|upkeep
|turn|45
|
|t:|1743814500
|move|p2a: Zapdos|Thunderbolt|p1a: get ur $ up
|-damage|p1a: get ur $ up|18/100 par
|cant|p1a: get ur $ up|par
|
|upkeep
|turn|46
|
|t:|1743814506
|switch|p1a: Bouling|Ting-Lu|46/100
|-damage|p1a: Bouling|30/100|[from] Spikes
|-ability|p1a: Bouling|Vessel of Ruin
|move|p2a: Zapdos|Thunderbolt|p1a: Bouling
|-immune|p1a: Bouling
|
|-heal|p1a: Bouling|36/100|[from] item: Leftovers
|upkeep
|turn|47
|
|t:|1743814509
|move|p2a: Zapdos|Hurricane|p1a: Bouling
|-damage|p1a: Bouling|12/100
|move|p1a: Bouling|Ruination|p2a: Zapdos
|-damage|p2a: Zapdos|37/100
|
|-heal|p1a: Bouling|18/100|[from] item: Leftovers
|upkeep
|turn|48
|
|t:|1743814515
|move|p2a: Zapdos|Hurricane|p1a: Bouling
|-damage|p1a: Bouling|0 fnt
|faint|p1a: Bouling
|
|upkeep
|
|t:|1743814520
|switch|p1a: icup|Muk-Alola, M|57/100 par
|-damage|p1a: icup|41/100 par|[from] Spikes
|turn|49
|
|t:|1743814528
|move|p2a: Zapdos|Roost|p2a: Zapdos
|-heal|p2a: Zapdos|87/100
|-singleturn|p2a: Zapdos|move: Roost
|move|p1a: icup|Rest|p1a: icup
|-status|p1a: icup|slp|[from] move: Rest
|-heal|p1a: icup|100/100 slp|[silent]
|
|upkeep
|turn|50
|
|t:|1743814531
|move|p2a: Zapdos|Thunderbolt|p1a: icup
|-crit|p1a: icup
|-damage|p1a: icup|58/100 slp
|cant|p1a: icup|slp
|move|p1a: icup|Sleep Talk|p1a: icup
|move|p1a: icup|Knock Off|p2a: Zapdos|[from] move: Sleep Talk
|-damage|p2a: Zapdos|64/100
|
|-heal|p1a: icup|65/100 slp|[from] item: Leftovers
|upkeep
|turn|51
|
|t:|1743814534
|move|p2a: Zapdos|Thunderbolt|p1a: icup
|-damage|p1a: icup|35/100 slp
|cant|p1a: icup|slp
|move|p1a: icup|Sleep Talk|p1a: icup
|move|p1a: icup|Poison Jab|p2a: Zapdos|[from] move: Sleep Talk
|-damage|p2a: Zapdos|35/100
|-status|p2a: Zapdos|psn
|
|-heal|p1a: icup|41/100 slp|[from] item: Leftovers
|-damage|p2a: Zapdos|23/100 psn|[from] psn
|upkeep
|turn|52
|
|t:|1743814537
|move|p2a: Zapdos|Thunderbolt|p1a: icup
|-damage|p1a: icup|11/100 slp
|-curestatus|p1a: icup|slp|[msg]
|move|p1a: icup|Rest|p1a: icup
|-status|p1a: icup|slp|[from] move: Rest
|-heal|p1a: icup|100/100 slp|[silent]
|
|-damage|p2a: Zapdos|10/100 psn|[from] psn
|upkeep
|turn|53
|
|t:|1743814540
|move|p2a: Zapdos|Hurricane|p1a: icup|[miss]
|-miss|p2a: Zapdos|p1a: icup
|cant|p1a: icup|slp
|move|p1a: icup|Sleep Talk|p1a: icup
|move|p1a: icup|Poison Jab|p2a: Zapdos|[from] move: Sleep Talk
|-crit|p2a: Zapdos
|-damage|p2a: Zapdos|0 fnt
|faint|p2a: Zapdos
|
|upkeep
|
|t:|1743814542
|switch|p2a: Kingambit|Kingambit, M|100/100
|-damage|p2a: Kingambit|94/100|[from] Stealth Rock
|-damage|p2a: Kingambit|69/100|[from] Spikes
|-activate|p2a: Kingambit|ability: Supreme Overlord
|-start|p2a: Kingambit|fallen5|[silent]
|turn|54
|
|t:|1743814550
|switch|p1a: rock lobster|Gliscor, F|73/100 tox
|move|p2a: Kingambit|Swords Dance|p2a: Kingambit
|-boost|p2a: Kingambit|atk|2
|
|-heal|p2a: Kingambit|75/100|[from] item: Leftovers
|-heal|p1a: rock lobster|85/100 tox|[from] ability: Poison Heal
|upkeep
|turn|55
|
|t:|1743814559
|move|p1a: rock lobster|Earthquake|p2a: Kingambit
|-supereffective|p2a: Kingambit
|-damage|p2a: Kingambit|25/100
|move|p2a: Kingambit|Swords Dance|p2a: Kingambit
|-boost|p2a: Kingambit|atk|2
|
|-heal|p2a: Kingambit|31/100|[from] item: Leftovers
|-heal|p1a: rock lobster|98/100 tox|[from] ability: Poison Heal
|upkeep
|turn|56
|
|t:|1743814563
|move|p1a: rock lobster|Protect|p1a: rock lobster
|-singleturn|p1a: rock lobster|Protect
|move|p2a: Kingambit|Sucker Punch||[still]
|-fail|p2a: Kingambit
|
|-heal|p2a: Kingambit|37/100|[from] item: Leftovers
|-heal|p1a: rock lobster|100/100 tox|[from] ability: Poison Heal
|upkeep
|turn|57
|
|t:|1743814566
|move|p2a: Kingambit|Sucker Punch|p1a: rock lobster
|-damage|p1a: rock lobster|0 fnt
|faint|p1a: rock lobster
|
|-heal|p2a: Kingambit|43/100|[from] item: Leftovers
|upkeep
|
|t:|1743814569
|switch|p1a: icup|Muk-Alola, M|100/100 slp
|-damage|p1a: icup|84/100 slp|[from] Spikes
|turn|58
|
|t:|1743814575
|cant|p1a: icup|slp
|move|p1a: icup|Sleep Talk|p1a: icup
|move|p1a: icup|Knock Off|p2a: Kingambit|[from] move: Sleep Talk
|-resisted|p2a: Kingambit
|-damage|p2a: Kingambit|30/100
|-enditem|p2a: Kingambit|Leftovers|[from] move: Knock Off|[of] p1a: icup
|move|p2a: Kingambit|Low Kick|p1a: icup
|-damage|p1a: icup|0 fnt
|faint|p1a: icup
|
|upkeep
|
|t:|1743814581
|switch|p1a: get ur $ up|Gholdengo|18/100 par
|-damage|p1a: get ur $ up|2/100 par|[from] Spikes
|turn|59
|
|t:|1743814584
|move|p2a: Kingambit|Kowtow Cleave|p1a: get ur $ up
|-supereffective|p1a: get ur $ up
|-damage|p1a: get ur $ up|0 fnt
|faint|p1a: get ur $ up
|
|upkeep
|
|t:|1743814587
|switch|p1a: Pitbull named|Primarina, F|67/100
|turn|60
|
|t:|1743814599
|-terastallize|p1a: Pitbull named|Steel
|move|p1a: Pitbull named|Draining Kiss|p2a: Kingambit
|-damage|p2a: Kingambit|2/100
|-heal|p1a: Pitbull named|94/100|[from] drain|[of] p2a: Kingambit
|move|p2a: Kingambit|Kowtow Cleave|p1a: Pitbull named
|-damage|p1a: Pitbull named|0 fnt
|faint|p1a: Pitbull named
|
|upkeep
|
|t:|1743814603
|switch|p1a: Princess|Zamazenta|19/100
|turn|61
|
|t:|1743814608
|move|p2a: Kingambit|Sucker Punch||[still]
|-fail|p2a: Kingambit
|move|p1a: Princess|Iron Defense|p1a: Princess
|-boost|p1a: Princess|def|2
|
|upkeep
|turn|62
|
|t:|1743814616
|move|p1a: Princess|Body Press|p2a: Kingambit
|-supereffective|p2a: Kingambit
|-damage|p2a: Kingambit|0 fnt
|faint|p2a: Kingambit
|-end|p2a: Kingambit|fallen5|[silent]
|
|win|nuke_site
