|j|☆quetzuma
|j|☆yungbanjostrap
|t:|1743866808
|gametype|singles
|player|p1|quetzuma|swimmer-gen4dp|1433
|player|p2|yungbanjostrap|1|1564
|teamsize|p1|6
|teamsize|p2|6
|gen|9
|tier|[Gen 9] OU
|rated|
|rule|HP Percentage Mod: HP is shown in percentages
|rule|Endless Battle Clause: Forcing endless battles is banned
|rule|Species Clause: Limit one of each Pokémon
|rule|OHKO Clause: OHKO moves are banned
|rule|Evasion Items Clause: Evasion items are banned
|rule|Evasion Moves Clause: Evasion moves are banned
|rule|Sleep Moves Clause: Sleep-inducing moves are banned
|clearpoke
|poke|p1|Quaquaval, M|
|poke|p1|Cinderace, M|
|poke|p1|Ting-Lu|
|poke|p1|Deoxys-Defense|
|poke|p1|Skarmory, F|
|poke|p1|Dragapult, M|
|poke|p2|Clefable, F|
|poke|p2|Pecharunt|
|poke|p2|Ogerpon-Wellspring, F|
|poke|p2|Great Tusk|
|poke|p2|Tornadus-Therian, M|
|poke|p2|Kingambit, F|
|teampreview
|inactive|Battle timer is ON: inactive players will automatically lose when time's up. (requested by quetzuma)
|
|t:|1743866831
|start
|switch|p1a: Deoxys|Deoxys-Defense|100/100
|switch|p2a: Clefable|Clefable, F|100/100
|-ability|p1a: Deoxys|Pressure
|turn|1
|
|t:|1743866838
|move|p1a: Deoxys|Thunder Wave|p2a: Clefable|[miss]
|-miss|p1a: Deoxys|p2a: Clefable
|move|p2a: Clefable|Calm Mind|p2a: Clefable
|-boost|p2a: Clefable|spa|1
|-boost|p2a: Clefable|spd|1
|
|upkeep
|turn|2
|
|t:|1743866841
|move|p1a: Deoxys|Knock Off|p2a: Clefable
|-resisted|p2a: Clefable
|-damage|p2a: Clefable|94/100
|-enditem|p2a: Clefable|Life Orb|[from] move: Knock Off|[of] p1a: Deoxys
|move|p2a: Clefable|Calm Mind|p2a: Clefable
|-boost|p2a: Clefable|spa|1
|-boost|p2a: Clefable|spd|1
|
|upkeep
|turn|3
|
|t:|1743866844
|move|p1a: Deoxys|Thunder Wave|p2a: Clefable
|-status|p2a: Clefable|par
|move|p2a: Clefable|Calm Mind|p2a: Clefable
|-boost|p2a: Clefable|spa|1
|-boost|p2a: Clefable|spd|1
|
|upkeep
|turn|4
|
|t:|1743866848
|move|p1a: Deoxys|Night Shade|p2a: Clefable
|-damage|p2a: Clefable|69/100 par
|move|p2a: Clefable|Moonblast|p1a: Deoxys
|-damage|p1a: Deoxys|56/100
|
|-heal|p1a: Deoxys|62/100|[from] item: Leftovers
|upkeep
|turn|5
|
|t:|1743866855
|move|p1a: Deoxys|Night Shade|p2a: Clefable
|-damage|p2a: Clefable|44/100 par
|move|p2a: Clefable|Moonlight|p2a: Clefable
|-heal|p2a: Clefable|93/100 par
|
|-heal|p1a: Deoxys|69/100|[from] item: Leftovers
|upkeep
|turn|6
|
|t:|1743866859
|move|p1a: Deoxys|Night Shade|p2a: Clefable
|-damage|p2a: Clefable|68/100 par
|cant|p2a: Clefable|par
|
|-heal|p1a: Deoxys|75/100|[from] item: Leftovers
|upkeep
|turn|7
|
|t:|1743866863
|move|p1a: Deoxys|Night Shade|p2a: Clefable
|-damage|p2a: Clefable|42/100 par
|move|p2a: Clefable|Moonlight|p2a: Clefable
|-heal|p2a: Clefable|92/100 par
|
|-heal|p1a: Deoxys|81/100|[from] item: Leftovers
|upkeep
|turn|8
|
|t:|1743866868
|move|p1a: Deoxys|Night Shade|p2a: Clefable
|-damage|p2a: Clefable|67/100 par
|move|p2a: Clefable|Moonblast|p1a: Deoxys
|-damage|p1a: Deoxys|32/100
|
|-heal|p1a: Deoxys|38/100|[from] item: Leftovers
|upkeep
|turn|9
|
|t:|1743866874
|move|p1a: Deoxys|Recover|p1a: Deoxys
|-heal|p1a: Deoxys|88/100
|cant|p2a: Clefable|par
|
|-heal|p1a: Deoxys|94/100|[from] item: Leftovers
|upkeep
|turn|10
|
|t:|1743866878
|switch|p1a: Cinderace|Cinderace, M|100/100
|move|p2a: Clefable|Moonlight|p2a: Clefable
|-heal|p2a: Clefable|100/100 par
|
|upkeep
|turn|11
|
|t:|1743866882
|move|p1a: Cinderace|Pyro Ball|p2a: Clefable
|-damage|p2a: Clefable|56/100 par
|move|p2a: Clefable|Thunderbolt|p1a: Cinderace
|-damage|p1a: Cinderace|27/100
|
|upkeep
|turn|12
|
|t:|1743866888
|switch|p2a: Great Tusk|Great Tusk|100/100
|move|p1a: Cinderace|Pyro Ball|p2a: Great Tusk
|-damage|p2a: Great Tusk|45/100
|
|upkeep
|turn|13
|
|t:|1743866897
|-end|p2a: Great Tusk|Protosynthesis|[silent]
|switch|p2a: Tornadus|Tornadus-Therian, M|100/100
|move|p1a: Cinderace|Pyro Ball|p2a: Tornadus
|-damage|p2a: Tornadus|10/100
|
|upkeep
|turn|14
|
|t:|1743866903
|switch|p1a: Skarmory|Skarmory, F|100/100
|move|p2a: Tornadus|Bleakwind Storm|p1a: Skarmory
|-resisted|p1a: Skarmory
|-damage|p1a: Skarmory|77/100
|
|upkeep
|turn|15
|
|t:|1743866915
|switch|p2a: Clefable|Clefable, F|56/100 par
|switch|p1a: Cinderace|Cinderace, M|27/100
|
|upkeep
|turn|16
|
|t:|1743866923
|switch|p2a: Pecharunt|Pecharunt|100/100
|move|p1a: Cinderace|Pyro Ball|p2a: Pecharunt
|-crit|p2a: Pecharunt
|-damage|p2a: Pecharunt|17/100
|
|upkeep
|turn|17
|
|t:|1743866940
|move|p1a: Cinderace|Pyro Ball|p2a: Pecharunt|[miss]
|-miss|p1a: Cinderace|p2a: Pecharunt
|move|p2a: Pecharunt|Malignant Chain|p1a: Cinderace
|-damage|p1a: Cinderace|0 fnt
|faint|p1a: Cinderace
|
|upkeep
|
|t:|1743866945
|switch|p1a: Dragapult|Dragapult, M|100/100
|turn|18
|
|t:|1743866952
|move|p1a: Dragapult|Dragon Darts|p2a: Pecharunt
|-damage|p2a: Pecharunt|4/100
|-anim|p1a: Dragapult|Dragon Darts|p2a: Pecharunt
|-crit|p2a: Pecharunt
|-damage|p2a: Pecharunt|0 fnt
|faint|p2a: Pecharunt
|
|upkeep
|
|t:|1743866966
|switch|p2a: Ogerpon|Ogerpon-Wellspring, F|100/100
|turn|19
|
|t:|1743866981
|move|p1a: Dragapult|Will-O-Wisp|p2a: Ogerpon
|-status|p2a: Ogerpon|brn
|move|p2a: Ogerpon|Spikes|p1a: Dragapult
|-sidestart|p1: quetzuma|Spikes
|
|-damage|p2a: Ogerpon|94/100 brn|[from] brn
|upkeep
|turn|20
|
|t:|1743866985
|move|p1a: Dragapult|Dragon Darts|p2a: Ogerpon
|-damage|p2a: Ogerpon|69/100 brn
|-anim|p1a: Dragapult|Dragon Darts|p2a: Ogerpon
|-damage|p2a: Ogerpon|46/100 brn
|move|p2a: Ogerpon|Spikes|p1a: Dragapult
|-sidestart|p1: quetzuma|Spikes
|
|-damage|p2a: Ogerpon|40/100 brn|[from] brn
|upkeep
|turn|21
|
|t:|1743866987
|move|p1a: Dragapult|Dragon Darts|p2a: Ogerpon
|-damage|p2a: Ogerpon|17/100 brn
|-anim|p1a: Dragapult|Dragon Darts|p2a: Ogerpon
|-damage|p2a: Ogerpon|0 fnt
|faint|p2a: Ogerpon
|
|upkeep
|
|t:|1743866989
|switch|p2a: Clefable|Clefable, F|56/100 par
|turn|22
|
|t:|1743866992
|move|p1a: Dragapult|Hex|p2a: Clefable
|-damage|p2a: Clefable|3/100 par
|move|p2a: Clefable|Moonblast|p1a: Dragapult
|-supereffective|p1a: Dragapult
|-damage|p1a: Dragapult|4/100
|
|upkeep
|turn|23
|
|t:|1743866997
|move|p1a: Dragapult|Hex|p2a: Clefable
|-damage|p2a: Clefable|0 fnt
|faint|p2a: Clefable
|
|upkeep
|
|t:|1743867004
|switch|p2a: Great Tusk|Great Tusk|45/100
|turn|24
|
|t:|1743867009
|move|p1a: Dragapult|Hex|p2a: Great Tusk
|-damage|p2a: Great Tusk|9/100
|move|p2a: Great Tusk|Knock Off|p1a: Dragapult
|-supereffective|p1a: Dragapult
|-damage|p1a: Dragapult|0 fnt
|-enditem|p1a: Dragapult|Heavy-Duty Boots|[from] move: Knock Off|[of] p2a: Great Tusk
|faint|p1a: Dragapult
|
|upkeep
|
|t:|1743867012
|switch|p1a: Quaquaval|Quaquaval, M|100/100
|-damage|p1a: Quaquaval|84/100|[from] Spikes
|turn|25
|
|t:|1743867015
|move|p2a: Great Tusk|Headlong Rush|p1a: Quaquaval
|-damage|p1a: Quaquaval|14/100
|-unboost|p2a: Great Tusk|def|1
|-unboost|p2a: Great Tusk|spd|1
|move|p1a: Quaquaval|Aqua Step|p2a: Great Tusk
|-supereffective|p2a: Great Tusk
|-damage|p2a: Great Tusk|0 fnt
|-boost|p1a: Quaquaval|spe|1
|faint|p2a: Great Tusk
|-end|p2a: Great Tusk|Protosynthesis|[silent]
|-ability|p1a: Quaquaval|Moxie|boost
|-boost|p1a: Quaquaval|atk|1
|
|upkeep
|
|t:|1743867022
|switch|p2a: Kingambit|Kingambit, F|100/100
|-activate|p2a: Kingambit|ability: Supreme Overlord
|-start|p2a: Kingambit|fallen4|[silent]
|turn|26
|
|t:|1743867025
|move|p2a: Kingambit|Sucker Punch||[still]
|-fail|p2a: Kingambit
|move|p1a: Quaquaval|Roost|p1a: Quaquaval
|-heal|p1a: Quaquaval|64/100
|-singleturn|p1a: Quaquaval|move: Roost
|
|upkeep
|turn|27
|
|t:|1743867030
|-terastallize|p2a: Kingambit|Fighting
|move|p1a: Quaquaval|Close Combat|p2a: Kingambit
|-damage|p2a: Kingambit|33/100
|-unboost|p1a: Quaquaval|def|1
|-unboost|p1a: Quaquaval|spd|1
|move|p2a: Kingambit|Swords Dance|p2a: Kingambit
|-boost|p2a: Kingambit|atk|2
|
|-heal|p2a: Kingambit|39/100|[from] item: Leftovers
|upkeep
|turn|28
|
|t:|1743867038
|move|p1a: Quaquaval|Roost|p1a: Quaquaval
|-heal|p1a: Quaquaval|100/100
|-singleturn|p1a: Quaquaval|move: Roost
|move|p2a: Kingambit|Low Kick|p1a: Quaquaval
|-damage|p1a: Quaquaval|0 fnt
|faint|p1a: Quaquaval
|
|-heal|p2a: Kingambit|45/100|[from] item: Leftovers
|upkeep
|
|t:|1743867040
|switch|p1a: Skarmory|Skarmory, F|77/100
|turn|29
|
|t:|1743867044
|move|p1a: Skarmory|Body Press|p2a: Kingambit
|-crit|p2a: Kingambit
|-damage|p2a: Kingambit|10/100
|move|p2a: Kingambit|Low Kick|p1a: Skarmory
|-damage|p1a: Skarmory|4/100
|-damage|p2a: Kingambit|0 fnt|[from] item: Rocky Helmet|[of] p1a: Skarmory
|faint|p2a: Kingambit
|-end|p2a: Kingambit|fallen4|[silent]
|
|upkeep
|
|t:|1743867051
|switch|p2a: Tornadus|Tornadus-Therian, M|44/100
|turn|30
|
|t:|1743867054
|switch|p1a: Deoxys|Deoxys-Defense|94/100
|-damage|p1a: Deoxys|78/100|[from] Spikes
|-ability|p1a: Deoxys|Pressure
|move|p2a: Tornadus|Bleakwind Storm|p1a: Deoxys
|-crit|p1a: Deoxys
|-damage|p1a: Deoxys|47/100
|
|-heal|p1a: Deoxys|53/100|[from] item: Leftovers
|upkeep
|turn|31
|
|t:|1743867062
|move|p2a: Tornadus|Taunt|p1a: Deoxys
|-start|p1a: Deoxys|move: Taunt
|cant|p1a: Deoxys|move: Taunt|Thunder Wave
|
|-heal|p1a: Deoxys|60/100|[from] item: Leftovers
|upkeep
|turn|32
|
|t:|1743867065
|move|p2a: Tornadus|Knock Off|p1a: Deoxys
|-supereffective|p1a: Deoxys
|-damage|p1a: Deoxys|24/100
|-enditem|p1a: Deoxys|Leftovers|[from] move: Knock Off|[of] p2a: Tornadus
|move|p1a: Deoxys|Night Shade|p2a: Tornadus
|-damage|p2a: Tornadus|16/100
|
|upkeep
|turn|33
|
|t:|1743867071
|switch|p1a: Skarmory|Skarmory, F|4/100
|move|p2a: Tornadus|Bleakwind Storm|p1a: Skarmory
|-resisted|p1a: Skarmory
|-damage|p1a: Skarmory|0 fnt
|faint|p1a: Skarmory
|
|upkeep
|
|t:|1743867073
|switch|p1a: Ting-Lu|Ting-Lu|100/100
|-damage|p1a: Ting-Lu|84/100|[from] Spikes
|-ability|p1a: Ting-Lu|Vessel of Ruin
|turn|34
|
|t:|1743867078
|move|p2a: Tornadus|U-turn|p1a: Ting-Lu
|-supereffective|p1a: Ting-Lu
|-damage|p1a: Ting-Lu|72/100
|move|p1a: Ting-Lu|Ruination|p2a: Tornadus
|-damage|p2a: Tornadus|8/100
|
|-heal|p1a: Ting-Lu|78/100|[from] item: Leftovers
|upkeep
|turn|35
|
|t:|1743867083
|move|p2a: Tornadus|Knock Off|p1a: Ting-Lu
|-resisted|p1a: Ting-Lu
|-damage|p1a: Ting-Lu|73/100
|-enditem|p1a: Ting-Lu|Leftovers|[from] move: Knock Off|[of] p2a: Tornadus
|move|p1a: Ting-Lu|Ruination|p2a: Tornadus
|-damage|p2a: Tornadus|4/100
|
|upkeep
|turn|36
|
|t:|1743867085
|move|p2a: Tornadus|Bleakwind Storm|p1a: Ting-Lu
|-damage|p1a: Ting-Lu|52/100
|move|p1a: Ting-Lu|Ruination|p2a: Tornadus
|-damage|p2a: Tornadus|2/100
|
|upkeep
|turn|37
|
|t:|1743867088
|move|p2a: Tornadus|Bleakwind Storm|p1a: Ting-Lu
|-damage|p1a: Ting-Lu|29/100
|-unboost|p1a: Ting-Lu|spe|1
|move|p1a: Ting-Lu|Ruination|p2a: Tornadus
|-damage|p2a: Tornadus|2/100
|
|upkeep
|turn|38
|
|t:|1743867092
|move|p2a: Tornadus|Bleakwind Storm|p1a: Ting-Lu
|-damage|p1a: Ting-Lu|8/100
|move|p1a: Ting-Lu|Ruination|p2a: Tornadus
|-damage|p2a: Tornadus|1/100
|
|upkeep
|turn|39
|
|t:|1743867099
|move|p2a: Tornadus|U-turn|p1a: Ting-Lu
|-supereffective|p1a: Ting-Lu
|-damage|p1a: Ting-Lu|0 fnt
|faint|p1a: Ting-Lu
|
|upkeep
|
|t:|1743867101
|switch|p1a: Deoxys|Deoxys-Defense|24/100
|-damage|p1a: Deoxys|8/100|[from] Spikes
|-ability|p1a: Deoxys|Pressure
|turn|40
|
|t:|1743867103
|-terastallize|p1a: Deoxys|Steel
|move|p2a: Tornadus|Knock Off|p1a: Deoxys
|-damage|p1a: Deoxys|0 fnt
|faint|p1a: Deoxys
|
|win|yungbanjostrap
|raw|quetzuma's rating: 1433 &rarr; <strong>1420</strong><br />(-13 for losing)
|raw|yungbanjostrap's rating: 1564 &rarr; <strong>1577</strong><br />(+13 for winning)
|l|☆quetzuma
|player|p1|
|l|☆yungbanjostrap
|player|p2|
