|j|☆asdfjklqwert
|j|☆Arcanine1011
|t:|1743861844
|gametype|singles
|player|p1|asdfjklqwert|winona|1450
|player|p2|Arcanine1011|bruno|1410
|teamsize|p1|6
|teamsize|p2|6
|gen|9
|tier|[Gen 9] OU
|rated|
|rule|HP Percentage Mod: HP is shown in percentages
|rule|Endless Battle Clause: Forcing endless battles is banned
|rule|Species Clause: Limit one of each Pokémon
|rule|OHKO Clause: OHKO moves are banned
|rule|Evasion Items Clause: Evasion items are banned
|rule|Evasion Moves Clause: Evasion moves are banned
|rule|Sleep Moves Clause: Sleep-inducing moves are banned
|clearpoke
|poke|p1|Latios, M|
|poke|p1|Hydrapple, F|
|poke|p1|Tornadus-Therian, M|
|poke|p1|Weezing-Galar, F|
|poke|p1|Cinderace, M|
|poke|p1|Swampert, M|
|poke|p2|Great Tusk|
|poke|p2|Zapdos|
|poke|p2|Iron Crown|
|poke|p2|Garganacl, F|
|poke|p2|Samurott-Hisui, F|
|poke|p2|Dragapult, F|
|teampreview
|inactive|Battle timer is ON: inactive players will automatically lose when time's up. (requested by asdfjklqwert)
|inactive|Arcanine1011 has 120 seconds left.
|
|t:|1743861900
|start
|switch|p1a: Swampert|Swampert, M|100/100
|switch|p2a: Dragapult|Dragapult, F|100/100
|turn|1
|
|t:|1743861910
|move|p2a: Dragapult|U-turn|p1a: Swampert
|-damage|p1a: Swampert|84/100
|
|t:|1743861914
|switch|p2a: Samurott|Samurott-Hisui, F|100/100|[from] U-turn
|move|p1a: Swampert|Earthquake|p2a: Samurott
|-damage|p2a: Samurott|37/100
|
|-heal|p1a: Swampert|91/100|[from] item: Leftovers
|upkeep
|turn|2
|
|t:|1743861922
|switch|p1a: Weezing|Weezing-Galar, F|100/100
|-ability|p1a: Weezing|Neutralizing Gas
|move|p2a: Samurott|Razor Shell|p1a: Weezing
|-damage|p1a: Weezing|77/100
|-unboost|p1a: Weezing|def|1
|
|-heal|p1a: Weezing|83/100|[from] item: Leftovers
|upkeep
|turn|3
|
|t:|1743861938
|switch|p2a: Iron Crown|Iron Crown|100/100
|move|p1a: Weezing|Strange Steam|p2a: Iron Crown
|-resisted|p2a: Iron Crown
|-damage|p2a: Iron Crown|86/100
|-start|p2a: Iron Crown|confusion
|
|-heal|p1a: Weezing|89/100|[from] item: Leftovers
|upkeep
|turn|4
|
|t:|1743861945
|-end|p1a: Weezing|ability: Neutralizing Gas
|switch|p1a: Tornadus|Tornadus-Therian, M|100/100
|-activate|p2a: Iron Crown|confusion
|move|p2a: Iron Crown|Tachyon Cutter|p1a: Tornadus
|-damage|p1a: Tornadus|77/100
|-damage|p1a: Tornadus|51/100
|-hitcount|p1a: Tornadus|2
|
|upkeep
|turn|5
|
|t:|1743861954
|-end|p2a: Iron Crown|Quark Drive|[silent]
|switch|p2a: Zapdos|Zapdos|100/100
|move|p1a: Tornadus|Knock Off|p2a: Zapdos
|-damage|p2a: Zapdos|84/100
|-enditem|p2a: Zapdos|Heavy-Duty Boots|[from] move: Knock Off|[of] p1a: Tornadus
|
|upkeep
|turn|6
|
|t:|1743861959
|switch|p1a: Swampert|Swampert, M|91/100
|move|p2a: Zapdos|Hurricane|p1a: Swampert
|-damage|p1a: Swampert|50/100
|
|-heal|p1a: Swampert|57/100|[from] item: Leftovers
|upkeep
|turn|7
|
|t:|1743861979
|switch|p2a: Great Tusk|Great Tusk|100/100
|move|p1a: Swampert|Stealth Rock|p2a: Great Tusk
|-sidestart|p2: Arcanine1011|move: Stealth Rock
|
|-heal|p1a: Swampert|63/100|[from] item: Leftovers
|upkeep
|turn|8
|
|t:|1743861988
|switch|p1a: Hydrapple|Hydrapple, F|100/100
|move|p2a: Great Tusk|Headlong Rush|p1a: Hydrapple
|-resisted|p1a: Hydrapple
|-damage|p1a: Hydrapple|76/100
|-unboost|p2a: Great Tusk|def|1
|-unboost|p2a: Great Tusk|spd|1
|-damage|p2a: Great Tusk|84/100|[from] item: Rocky Helmet|[of] p1a: Hydrapple
|
|upkeep
|turn|9
|inactive|asdfjklqwert has 120 seconds left.
|
|t:|1743862039
|-terastallize|p1a: Hydrapple|Steel
|move|p2a: Great Tusk|Ice Spinner|p1a: Hydrapple
|-resisted|p1a: Hydrapple
|-damage|p1a: Hydrapple|66/100
|-damage|p2a: Great Tusk|68/100|[from] item: Rocky Helmet|[of] p1a: Hydrapple
|move|p1a: Hydrapple|Energy Ball|p2a: Great Tusk
|-supereffective|p2a: Great Tusk
|-damage|p2a: Great Tusk|0 fnt
|faint|p2a: Great Tusk
|-end|p2a: Great Tusk|Protosynthesis|[silent]
|
|upkeep
|inactive|Arcanine1011 has 120 seconds left.
|
|t:|1743862075
|switch|p2a: Samurott|Samurott-Hisui, F|37/100
|-damage|p2a: Samurott|24/100|[from] Stealth Rock
|turn|10
|
|t:|1743862078
|switch|p1a: Weezing|Weezing-Galar, F|89/100
|-ability|p1a: Weezing|Neutralizing Gas
|move|p2a: Samurott|Ceaseless Edge|p1a: Weezing|[miss]
|-miss|p2a: Samurott|p1a: Weezing
|
|-heal|p1a: Weezing|95/100|[from] item: Leftovers
|upkeep
|turn|11
|
|t:|1743862085
|move|p2a: Samurott|Ceaseless Edge|p1a: Weezing
|-resisted|p1a: Weezing
|-damage|p1a: Weezing|83/100
|-sidestart|p1: asdfjklqwert|Spikes
|move|p1a: Weezing|Strange Steam|p2a: Samurott
|-supereffective|p2a: Samurott
|-damage|p2a: Samurott|0 fnt
|faint|p2a: Samurott
|
|-heal|p1a: Weezing|89/100|[from] item: Leftovers
|upkeep
|
|t:|1743862095
|switch|p2a: Iron Crown|Iron Crown|86/100
|-damage|p2a: Iron Crown|79/100|[from] Stealth Rock
|turn|12
|
|t:|1743862106
|-end|p1a: Weezing|ability: Neutralizing Gas
|switch|p1a: Tornadus|Tornadus-Therian, M|85/100
|move|p2a: Iron Crown|Tachyon Cutter|p1a: Tornadus
|-damage|p1a: Tornadus|60/100
|-damage|p1a: Tornadus|36/100
|-hitcount|p1a: Tornadus|2
|
|upkeep
|turn|13
|
|t:|1743862130
|switch|p1a: Hydrapple|Hydrapple, F, tera:Steel|99/100
|-damage|p1a: Hydrapple|87/100|[from] Spikes
|-terastallize|p2a: Iron Crown|Steel
|move|p2a: Iron Crown|Tachyon Cutter|p1a: Hydrapple
|-resisted|p1a: Hydrapple
|-damage|p1a: Hydrapple|63/100
|-resisted|p1a: Hydrapple
|-damage|p1a: Hydrapple|37/100
|-hitcount|p1a: Hydrapple|2
|
|upkeep
|turn|14
|
|t:|1743862145
|switch|p1a: Cinderace|Cinderace, M|100/100
|move|p2a: Iron Crown|Tachyon Cutter|p1a: Cinderace
|-resisted|p1a: Cinderace
|-damage|p1a: Cinderace|65/100
|-resisted|p1a: Cinderace
|-damage|p1a: Cinderace|27/100
|-hitcount|p1a: Cinderace|2
|
|upkeep
|turn|15
|
|t:|1743862153
|-end|p2a: Iron Crown|Quark Drive|[silent]
|switch|p2a: Zapdos|Zapdos|84/100
|-damage|p2a: Zapdos|59/100|[from] Stealth Rock
|move|p1a: Cinderace|U-turn|p2a: Zapdos
|-start|p1a: Cinderace|typechange|Bug|[from] ability: Libero
|-resisted|p2a: Zapdos
|-damage|p2a: Zapdos|47/100
|-status|p1a: Cinderace|par|[from] ability: Static|[of] p2a: Zapdos
|
|t:|1743862158
|switch|p1a: Latios|Latios, M|100/100|[from] U-turn
|
|upkeep
|turn|16
|
|t:|1743862165
|move|p1a: Latios|Luster Purge|p2a: Zapdos
|-damage|p2a: Zapdos|0 fnt
|faint|p2a: Zapdos
|
|upkeep
|
|t:|1743862175
|switch|p2a: Iron Crown|Iron Crown, tera:Steel|79/100
|-damage|p2a: Iron Crown|73/100|[from] Stealth Rock
|turn|17
|
|t:|1743862179
|move|p1a: Latios|Flip Turn|p2a: Iron Crown
|-damage|p2a: Iron Crown|60/100
|
|t:|1743862182
|switch|p1a: Cinderace|Cinderace, M|27/100 par|[from] Flip Turn
|move|p2a: Iron Crown|Tachyon Cutter|p1a: Cinderace
|-resisted|p1a: Cinderace
|-damage|p1a: Cinderace|0 fnt
|faint|p1a: Cinderace
|-hitcount|p1: Cinderace|1
|
|upkeep
|
|t:|1743862193
|switch|p1a: Swampert|Swampert, M|63/100
|-damage|p1a: Swampert|50/100|[from] Spikes
|turn|18
|
|t:|1743862212
|-end|p2a: Iron Crown|Quark Drive|[silent]
|switch|p2a: Dragapult|Dragapult, F|100/100
|-damage|p2a: Dragapult|88/100|[from] Stealth Rock
|move|p1a: Swampert|Earthquake|p2a: Dragapult
|-damage|p2a: Dragapult|17/100
|
|-heal|p1a: Swampert|57/100|[from] item: Leftovers
|upkeep
|turn|19
|
|t:|1743862227
|switch|p1a: Weezing|Weezing-Galar, F|89/100
|-ability|p1a: Weezing|Neutralizing Gas
|-damage|p1a: Weezing|77/100|[from] Spikes
|move|p2a: Dragapult|Shadow Ball|p1a: Weezing
|-damage|p1a: Weezing|9/100
|
|-heal|p1a: Weezing|15/100|[from] item: Leftovers
|upkeep
|turn|20
|
|t:|1743862235
|move|p2a: Dragapult|Shadow Ball|p1a: Weezing
|-damage|p1a: Weezing|0 fnt
|faint|p1a: Weezing
|-end|p1a: Weezing|ability: Neutralizing Gas
|
|upkeep
|
|t:|1743862238
|switch|p1a: Tornadus|Tornadus-Therian, M|69/100
|turn|21
|
|t:|1743862241
|move|p2a: Dragapult|Shadow Ball|p1a: Tornadus
|-damage|p1a: Tornadus|34/100
|move|p1a: Tornadus|U-turn|p2a: Dragapult
|-resisted|p2a: Dragapult
|-damage|p2a: Dragapult|6/100
|
|t:|1743862251
|switch|p1a: Hydrapple|Hydrapple, F, tera:Steel|70/100|[from] U-turn
|-damage|p1a: Hydrapple|57/100|[from] Spikes
|
|upkeep
|turn|22
|
|t:|1743862258
|switch|p1a: Tornadus|Tornadus-Therian, M|67/100
|move|p2a: Dragapult|Shadow Ball|p1a: Tornadus
|-damage|p1a: Tornadus|29/100
|-unboost|p1a: Tornadus|spd|1
|
|upkeep
|turn|23
|
|t:|1743862265
|move|p2a: Dragapult|Shadow Ball|p1a: Tornadus
|-damage|p1a: Tornadus|0 fnt
|faint|p1a: Tornadus
|
|upkeep
|
|t:|1743862270
|switch|p1a: Hydrapple|Hydrapple, F, tera:Steel|91/100
|-damage|p1a: Hydrapple|78/100|[from] Spikes
|turn|24
|
|t:|1743862277
|move|p2a: Dragapult|Shadow Ball|p1a: Hydrapple
|-damage|p1a: Hydrapple|29/100
|-unboost|p1a: Hydrapple|spd|1
|move|p1a: Hydrapple|Earth Power|p2a: Dragapult
|-damage|p2a: Dragapult|0 fnt
|faint|p2a: Dragapult
|
|upkeep
|
|t:|1743862283
|switch|p2a: Iron Crown|Iron Crown, tera:Steel|60/100
|-damage|p2a: Iron Crown|54/100|[from] Stealth Rock
|turn|25
|
|t:|1743862286
|switch|p1a: Swampert|Swampert, M|57/100
|-damage|p1a: Swampert|44/100|[from] Spikes
|move|p2a: Iron Crown|Tachyon Cutter|p1a: Swampert
|-resisted|p1a: Swampert
|-damage|p1a: Swampert|21/100
|-resisted|p1a: Swampert
|-damage|p1a: Swampert|0 fnt
|faint|p1a: Swampert
|-hitcount|p1: Swampert|2
|
|upkeep
|
|t:|1743862288
|switch|p1a: Latios|Latios, M|100/100
|turn|26
|
|t:|1743862292
|move|p1a: Latios|Draco Meteor|p2a: Iron Crown
|-resisted|p2a: Iron Crown
|-damage|p2a: Iron Crown|16/100
|-unboost|p1a: Latios|spa|2
|move|p2a: Iron Crown|Tachyon Cutter|p1a: Latios
|-crit|p1a: Latios
|-damage|p1a: Latios|23/100
|-damage|p1a: Latios|0 fnt
|faint|p1a: Latios
|-hitcount|p1: Latios|2
|
|upkeep
|c|☆Arcanine1011|gg
|
|t:|1743862299
|switch|p1a: Hydrapple|Hydrapple, F, tera:Steel|62/100
|-damage|p1a: Hydrapple|50/100|[from] Spikes
|turn|27
|
|t:|1743862302
|move|p2a: Iron Crown|Tachyon Cutter|p1a: Hydrapple
|-resisted|p1a: Hydrapple
|-damage|p1a: Hydrapple|26/100
|-resisted|p1a: Hydrapple
|-damage|p1a: Hydrapple|0 fnt
|faint|p1a: Hydrapple
|-hitcount|p1: Hydrapple|2
|
|win|Arcanine1011
|raw|asdfjklqwert's rating: 1450 &rarr; <strong>1428</strong><br />(-22 for losing)
|raw|Arcanine1011's rating: 1410 &rarr; <strong>1432</strong><br />(+22 for winning)
|l|☆asdfjklqwert
|player|p1|
|l|☆Arcanine1011
|player|p2|
