|j|☆ruee3
|j|☆Team BBIO 38
|t:|1743902827
|gametype|singles
|player|p1|ruee3|caitlin|1394
|player|p2|Team BBIO 38|dragontamer|1358
|teamsize|p1|6
|teamsize|p2|6
|gen|9
|tier|[Gen 9] OU
|rated|
|rule|HP Percentage Mod: HP is shown in percentages
|rule|Endless Battle Clause: Forcing endless battles is banned
|rule|Species Clause: Limit one of each Pokémon
|rule|OHKO Clause: OHKO moves are banned
|rule|Evasion Items Clause: Evasion items are banned
|rule|Evasion Moves Clause: Evasion moves are banned
|rule|Sleep Moves Clause: Sleep-inducing moves are banned
|clearpoke
|poke|p1|Darkrai|
|poke|p1|Garchomp, M|
|poke|p1|Moltres|
|poke|p1|Ogerpon-Wellspring, F|
|poke|p1|Pecharunt|
|poke|p1|Great Tusk|
|poke|p2|Dusclops, M|
|poke|p2|Blissey, F|
|poke|p2|Flamigo, M|
|poke|p2|Mimikyu, M|
|poke|p2|Rotom-Wash|
|poke|p2|Alcremie-Salted-Cream, F|
|teampreview
|inactive|Battle timer is ON: inactive players will automatically lose when time's up. (requested by Team BBIO 38)
|
|t:|1743902842
|start
|switch|p1a: Garchomp|Garchomp, M|100/100
|switch|p2a: Rotom|Rotom-Wash|100/100
|turn|1
|
|t:|1743902848
|switch|p2a: Dusclops|Dusclops, M|100/100
|-item|p1a: Garchomp|Rocky Helmet|[from] ability: Frisk|[of] p2a: Dusclops
|move|p1a: Garchomp|Stealth Rock|p2a: Dusclops
|-sidestart|p2: Team BBIO 38|move: Stealth Rock
|
|upkeep
|turn|2
|
|t:|1743902854
|move|p1a: Garchomp|Spikes|p2a: Dusclops
|-sidestart|p2: Team BBIO 38|Spikes
|move|p2a: Dusclops|Will-O-Wisp|p1a: Garchomp
|-status|p1a: Garchomp|brn
|
|-damage|p1a: Garchomp|94/100 brn|[from] brn
|upkeep
|turn|3
|
|t:|1743902860
|move|p1a: Garchomp|Spikes|p2a: Dusclops
|-sidestart|p2: Team BBIO 38|Spikes
|move|p2a: Dusclops|Night Shade|p1a: Garchomp
|-damage|p1a: Garchomp|70/100 brn
|
|-damage|p1a: Garchomp|64/100 brn|[from] brn
|upkeep
|turn|4
|
|t:|1743902866
|move|p1a: Garchomp|Spikes|p2a: Dusclops
|-sidestart|p2: Team BBIO 38|Spikes
|move|p2a: Dusclops|Night Shade|p1a: Garchomp
|-damage|p1a: Garchomp|40/100 brn
|
|-damage|p1a: Garchomp|34/100 brn|[from] brn
|upkeep
|turn|5
|
|t:|1743902873
|switch|p2a: Mimikyu|Mimikyu, M|100/100
|-damage|p2a: Mimikyu|88/100|[from] Stealth Rock
|-damage|p2a: Mimikyu|63/100|[from] Spikes
|move|p1a: Garchomp|Dragon Tail|p2a: Mimikyu
|-immune|p2a: Mimikyu
|
|-damage|p1a: Garchomp|28/100 brn|[from] brn
|upkeep
|turn|6
|
|t:|1743902883
|move|p2a: Mimikyu|Play Rough|p1a: Garchomp
|-supereffective|p1a: Garchomp
|-damage|p1a: Garchomp|0 fnt
|-damage|p2a: Mimikyu|51/100|[from] ability: Rough Skin|[of] p1a: Garchomp
|-damage|p2a: Mimikyu|35/100|[from] item: Rocky Helmet|[of] p1a: Garchomp
|faint|p1a: Garchomp
|
|upkeep
|
|t:|1743902888
|switch|p1a: Moltres|Moltres|100/100
|turn|7
|
|t:|1743902894
|move|p2a: Mimikyu|Taunt|p1a: Moltres
|-start|p1a: Moltres|move: Taunt
|move|p1a: Moltres|Flamethrower|p2a: Mimikyu
|-activate|p2a: Mimikyu|ability: Disguise
|-damage|p2a: Mimikyu|35/100
|detailschange|p2a: Mimikyu|Mimikyu-Busted, M
|-damage|p2a: Mimikyu|22/100|[from] pokemon: Mimikyu-Busted
|-enditem|p2a: Mimikyu|Red Card|[of] p1a: Moltres
|drag|p1a: Great Tusk|Great Tusk|100/100
|
|upkeep
|turn|8
|
|t:|1743902906
|-end|p1a: Great Tusk|Protosynthesis|[silent]
|switch|p1a: Moltres|Moltres|100/100
|move|p2a: Mimikyu|Play Rough|p1a: Moltres|[miss]
|-miss|p2a: Mimikyu|p1a: Moltres
|
|upkeep
|turn|9
|
|t:|1743902914
|move|p2a: Mimikyu|Shadow Claw|p1a: Moltres
|-damage|p1a: Moltres|73/100
|-status|p2a: Mimikyu|brn|[from] ability: Flame Body|[of] p1a: Moltres
|move|p1a: Moltres|Flamethrower|p2a: Mimikyu
|-damage|p2a: Mimikyu|0 fnt
|faint|p2a: Mimikyu
|
|upkeep
|
|t:|1743902923
|switch|p2a: Blissey|Blissey, F|100/100
|-damage|p2a: Blissey|88/100|[from] Stealth Rock
|-damage|p2a: Blissey|63/100|[from] Spikes
|turn|10
|
|t:|1743902929
|move|p2a: Blissey|Stealth Rock|p1a: Moltres
|-sidestart|p1: ruee3|move: Stealth Rock
|move|p1a: Moltres|Roar|p2a: Blissey
|drag|p2a: Alcremie|Alcremie-Salted-Cream, F|100/100
|-damage|p2a: Alcremie|88/100|[from] Stealth Rock
|-damage|p2a: Alcremie|63/100|[from] Spikes
|
|-heal|p2a: Alcremie|69/100|[from] item: Leftovers
|upkeep
|turn|11
|
|t:|1743902940
|move|p2a: Alcremie|Draining Kiss|p1a: Moltres
|-resisted|p1a: Moltres
|-damage|p1a: Moltres|66/100
|-heal|p2a: Alcremie|75/100|[from] drain|[of] p1a: Moltres
|-status|p2a: Alcremie|brn|[from] ability: Flame Body|[of] p1a: Moltres
|move|p1a: Moltres|Roar|p2a: Alcremie
|drag|p2a: Dusclops|Dusclops, M|100/100
|-damage|p2a: Dusclops|88/100|[from] Stealth Rock
|-damage|p2a: Dusclops|63/100|[from] Spikes
|-item|p1a: Moltres|Heavy-Duty Boots|[from] ability: Frisk|[of] p2a: Dusclops
|
|upkeep
|turn|12
|
|t:|1743902951
|move|p2a: Dusclops|Night Shade|p1a: Moltres
|-damage|p1a: Moltres|40/100
|move|p1a: Moltres|Roar|p2a: Dusclops
|drag|p2a: Rotom|Rotom-Wash|100/100
|-damage|p2a: Rotom|88/100|[from] Stealth Rock
|
|upkeep
|turn|13
|
|t:|1743902963
|switch|p1a: Great Tusk|Great Tusk|100/100
|-damage|p1a: Great Tusk|98/100|[from] Stealth Rock
|move|p2a: Rotom|Thunderbolt|p1a: Great Tusk
|-immune|p1a: Great Tusk
|
|upkeep
|turn|14
|
|t:|1743902986
|-end|p1a: Great Tusk|Protosynthesis|[silent]
|switch|p1a: Ogerpon|Ogerpon-Wellspring, F|100/100
|-damage|p1a: Ogerpon|88/100|[from] Stealth Rock
|switch|p2a: Alcremie|Alcremie-Salted-Cream, F|75/100 brn
|-damage|p2a: Alcremie|63/100 brn|[from] Stealth Rock
|-damage|p2a: Alcremie|38/100 brn|[from] Spikes
|
|-heal|p2a: Alcremie|44/100 brn|[from] item: Leftovers
|-damage|p2a: Alcremie|38/100 brn|[from] brn
|upkeep
|turn|15
|
|t:|1743903003
|-terastallize|p2a: Alcremie|Steel
|move|p1a: Ogerpon|Ivy Cudgel|p2a: Alcremie|[anim] Ivy Cudgel Water
|-crit|p2a: Alcremie
|-damage|p2a: Alcremie|0 fnt
|faint|p2a: Alcremie
|
|upkeep
|
|t:|1743903011
|switch|p2a: Flamigo|Flamigo, M|100/100
|-damage|p2a: Flamigo|88/100|[from] Stealth Rock
|turn|16
|
|t:|1743903018
|switch|p1a: Pecharunt|Pecharunt|100/100
|move|p2a: Flamigo|Brave Bird|p1a: Pecharunt
|-damage|p1a: Pecharunt|75/100
|-damage|p2a: Flamigo|78/100|[from] Recoil
|
|upkeep
|turn|17
|
|t:|1743903042
|switch|p2a: Rotom|Rotom-Wash|88/100
|-damage|p2a: Rotom|75/100|[from] Stealth Rock
|move|p1a: Pecharunt|Malignant Chain|p2a: Rotom
|-damage|p2a: Rotom|43/100
|
|upkeep
|turn|18
|
|t:|1743903051
|move|p1a: Pecharunt|Malignant Chain|p2a: Rotom
|-damage|p2a: Rotom|8/100
|-status|p2a: Rotom|tox
|-start|p2a: Rotom|confusion|[from] ability: Poison Puppeteer|[of] p1a: Pecharunt
|-activate|p2a: Rotom|confusion
|move|p2a: Rotom|Trick|p1a: Pecharunt
|-activate|p2a: Rotom|move: Trick|[of] p1a: Pecharunt
|-item|p1a: Pecharunt|Choice Specs|[from] move: Trick
|-item|p2a: Rotom|Heavy-Duty Boots|[from] move: Trick
|
|-damage|p2a: Rotom|2/100 tox|[from] psn
|upkeep
|turn|19
|
|t:|1743903061
|switch|p2a: Blissey|Blissey, F|63/100
|-damage|p2a: Blissey|51/100|[from] Stealth Rock
|-damage|p2a: Blissey|26/100|[from] Spikes
|move|p1a: Pecharunt|Malignant Chain|p2a: Blissey
|-damage|p2a: Blissey|9/100
|
|-heal|p2a: Blissey|15/100|[from] item: Leftovers
|upkeep
|turn|20
|
|t:|1743903071
|move|p1a: Pecharunt|Malignant Chain|p2a: Blissey
|-damage|p2a: Blissey|0 fnt
|faint|p2a: Blissey
|
|upkeep
|
|t:|1743903075
|switch|p2a: Dusclops|Dusclops, M|63/100
|-damage|p2a: Dusclops|51/100|[from] Stealth Rock
|-damage|p2a: Dusclops|26/100|[from] Spikes
|-item|p1a: Pecharunt|Choice Specs|[from] ability: Frisk|[of] p2a: Dusclops
|turn|21
|
|t:|1743903081
|move|p1a: Pecharunt|Malignant Chain|p2a: Dusclops
|-resisted|p2a: Dusclops
|-damage|p2a: Dusclops|12/100
|move|p2a: Dusclops|Pain Split|p1a: Pecharunt
|-sethp|p1a: Pecharunt|42/100|[from] move: Pain Split|[silent]
|-sethp|p2a: Dusclops|56/100|[from] move: Pain Split
|
|upkeep
|turn|22
|
|t:|1743903088
|move|p1a: Pecharunt|Malignant Chain|p2a: Dusclops
|-resisted|p2a: Dusclops
|-damage|p2a: Dusclops|42/100
|-status|p2a: Dusclops|tox
|-start|p2a: Dusclops|confusion|[from] ability: Poison Puppeteer|[of] p1a: Pecharunt
|-activate|p2a: Dusclops|confusion
|move|p2a: Dusclops|Night Shade|p1a: Pecharunt
|-damage|p1a: Pecharunt|16/100
|
|-damage|p2a: Dusclops|36/100 tox|[from] psn
|upkeep
|turn|23
|
|t:|1743903097
|move|p1a: Pecharunt|Malignant Chain|p2a: Dusclops
|-resisted|p2a: Dusclops
|-damage|p2a: Dusclops|21/100 tox
|-activate|p2a: Dusclops|confusion
|move|p2a: Dusclops|Night Shade|p1a: Pecharunt
|-damage|p1a: Pecharunt|0 fnt
|faint|p1a: Pecharunt
|
|-damage|p2a: Dusclops|9/100 tox|[from] psn
|upkeep
|
|t:|1743903107
|switch|p1a: Darkrai|Darkrai|100/100
|-damage|p1a: Darkrai|88/100|[from] Stealth Rock
|turn|24
|
|t:|1743903111
|move|p1a: Darkrai|Dark Pulse|p2a: Dusclops
|-supereffective|p2a: Dusclops
|-damage|p2a: Dusclops|0 fnt
|faint|p2a: Dusclops
|
|-heal|p1a: Darkrai|94/100|[from] item: Leftovers
|upkeep
|
|t:|1743903118
|switch|p2a: Rotom|Rotom-Wash|2/100 tox
|turn|25
|
|t:|1743903128
|move|p1a: Darkrai|Dark Pulse|p2a: Rotom
|-damage|p2a: Rotom|0 fnt
|faint|p2a: Rotom
|
|-heal|p1a: Darkrai|99/100|[from] item: Leftovers
|upkeep
|
|t:|1743903135
|switch|p2a: Flamigo|Flamigo, M|78/100
|-damage|p2a: Flamigo|66/100|[from] Stealth Rock
|turn|26
|
|t:|1743903139
|-terastallize|p1a: Darkrai|Poison
|move|p2a: Flamigo|Brave Bird|p1a: Darkrai
|-damage|p1a: Darkrai|37/100
|-damage|p2a: Flamigo|43/100|[from] Recoil
|move|p1a: Darkrai|Sludge Bomb|p2a: Flamigo
|-damage|p2a: Flamigo|0 fnt
|faint|p2a: Flamigo
|
|win|ruee3
|raw|ruee3's rating: 1394 &rarr; <strong>1412</strong><br />(+18 for winning)
|raw|Team BBIO 38's rating: 1358 &rarr; <strong>1340</strong><br />(-18 for losing)
|l|☆ruee3
|player|p1|
|l|☆Team BBIO 38
|player|p2|
