|j|☆surprise blissey
|j|☆Kis Vegallomas
|t:|1743893578
|gametype|singles
|player|p1|surprise blissey|blaine|1344
|player|p2|Kis Vegallomas|1|1384
|teamsize|p1|6
|teamsize|p2|6
|gen|9
|tier|[Gen 9] OU
|rated|
|rule|HP Percentage Mod: HP is shown in percentages
|rule|Endless Battle Clause: Forcing endless battles is banned
|rule|Species Clause: Limit one of each Pokémon
|rule|OHKO Clause: OHKO moves are banned
|rule|Evasion Items Clause: Evasion items are banned
|rule|Evasion Moves Clause: Evasion moves are banned
|rule|Sleep Moves Clause: Sleep-inducing moves are banned
|clearpoke
|poke|p1|Blissey, F|
|poke|p1|Clefable, M|
|poke|p1|Pecharunt|
|poke|p1|Gliscor, F|
|poke|p1|Dondozo, F|
|poke|p1|Regice|
|poke|p2|Mandibuzz, F|
|poke|p2|Donphan, M|
|poke|p2|Frosmoth, F|
|poke|p2|Klefki, M|
|poke|p2|Polteageist-Antique|
|poke|p2|Cinderace, F|
|teampreview
|inactive|Battle timer is ON: inactive players will automatically lose when time's up. (requested by surprise blissey)
|
|t:|1743893588
|start
|switch|p1a: Gliscor|Gliscor, F|100/100
|switch|p2a: Donphan|Donphan, M|100/100
|turn|1
|
|t:|1743893596
|move|p1a: Gliscor|Protect|p1a: Gliscor
|-singleturn|p1a: Gliscor|Protect
|move|p2a: Donphan|Stealth Rock|p1a: Gliscor
|-sidestart|p1: surprise blissey|move: Stealth Rock
|
|-status|p1a: Gliscor|tox|[from] item: Toxic Orb
|upkeep
|turn|2
|
|t:|1743893602
|move|p2a: Donphan|Ice Shard|p1a: Gliscor
|-supereffective|p1a: Gliscor
|-damage|p1a: Gliscor|55/100 tox
|move|p1a: Gliscor|Swords Dance|p1a: Gliscor
|-boost|p1a: Gliscor|atk|2
|
|-heal|p1a: Gliscor|68/100 tox|[from] ability: Poison Heal
|upkeep
|turn|3
|
|t:|1743893608
|move|p1a: Gliscor|Protect|p1a: Gliscor
|-singleturn|p1a: Gliscor|Protect
|move|p2a: Donphan|Ice Shard|p1a: Gliscor
|-activate|p1a: Gliscor|move: Protect
|
|-heal|p1a: Gliscor|80/100 tox|[from] ability: Poison Heal
|upkeep
|turn|4
|
|t:|1743893612
|move|p2a: Donphan|Ice Shard|p1a: Gliscor
|-supereffective|p1a: Gliscor
|-damage|p1a: Gliscor|36/100 tox
|move|p1a: Gliscor|Knock Off|p2a: Donphan
|-damage|p2a: Donphan|71/100
|-enditem|p2a: Donphan|Custap Berry|[from] move: Knock Off|[of] p1a: Gliscor
|
|-heal|p1a: Gliscor|49/100 tox|[from] ability: Poison Heal
|upkeep
|turn|5
|
|t:|1743893619
|move|p1a: Gliscor|Protect|p1a: Gliscor
|-singleturn|p1a: Gliscor|Protect
|move|p2a: Donphan|Ice Shard|p1a: Gliscor
|-activate|p1a: Gliscor|move: Protect
|
|-heal|p1a: Gliscor|61/100 tox|[from] ability: Poison Heal
|upkeep
|turn|6
|
|t:|1743893624
|-terastallize|p1a: Gliscor|Normal
|move|p2a: Donphan|Ice Shard|p1a: Gliscor
|-damage|p1a: Gliscor|50/100 tox
|move|p1a: Gliscor|Swords Dance|p1a: Gliscor
|-boost|p1a: Gliscor|atk|2
|
|-heal|p1a: Gliscor|62/100 tox|[from] ability: Poison Heal
|upkeep
|turn|7
|
|t:|1743893635
|move|p1a: Gliscor|Facade|p2a: Donphan
|-damage|p2a: Donphan|0 fnt
|faint|p2a: Donphan
|
|-heal|p1a: Gliscor|75/100 tox|[from] ability: Poison Heal
|upkeep
|
|t:|1743893645
|switch|p2a: Polteageist|Polteageist-Antique, shiny|100/100
|turn|8
|
|t:|1743893653
|-terastallize|p2a: Polteageist|Fighting
|move|p1a: Gliscor|Knock Off|p2a: Polteageist
|-resisted|p2a: Polteageist
|-damage|p2a: Polteageist|44/100
|-ability|p2a: Polteageist|Weak Armor|boost
|-unboost|p2a: Polteageist|def|1
|-boost|p2a: Polteageist|spe|2
|-enditem|p2a: Polteageist|Focus Sash|[from] move: Knock Off|[of] p1a: Gliscor
|move|p2a: Polteageist|Shell Smash|p2a: Polteageist
|-unboost|p2a: Polteageist|def|1
|-unboost|p2a: Polteageist|spd|1
|-boost|p2a: Polteageist|atk|2
|-boost|p2a: Polteageist|spa|2
|-boost|p2a: Polteageist|spe|2
|
|-heal|p1a: Gliscor|87/100 tox|[from] ability: Poison Heal
|upkeep
|turn|9
|
|t:|1743893658
|move|p1a: Gliscor|Protect|p1a: Gliscor
|-singleturn|p1a: Gliscor|Protect
|move|p2a: Polteageist|Stored Power|p1a: Gliscor
|-activate|p1a: Gliscor|move: Protect
|
|-heal|p1a: Gliscor|99/100 tox|[from] ability: Poison Heal
|upkeep
|turn|10
|
|t:|1743893665
|switch|p1a: Pecharunt|Pecharunt|100/100
|move|p2a: Polteageist|Stored Power|p1a: Pecharunt
|-supereffective|p1a: Pecharunt
|-damage|p1a: Pecharunt|0 fnt
|faint|p1a: Pecharunt
|
|upkeep
|
|t:|1743893667
|switch|p1a: Regice|Regice|100/100
|turn|11
|
|t:|1743893670
|move|p2a: Polteageist|Tera Blast|p1a: Regice|[anim] Tera Blast Fighting
|-supereffective|p1a: Regice
|-damage|p1a: Regice|21/100
|move|p1a: Regice|Body Press|p2a: Polteageist
|-damage|p2a: Polteageist|0 fnt
|faint|p2a: Polteageist
|
|upkeep
|
|t:|1743893679
|switch|p2a: Cinderace|Cinderace, F|100/100
|turn|12
|
|t:|1743893683
|switch|p1a: Dondozo|Dondozo, F|100/100
|move|p2a: Cinderace|Pyro Ball|p1a: Dondozo|[miss]
|-miss|p2a: Cinderace|p1a: Dondozo
|
|upkeep
|turn|13
|
|t:|1743893688
|switch|p2a: Mandibuzz|Mandibuzz, F|100/100
|move|p1a: Dondozo|Body Press|p2a: Mandibuzz
|-damage|p2a: Mandibuzz|84/100
|
|-heal|p2a: Mandibuzz|90/100|[from] item: Leftovers
|upkeep
|turn|14
|
|t:|1743893693
|switch|p1a: Clefable|Clefable, M|100/100
|move|p2a: Mandibuzz|U-turn|p1a: Clefable
|-resisted|p1a: Clefable
|-damage|p1a: Clefable|96/100
|
|t:|1743893699
|switch|p2a: Frosmoth|Frosmoth, F|100/100|[from] U-turn
|
|-heal|p1a: Clefable|100/100|[from] item: Leftovers
|upkeep
|turn|15
|
|t:|1743893703
|move|p2a: Frosmoth|Quiver Dance|p2a: Frosmoth
|-boost|p2a: Frosmoth|spa|1
|-boost|p2a: Frosmoth|spd|1
|-boost|p2a: Frosmoth|spe|1
|move|p1a: Clefable|Calm Mind|p1a: Clefable
|-boost|p1a: Clefable|spa|1
|-boost|p1a: Clefable|spd|1
|
|upkeep
|turn|16
|
|t:|1743893709
|switch|p2a: Mandibuzz|Mandibuzz, F|90/100
|move|p1a: Clefable|Calm Mind|p1a: Clefable
|-boost|p1a: Clefable|spa|1
|-boost|p1a: Clefable|spd|1
|
|-heal|p2a: Mandibuzz|96/100|[from] item: Leftovers
|upkeep
|turn|17
|
|t:|1743893712
|move|p2a: Mandibuzz|Toxic|p1a: Clefable
|-status|p1a: Clefable|tox
|move|p1a: Clefable|Moonblast|p2a: Mandibuzz
|-supereffective|p2a: Mandibuzz
|-crit|p2a: Mandibuzz
|-damage|p2a: Mandibuzz|0 fnt
|faint|p2a: Mandibuzz
|
|upkeep
|
|t:|1743893717
|switch|p2a: Frosmoth|Frosmoth, F|100/100
|turn|18
|
|t:|1743893720
|move|p2a: Frosmoth|Quiver Dance|p2a: Frosmoth
|-boost|p2a: Frosmoth|spa|1
|-boost|p2a: Frosmoth|spd|1
|-boost|p2a: Frosmoth|spe|1
|move|p1a: Clefable|Calm Mind|p1a: Clefable
|-boost|p1a: Clefable|spa|1
|-boost|p1a: Clefable|spd|1
|
|upkeep
|turn|19
|
|t:|1743893722
|move|p2a: Frosmoth|Quiver Dance|p2a: Frosmoth
|-boost|p2a: Frosmoth|spa|1
|-boost|p2a: Frosmoth|spd|1
|-boost|p2a: Frosmoth|spe|1
|move|p1a: Clefable|Calm Mind|p1a: Clefable
|-boost|p1a: Clefable|spa|1
|-boost|p1a: Clefable|spd|1
|
|upkeep
|turn|20
|
|t:|1743893724
|move|p2a: Frosmoth|Quiver Dance|p2a: Frosmoth
|-boost|p2a: Frosmoth|spa|1
|-boost|p2a: Frosmoth|spd|1
|-boost|p2a: Frosmoth|spe|1
|move|p1a: Clefable|Calm Mind|p1a: Clefable
|-boost|p1a: Clefable|spa|1
|-boost|p1a: Clefable|spd|1
|
|upkeep
|turn|21
|
|t:|1743893726
|move|p2a: Frosmoth|Quiver Dance|p2a: Frosmoth
|-boost|p2a: Frosmoth|spa|1
|-boost|p2a: Frosmoth|spd|1
|-boost|p2a: Frosmoth|spe|1
|move|p1a: Clefable|Calm Mind|p1a: Clefable
|-boost|p1a: Clefable|spa|1
|-boost|p1a: Clefable|spd|1
|
|upkeep
|turn|22
|
|t:|1743893728
|move|p2a: Frosmoth|Quiver Dance|p2a: Frosmoth
|-boost|p2a: Frosmoth|spa|1
|-boost|p2a: Frosmoth|spd|1
|-boost|p2a: Frosmoth|spe|1
|move|p1a: Clefable|Knock Off|p2a: Frosmoth
|-damage|p2a: Frosmoth|71/100
|-enditem|p2a: Frosmoth|Heavy-Duty Boots|[from] move: Knock Off|[of] p1a: Clefable
|
|upkeep
|turn|23
|
|t:|1743893730
|move|p2a: Frosmoth|Quiver Dance|p2a: Frosmoth
|-boost|p2a: Frosmoth|spa|1
|-boost|p2a: Frosmoth|spd|1
|-boost|p2a: Frosmoth|spe|1
|move|p1a: Clefable|Moonblast|p2a: Frosmoth
|-damage|p2a: Frosmoth|50/100
|
|upkeep
|turn|24
|
|t:|1743893732
|move|p2a: Frosmoth|Giga Drain|p1a: Clefable
|-damage|p1a: Clefable|73/100 tox
|-heal|p2a: Frosmoth|70/100|[from] drain|[of] p1a: Clefable
|move|p1a: Clefable|Moonblast|p2a: Frosmoth
|-damage|p2a: Frosmoth|47/100
|-unboost|p2a: Frosmoth|spa|1
|
|-heal|p1a: Clefable|79/100 tox|[from] item: Leftovers
|upkeep
|turn|25
|
|t:|1743893735
|move|p2a: Frosmoth|Giga Drain|p1a: Clefable
|-damage|p1a: Clefable|54/100 tox
|-heal|p2a: Frosmoth|65/100|[from] drain|[of] p1a: Clefable
|move|p1a: Clefable|Moonblast|p2a: Frosmoth
|-damage|p2a: Frosmoth|46/100
|
|-heal|p1a: Clefable|60/100 tox|[from] item: Leftovers
|upkeep
|turn|26
|
|t:|1743893738
|move|p2a: Frosmoth|Giga Drain|p1a: Clefable
|-damage|p1a: Clefable|37/100 tox
|-heal|p2a: Frosmoth|62/100|[from] drain|[of] p1a: Clefable
|move|p1a: Clefable|Moonlight|p1a: Clefable
|-heal|p1a: Clefable|87/100 tox
|
|-heal|p1a: Clefable|93/100 tox|[from] item: Leftovers
|upkeep
|turn|27
|
|t:|1743893745
|move|p2a: Frosmoth|Giga Drain|p1a: Clefable
|-damage|p1a: Clefable|69/100 tox
|-heal|p2a: Frosmoth|80/100|[from] drain|[of] p1a: Clefable
|move|p1a: Clefable|Moonblast|p2a: Frosmoth
|-damage|p2a: Frosmoth|59/100
|
|-heal|p1a: Clefable|75/100 tox|[from] item: Leftovers
|upkeep
|turn|28
|
|t:|1743893748
|move|p2a: Frosmoth|Giga Drain|p1a: Clefable
|-damage|p1a: Clefable|50/100 tox
|-heal|p2a: Frosmoth|76/100|[from] drain|[of] p1a: Clefable
|move|p1a: Clefable|Moonblast|p2a: Frosmoth
|-damage|p2a: Frosmoth|57/100
|-unboost|p2a: Frosmoth|spa|1
|
|-heal|p1a: Clefable|56/100 tox|[from] item: Leftovers
|upkeep
|turn|29
|
|t:|1743893753
|move|p2a: Frosmoth|Giga Drain|p1a: Clefable
|-damage|p1a: Clefable|38/100 tox
|-heal|p2a: Frosmoth|70/100|[from] drain|[of] p1a: Clefable
|move|p1a: Clefable|Moonblast|p2a: Frosmoth
|-damage|p2a: Frosmoth|49/100
|
|-heal|p1a: Clefable|44/100 tox|[from] item: Leftovers
|upkeep
|turn|30
|
|t:|1743893757
|move|p2a: Frosmoth|Ice Beam|p1a: Clefable
|-damage|p1a: Clefable|7/100 tox
|move|p1a: Clefable|Moonlight|p1a: Clefable
|-heal|p1a: Clefable|57/100 tox
|
|-heal|p1a: Clefable|63/100 tox|[from] item: Leftovers
|upkeep
|turn|31
|
|t:|1743893759
|move|p2a: Frosmoth|Giga Drain|p1a: Clefable
|-damage|p1a: Clefable|43/100 tox
|-heal|p2a: Frosmoth|63/100|[from] drain|[of] p1a: Clefable
|move|p1a: Clefable|Moonlight|p1a: Clefable
|-heal|p1a: Clefable|93/100 tox
|
|-heal|p1a: Clefable|99/100 tox|[from] item: Leftovers
|upkeep
|turn|32
|
|t:|1743893763
|move|p2a: Frosmoth|Ice Beam|p1a: Clefable
|-damage|p1a: Clefable|61/100 tox
|move|p1a: Clefable|Moonblast|p2a: Frosmoth
|-damage|p2a: Frosmoth|43/100
|
|-heal|p1a: Clefable|67/100 tox|[from] item: Leftovers
|upkeep
|turn|33
|
|t:|1743893766
|move|p2a: Frosmoth|Ice Beam|p1a: Clefable
|-damage|p1a: Clefable|32/100 tox
|move|p1a: Clefable|Moonblast|p2a: Frosmoth
|-damage|p2a: Frosmoth|21/100
|
|-heal|p1a: Clefable|38/100 tox|[from] item: Leftovers
|upkeep
|turn|34
|
|t:|1743893775
|move|p2a: Frosmoth|Ice Beam|p1a: Clefable
|-damage|p1a: Clefable|0 fnt
|faint|p1a: Clefable
|
|upkeep
|
|t:|1743893779
|switch|p1a: Blissey|Blissey, F|100/100
|turn|35
|
|t:|1743893782
|move|p2a: Frosmoth|Giga Drain|p1a: Blissey
|-damage|p1a: Blissey|75/100
|-heal|p2a: Frosmoth|50/100|[from] drain|[of] p1a: Blissey
|move|p1a: Blissey|Seismic Toss|p2a: Frosmoth
|-damage|p2a: Frosmoth|14/100
|
|upkeep
|turn|36
|
|t:|1743893785
|move|p2a: Frosmoth|Giga Drain|p1a: Blissey
|-damage|p1a: Blissey|50/100
|-heal|p2a: Frosmoth|44/100|[from] drain|[of] p1a: Blissey
|move|p1a: Blissey|Seismic Toss|p2a: Frosmoth
|-damage|p2a: Frosmoth|8/100
|
|upkeep
|turn|37
|
|t:|1743893798
|move|p2a: Frosmoth|Ice Beam|p1a: Blissey
|-damage|p1a: Blissey|3/100
|move|p1a: Blissey|Seismic Toss|p2a: Frosmoth
|-damage|p2a: Frosmoth|0 fnt
|faint|p2a: Frosmoth
|
|upkeep
|
|t:|1743893801
|switch|p2a: Cinderace|Cinderace, F|100/100
|turn|38
|
|t:|1743893806
|move|p2a: Cinderace|Pyro Ball|p1a: Blissey
|-damage|p1a: Blissey|0 fnt
|faint|p1a: Blissey
|
|upkeep
|
|t:|1743893812
|switch|p1a: Gliscor|Gliscor, F, tera:Normal|99/100 tox
|-damage|p1a: Gliscor|87/100 tox|[from] Stealth Rock
|turn|39
|
|t:|1743893823
|move|p1a: Gliscor|Protect|p1a: Gliscor
|-singleturn|p1a: Gliscor|Protect
|move|p2a: Cinderace|Swords Dance|p2a: Cinderace
|-start|p2a: Cinderace|typechange|Normal|[from] ability: Libero
|-boost|p2a: Cinderace|atk|2
|
|-heal|p1a: Gliscor|99/100 tox|[from] ability: Poison Heal
|upkeep
|turn|40
|
|t:|1743893828
|move|p2a: Cinderace|Low Kick|p1a: Gliscor
|-supereffective|p1a: Gliscor
|-damage|p1a: Gliscor|42/100 tox
|move|p1a: Gliscor|Facade|p2a: Cinderace
|-damage|p2a: Cinderace|30/100
|
|-heal|p1a: Gliscor|54/100 tox|[from] ability: Poison Heal
|upkeep
|turn|41
|
|t:|1743893832
|move|p1a: Gliscor|Protect|p1a: Gliscor
|-singleturn|p1a: Gliscor|Protect
|move|p2a: Cinderace|Low Kick|p1a: Gliscor
|-activate|p1a: Gliscor|move: Protect
|
|-heal|p1a: Gliscor|67/100 tox|[from] ability: Poison Heal
|upkeep
|turn|42
|
|t:|1743893835
|move|p2a: Cinderace|Low Kick|p1a: Gliscor
|-supereffective|p1a: Gliscor
|-damage|p1a: Gliscor|4/100 tox
|move|p1a: Gliscor|Facade|p2a: Cinderace
|-damage|p2a: Cinderace|0 fnt
|faint|p2a: Cinderace
|
|-heal|p1a: Gliscor|17/100 tox|[from] ability: Poison Heal
|upkeep
|l|☆Kis Vegallomas
|inactive|Kis Vegallomas disconnected and has a minute to reconnect!
|player|p2|
|inactive|Kis Vegallomas has 30 seconds to reconnect!
|inactive|Kis Vegallomas has 20 seconds to reconnect!
|inactive|Kis Vegallomas has 15 seconds to reconnect!
|inactive|Kis Vegallomas has 10 seconds to reconnect!
|inactive|Kis Vegallomas has 5 seconds to reconnect!
|-message|Kis Vegallomas lost due to inactivity.
|
|win|surprise blissey
|raw|surprise blissey's rating: 1344 &rarr; <strong>1366</strong><br />(+22 for winning)
|raw|Kis Vegallomas's rating: 1384 &rarr; <strong>1362</strong><br />(-22 for losing)
