|j|☆Bronzong72
|j|☆Best pokemon names
|t:|1743875610
|gametype|singles
|player|p1|Bronzong72|falkner|1379
|player|p2|Best pokemon names|battlegirl-gen4|1415
|teamsize|p1|6
|teamsize|p2|6
|gen|9
|tier|[Gen 9] OU
|rated|
|rule|HP Percentage Mod: HP is shown in percentages
|rule|Endless Battle Clause: Forcing endless battles is banned
|rule|Species Clause: Limit one of each Pokémon
|rule|OHKO Clause: OHKO moves are banned
|rule|Evasion Items Clause: Evasion items are banned
|rule|Evasion Moves Clause: Evasion moves are banned
|rule|Sleep Moves Clause: Sleep-inducing moves are banned
|clearpoke
|poke|p1|Dachsbun, M|
|poke|p1|Meowscarada, F|
|poke|p1|Cinderace, M|
|poke|p1|Glimmora, M|
|poke|p1|Gholdengo|
|poke|p1|Zapdos|
|poke|p2|Raging Bolt|
|poke|p2|Ogerpon-Wellspring, F|
|poke|p2|Enamorus, F|
|poke|p2|Ting-Lu|
|poke|p2|Slowking-Galar, F|
|poke|p2|Zamazenta-*|
|teampreview
|inactive|Battle timer is ON: inactive players will automatically lose when time's up. (requested by Bronzong72)
|j| BHydra
|
|t:|1743875630
|start
|switch|p1a: Laura|Meowscarada, F|100/100
|switch|p2a: Thesian Vessel|Ting-Lu|100/100
|-ability|p2a: Thesian Vessel|Vessel of Ruin
|turn|1
|
|t:|1743875643
|move|p1a: Laura|Triple Axel|p2a: Thesian Vessel
|-start|p1a: Laura|typechange|Ice|[from] ability: Protean
|-supereffective|p2a: Thesian Vessel
|-damage|p2a: Thesian Vessel|85/100
|-damage|p1a: Laura|84/100|[from] item: Rocky Helmet|[of] p2a: Thesian Vessel
|-supereffective|p2a: Thesian Vessel
|-damage|p2a: Thesian Vessel|58/100
|-damage|p1a: Laura|68/100|[from] item: Rocky Helmet|[of] p2a: Thesian Vessel
|-supereffective|p2a: Thesian Vessel
|-damage|p2a: Thesian Vessel|16/100
|-damage|p1a: Laura|51/100|[from] item: Rocky Helmet|[of] p2a: Thesian Vessel
|-hitcount|p2a: Thesian Vessel|3
|move|p2a: Thesian Vessel|Spikes|p1a: Laura
|-sidestart|p1: Bronzong72|Spikes
|
|upkeep
|turn|2
|
|t:|1743875657
|switch|p2a: Zaza|Zamazenta|100/100
|-ability|p2a: Zaza|Dauntless Shield|boost
|-boost|p2a: Zaza|def|1
|move|p1a: Laura|Triple Axel|p2a: Zaza
|-damage|p2a: Zaza|94/100
|-damage|p2a: Zaza|81/100
|-damage|p2a: Zaza|60/100
|-hitcount|p2a: Zaza|3
|
|-heal|p2a: Zaza|66/100|[from] item: Leftovers
|upkeep
|turn|3
|
|t:|1743875662
|switch|p1a: Sprinkles|Zapdos|100/100
|move|p2a: Zaza|Crunch|p1a: Sprinkles
|-damage|p1a: Sprinkles|80/100
|-status|p2a: Zaza|par|[from] ability: Static|[of] p1a: Sprinkles
|
|-heal|p1a: Sprinkles|86/100|[from] item: Leftovers
|-heal|p2a: Zaza|72/100 par|[from] item: Leftovers
|upkeep
|turn|4
|
|t:|1743875670
|switch|p2a: Thesian Vessel|Ting-Lu|16/100
|-ability|p2a: Thesian Vessel|Vessel of Ruin
|move|p1a: Sprinkles|Thunderbolt|p2a: Thesian Vessel
|-immune|p2a: Thesian Vessel
|
|-heal|p1a: Sprinkles|92/100|[from] item: Leftovers
|upkeep
|turn|5
|
|t:|1743875673
|move|p1a: Sprinkles|Heat Wave|p2a: Thesian Vessel
|-crit|p2a: Thesian Vessel
|-damage|p2a: Thesian Vessel|0 fnt
|faint|p2a: Thesian Vessel
|
|-heal|p1a: Sprinkles|99/100|[from] item: Leftovers
|upkeep
|
|t:|1743875677
|switch|p2a: Now You See Me|Slowking-Galar, F, shiny|100/100
|turn|6
|
|t:|1743875686
|move|p1a: Sprinkles|Thunderbolt|p2a: Now You See Me
|-damage|p2a: Now You See Me|73/100
|-prepare|p2a: Now You See Me|Chilly Reception|[premajor]
|move|p2a: Now You See Me|Chilly Reception|p2a: Now You See Me
|-weather|Snowscape
|
|t:|1743875692
|switch|p2a: Roaring Bolt|Raging Bolt|100/100|[from] Chilly Reception
|
|-weather|Snowscape|[upkeep]
|-heal|p1a: Sprinkles|100/100|[from] item: Leftovers
|upkeep
|turn|7
|
|t:|1743875705
|move|p1a: Sprinkles|U-turn|p2a: Roaring Bolt
|-damage|p2a: Roaring Bolt|90/100
|
|t:|1743875713
|switch|p1a: Florian|Glimmora, M|100/100|[from] U-turn
|-damage|p1a: Florian|88/100|[from] Spikes
|move|p2a: Roaring Bolt|Calm Mind|p2a: Roaring Bolt
|-boost|p2a: Roaring Bolt|spa|1
|-boost|p2a: Roaring Bolt|spd|1
|
|-weather|Snowscape|[upkeep]
|-heal|p2a: Roaring Bolt|96/100|[from] item: Leftovers
|upkeep
|turn|8
|
|t:|1743875723
|-terastallize|p1a: Florian|Ground
|-terastallize|p2a: Roaring Bolt|Dragon
|move|p1a: Florian|Earth Power|p2a: Roaring Bolt
|-damage|p2a: Roaring Bolt|71/100
|move|p2a: Roaring Bolt|Draco Meteor|p1a: Florian
|-damage|p1a: Florian|0 fnt
|-unboost|p2a: Roaring Bolt|spa|2
|faint|p1a: Florian
|
|-weather|Snowscape|[upkeep]
|-heal|p2a: Roaring Bolt|78/100|[from] item: Leftovers
|upkeep
|
|t:|1743875739
|switch|p1a: Laura|Meowscarada, F|51/100
|-damage|p1a: Laura|39/100|[from] Spikes
|turn|9
|
|t:|1743875743
|-end|p2a: Roaring Bolt|Protosynthesis|[silent]
|switch|p2a: Zaza|Zamazenta|72/100 par
|move|p1a: Laura|Triple Axel|p2a: Zaza
|-start|p1a: Laura|typechange|Ice|[from] ability: Protean
|-damage|p2a: Zaza|63/100 par
|-damage|p2a: Zaza|42/100 par
|-damage|p2a: Zaza|12/100 par
|-hitcount|p2a: Zaza|3
|
|-weather|Snowscape|[upkeep]
|-heal|p2a: Zaza|18/100 par|[from] item: Leftovers
|upkeep
|turn|10
|
|t:|1743875754
|move|p1a: Laura|Triple Axel|p2a: Zaza
|-damage|p2a: Zaza|8/100 par
|-damage|p2a: Zaza|0 fnt
|faint|p2a: Zaza
|-hitcount|p2: Zaza|2
|
|-weather|none
|upkeep
|
|t:|1743875758
|switch|p2a: Raging Moon|Enamorus, F|100/100
|turn|11
|
|t:|1743875760
|move|p2a: Raging Moon|Moonblast|p1a: Laura
|-damage|p1a: Laura|0 fnt
|faint|p1a: Laura
|
|upkeep
|
|t:|1743875770
|switch|p1a: Mbappé|Cinderace, M|100/100
|turn|12
|
|t:|1743875781
|switch|p2a: Ogerpon|Ogerpon-Wellspring, F|100/100
|move|p1a: Mbappé|U-turn|p2a: Ogerpon
|-start|p1a: Mbappé|typechange|Bug|[from] ability: Libero
|-supereffective|p2a: Ogerpon
|-damage|p2a: Ogerpon|32/100
|
|t:|1743875793
|switch|p1a: Sprinkles|Zapdos|100/100|[from] U-turn
|
|upkeep
|turn|13
|
|t:|1743875799
|switch|p2a: Now You See Me|Slowking-Galar, F, shiny|100/100
|move|p1a: Sprinkles|U-turn|p2a: Now You See Me
|-damage|p2a: Now You See Me|87/100
|
|t:|1743875803
|switch|p1a: Ronaldo|Gholdengo|100/100|[from] U-turn
|-item|p1a: Ronaldo|Air Balloon
|
|upkeep
|turn|14
|
|t:|1743875807
|move|p1a: Ronaldo|Nasty Plot|p1a: Ronaldo
|-boost|p1a: Ronaldo|spa|2
|-prepare|p2a: Now You See Me|Chilly Reception|[premajor]
|move|p2a: Now You See Me|Chilly Reception|p2a: Now You See Me
|-weather|Snowscape
|
|t:|1743875814
|switch|p2a: Ogerpon|Ogerpon-Wellspring, F|32/100|[from] Chilly Reception
|
|-weather|Snowscape|[upkeep]
|upkeep
|turn|15
|
|t:|1743875828
|switch|p1a: Jalebi|Dachsbun, M|100/100
|-damage|p1a: Jalebi|88/100|[from] Spikes
|move|p2a: Ogerpon|Knock Off|p1a: Jalebi
|-resisted|p1a: Jalebi
|-damage|p1a: Jalebi|75/100
|-damage|p2a: Ogerpon|15/100|[from] item: Rocky Helmet|[of] p1a: Jalebi
|-enditem|p1a: Jalebi|Rocky Helmet|[from] move: Knock Off|[of] p2a: Ogerpon
|
|-weather|Snowscape|[upkeep]
|upkeep
|turn|16
|
|t:|1743875836
|switch|p2a: Now You See Me|Slowking-Galar, F, shiny|100/100
|move|p1a: Jalebi|Wish|p1a: Jalebi
|
|-weather|Snowscape|[upkeep]
|upkeep
|turn|17
|
|t:|1743875846
|switch|p1a: Mbappé|Cinderace, M|100/100
|move|p2a: Now You See Me|Future Sight|p1a: Mbappé
|-start|p2a: Now You See Me|move: Future Sight
|
|-weather|Snowscape|[upkeep]
|upkeep
|turn|18
|
|t:|1743875854
|move|p1a: Mbappé|Iron Head|p2a: Now You See Me
|-start|p1a: Mbappé|typechange|Steel|[from] ability: Libero
|-damage|p2a: Now You See Me|65/100
|cant|p2a: Now You See Me|flinch
|
|-weather|none
|upkeep
|turn|19
|
|t:|1743875861
|move|p1a: Mbappé|Court Change|p1a: Mbappé
|-swapsideconditions
|-activate|p1a: Mbappé|move: Court Change
|-prepare|p2a: Now You See Me|Chilly Reception|[premajor]
|move|p2a: Now You See Me|Chilly Reception|p2a: Now You See Me
|-weather|Snowscape
|
|t:|1743875872
|switch|p2a: Raging Moon|Enamorus, F|100/100|[from] Chilly Reception
|
|-weather|Snowscape|[upkeep]
|-end|p1a: Mbappé|move: Future Sight
|-resisted|p1a: Mbappé
|-crit|p1a: Mbappé
|-damage|p1a: Mbappé|62/100
|upkeep
|turn|20
|
|t:|1743875878
|switch|p1a: Sprinkles|Zapdos|100/100
|move|p2a: Raging Moon|Mystical Fire|p1a: Sprinkles
|-damage|p1a: Sprinkles|75/100
|-unboost|p1a: Sprinkles|spa|1
|
|-weather|Snowscape|[upkeep]
|-heal|p1a: Sprinkles|81/100|[from] item: Leftovers
|upkeep
|turn|21
|
|t:|1743875894
|move|p2a: Raging Moon|Mystical Fire|p1a: Sprinkles
|-damage|p1a: Sprinkles|54/100
|-unboost|p1a: Sprinkles|spa|1
|move|p1a: Sprinkles|U-turn|p2a: Raging Moon
|-resisted|p2a: Raging Moon
|-damage|p2a: Raging Moon|96/100
|
|t:|1743875897
|switch|p1a: Jalebi|Dachsbun, M|75/100|[from] U-turn
|
|-weather|Snowscape|[upkeep]
|upkeep
|turn|22
|
|t:|1743875917
|switch|p2a: Now You See Me|Slowking-Galar, F, shiny|98/100
|move|p1a: Jalebi|Wish|p1a: Jalebi
|
|-weather|Snowscape|[upkeep]
|upkeep
|turn|23
|
|t:|1743875924
|switch|p1a: Sprinkles|Zapdos|54/100
|move|p2a: Now You See Me|Future Sight|p1a: Sprinkles
|-start|p2a: Now You See Me|move: Future Sight
|
|-weather|none
|-heal|p1a: Sprinkles|95/100|[from] move: Wish|[wisher] Jalebi
|-heal|p1a: Sprinkles|100/100|[from] item: Leftovers
|upkeep
|turn|24
|
|t:|1743875929
|move|p1a: Sprinkles|U-turn|p2a: Now You See Me
|-damage|p2a: Now You See Me|83/100
|
|t:|1743875931
|switch|p1a: Mbappé|Cinderace, M|62/100|[from] U-turn
|move|p2a: Now You See Me|Toxic|p1a: Mbappé
|-status|p1a: Mbappé|tox
|
|-damage|p1a: Mbappé|56/100 tox|[from] psn
|upkeep
|turn|25
|
|t:|1743875936
|move|p1a: Mbappé|Iron Head|p2a: Now You See Me
|-start|p1a: Mbappé|typechange|Steel|[from] ability: Libero
|-damage|p2a: Now You See Me|49/100
|-prepare|p2a: Now You See Me|Chilly Reception|[premajor]
|move|p2a: Now You See Me|Chilly Reception|p2a: Now You See Me
|-weather|Snowscape
|
|t:|1743875944
|switch|p2a: Raging Moon|Enamorus, F|96/100|[from] Chilly Reception
|
|-weather|Snowscape|[upkeep]
|-end|p1a: Mbappé|move: Future Sight
|-resisted|p1a: Mbappé
|-crit|p1a: Mbappé
|-damage|p1a: Mbappé|16/100 tox
|-damage|p1a: Mbappé|3/100 tox|[from] psn
|upkeep
|turn|26
|
|t:|1743875952
|move|p2a: Raging Moon|Mystical Fire|p1a: Mbappé
|-supereffective|p1a: Mbappé
|-damage|p1a: Mbappé|0 fnt
|faint|p1a: Mbappé
|
|-weather|Snowscape|[upkeep]
|upkeep
|
|t:|1743875954
|switch|p1a: Sprinkles|Zapdos|100/100
|turn|27
|
|t:|1743875958
|switch|p2a: Now You See Me|Slowking-Galar, F, shiny|83/100
|move|p1a: Sprinkles|Thunderbolt|p2a: Now You See Me
|-damage|p2a: Now You See Me|52/100
|
|-weather|Snowscape|[upkeep]
|upkeep
|turn|28
|
|t:|1743875967
|move|p1a: Sprinkles|U-turn|p2a: Now You See Me
|-damage|p2a: Now You See Me|38/100
|
|t:|1743875969
|switch|p1a: Ronaldo|Gholdengo|100/100|[from] U-turn
|-item|p1a: Ronaldo|Air Balloon
|-prepare|p2a: Now You See Me|Chilly Reception|[premajor]
|move|p2a: Now You See Me|Chilly Reception|p2a: Now You See Me
|
|t:|1743875984
|switch|p2a: Ogerpon|Ogerpon-Wellspring, F|15/100|[from] Chilly Reception
|-damage|p2a: Ogerpon|3/100|[from] Spikes
|
|-weather|Snowscape|[upkeep]
|upkeep
|turn|29
|
|t:|1743875990
|switch|p1a: Jalebi|Dachsbun, M|75/100
|move|p2a: Ogerpon|Horn Leech|p1a: Jalebi
|-crit|p1a: Jalebi
|-damage|p1a: Jalebi|27/100
|-heal|p2a: Ogerpon|29/100|[from] drain|[of] p1a: Jalebi
|
|-weather|none
|upkeep
|turn|30
|
|t:|1743875998
|move|p2a: Ogerpon|Ivy Cudgel|p1a: Jalebi|[anim] Ivy Cudgel Water
|-damage|p1a: Jalebi|0 fnt
|faint|p1a: Jalebi
|
|upkeep
|
|t:|1743876004
|switch|p1a: Sprinkles|Zapdos|100/100
|turn|31
|
|t:|1743876006
|switch|p2a: Now You See Me|Slowking-Galar, F, shiny|71/100
|move|p1a: Sprinkles|Thunderbolt|p2a: Now You See Me
|-crit|p2a: Now You See Me
|-damage|p2a: Now You See Me|27/100
|
|upkeep
|turn|32
|
|t:|1743876014
|move|p1a: Sprinkles|Thunderbolt|p2a: Now You See Me
|-damage|p2a: Now You See Me|0 fnt
|faint|p2a: Now You See Me
|
|upkeep
|
|t:|1743876020
|switch|p2a: Roaring Bolt|Raging Bolt, tera:Dragon|78/100
|-damage|p2a: Roaring Bolt|65/100|[from] Spikes
|turn|33
|
|t:|1743876028
|move|p1a: Sprinkles|U-turn|p2a: Roaring Bolt
|-damage|p2a: Roaring Bolt|55/100
|
|t:|1743876030
|switch|p1a: Ronaldo|Gholdengo|100/100|[from] U-turn
|-item|p1a: Ronaldo|Air Balloon
|move|p2a: Roaring Bolt|Discharge|p1a: Ronaldo
|-damage|p1a: Ronaldo|57/100
|-enditem|p1a: Ronaldo|Air Balloon
|
|-heal|p2a: Roaring Bolt|61/100|[from] item: Leftovers
|upkeep
|turn|34
|
|t:|1743876041
|move|p1a: Ronaldo|Make It Rain|p2a: Roaring Bolt
|-damage|p2a: Roaring Bolt|2/100
|-unboost|p1a: Ronaldo|spa|1
|move|p2a: Roaring Bolt|Discharge|p1a: Ronaldo
|-damage|p1a: Ronaldo|14/100
|-status|p1a: Ronaldo|par
|
|-heal|p2a: Roaring Bolt|9/100|[from] item: Leftovers
|upkeep
|turn|35
|-message|Bronzong72 forfeited.
|
|win|Best pokemon names
|raw|Bronzong72's rating: 1379 &rarr; <strong>1361</strong><br />(-18 for losing)
|raw|Best pokemon names's rating: 1415 &rarr; <strong>1433</strong><br />(+18 for winning)
|l|☆Bronzong72
|player|p1|
|l| BHydra
