|j|☆kevlmao
|j|☆Nolcxntrl
|t:|1743815979
|gametype|singles
|player|p1|kevlmao|102|1064
|player|p2|Nolcxntrl|ghetsis-gen5bw|1104
|teamsize|p1|6
|teamsize|p2|6
|gen|9
|tier|[Gen 9] OU
|rated|
|rule|HP Percentage Mod: HP is shown in percentages
|rule|Endless Battle Clause: Forcing endless battles is banned
|rule|Species Clause: Limit one of each Pokémon
|rule|OHKO Clause: OHKO moves are banned
|rule|Evasion Items Clause: Evasion items are banned
|rule|Evasion Moves Clause: Evasion moves are banned
|rule|Sleep Moves Clause: Sleep-inducing moves are banned
|clearpoke
|poke|p1|Corviknight, M|
|poke|p1|Samurott-Hisui, M|
|poke|p1|Slowking-Galar, M|
|poke|p1|Ninetales, M|
|poke|p1|Great Tusk|
|poke|p1|Darkrai|
|poke|p2|Infernape, F|
|poke|p2|Greninja-*, F|
|poke|p2|Charizard, M|
|poke|p2|Lucario, F|
|poke|p2|Garchomp, F|
|poke|p2|Primeape, M|
|teampreview
|inactive|Battle timer is ON: inactive players will automatically lose when time's up. (requested by kevlmao)
|
|t:|1743815997
|start
|switch|p1a: Ninetales|Ninetales, M|100/100
|switch|p2a: CharWalkDown|Charizard, M, shiny|100/100
|-weather|SunnyDay|[from] ability: Drought|[of] p1a: Ninetales
|turn|1
|
|t:|1743816013
|switch|p1a: Slowking|Slowking-Galar, M|100/100
|move|p2a: CharWalkDown|Belly Drum|p2a: CharWalkDown
|-damage|p2a: CharWalkDown|50/100
|-setboost|p2a: CharWalkDown|atk|6|[from] move: Belly Drum
|-enditem|p2a: CharWalkDown|Sitrus Berry|[eat]
|-heal|p2a: CharWalkDown|75/100|[from] item: Sitrus Berry
|
|-weather|SunnyDay|[upkeep]
|upkeep
|turn|2
|inactive|Nolcxntrl has 120 seconds left.
|
|t:|1743816040
|move|p2a: CharWalkDown|Acrobatics|p1a: Slowking
|-damage|p1a: Slowking|0 fnt
|faint|p1a: Slowking
|
|-weather|SunnyDay|[upkeep]
|upkeep
|
|t:|1743816046
|switch|p1a: Corviknight|Corviknight, M|100/100
|-ability|p1a: Corviknight|Pressure
|turn|3
|inactive|Nolcxntrl has 120 seconds left.
|
|t:|1743816069
|move|p2a: CharWalkDown|Flame Charge|p1a: Corviknight
|-supereffective|p1a: Corviknight
|-damage|p1a: Corviknight|0 fnt
|-boost|p2a: CharWalkDown|spe|1
|-damage|p2a: CharWalkDown|59/100|[from] item: Rocky Helmet|[of] p1a: Corviknight
|faint|p1a: Corviknight
|
|-weather|SunnyDay|[upkeep]
|upkeep
|
|t:|1743816076
|switch|p1a: Great Tusk|Great Tusk|100/100
|-activate|p1a: Great Tusk|ability: Protosynthesis
|-start|p1a: Great Tusk|protosynthesisatk
|turn|4
|inactive|Nolcxntrl has 120 seconds left.
|
|t:|1743816092
|-terastallize|p1a: Great Tusk|Steel
|move|p2a: CharWalkDown|Acrobatics|p1a: Great Tusk
|-resisted|p1a: Great Tusk
|-damage|p1a: Great Tusk|47/100
|move|p1a: Great Tusk|Ice Spinner|p2a: CharWalkDown
|-damage|p2a: CharWalkDown|7/100
|
|-weather|SunnyDay|[upkeep]
|upkeep
|turn|5
|inactive|Nolcxntrl has 120 seconds left.
|
|t:|1743816115
|move|p2a: CharWalkDown|Flame Charge|p1a: Great Tusk
|-supereffective|p1a: Great Tusk
|-damage|p1a: Great Tusk|0 fnt
|-boost|p2a: CharWalkDown|spe|1
|faint|p1a: Great Tusk
|-end|p1a: Great Tusk|Protosynthesis|[silent]
|
|-weather|SunnyDay|[upkeep]
|upkeep
|
|t:|1743816118
|switch|p1a: Samurott|Samurott-Hisui, M|100/100
|turn|6
|inactive|Nolcxntrl has 120 seconds left.
|
|t:|1743816142
|move|p1a: Samurott|Sucker Punch|p2a: CharWalkDown
|-crit|p2a: CharWalkDown
|-damage|p2a: CharWalkDown|0 fnt
|faint|p2a: CharWalkDown
|
|-weather|SunnyDay|[upkeep]
|upkeep
|
|t:|1743816153
|switch|p2a: Luh Chomp|Garchomp, F, shiny|100/100
|turn|7
|
|t:|1743816178
|switch|p1a: Darkrai|Darkrai|100/100
|-terastallize|p2a: Luh Chomp|Ghost
|move|p2a: Luh Chomp|Earthquake|p1a: Darkrai
|-damage|p1a: Darkrai|43/100
|
|-weather|SunnyDay|[upkeep]
|upkeep
|turn|8
|
|t:|1743816190
|switch|p2a: Man Man|Infernape, F, shiny|100/100
|move|p1a: Darkrai|Dark Pulse|p2a: Man Man
|-resisted|p2a: Man Man
|-damage|p2a: Man Man|50/100
|
|-weather|none
|upkeep
|turn|9
|
|t:|1743816201
|move|p1a: Darkrai|Dark Pulse|p2a: Man Man
|-resisted|p2a: Man Man
|-damage|p2a: Man Man|2/100
|cant|p2a: Man Man|flinch
|
|upkeep
|turn|10
|
|t:|1743816207
|switch|p2a: CariDracEm|Lucario, F, shiny|100/100
|move|p1a: Darkrai|Dark Pulse|p2a: CariDracEm
|-resisted|p2a: CariDracEm
|-damage|p2a: CariDracEm|51/100
|
|upkeep
|turn|11
|
|t:|1743816215
|switch|p1a: Ninetales|Ninetales, M|100/100
|-weather|SunnyDay|[from] ability: Drought|[of] p1a: Ninetales
|move|p2a: CariDracEm|Ice Punch|p1a: Ninetales
|-resisted|p1a: Ninetales
|-damage|p1a: Ninetales|84/100
|
|-weather|SunnyDay|[upkeep]
|upkeep
|turn|12
|
|t:|1743816232
|switch|p2a: Luh Chomp|Garchomp, F, shiny, tera:Ghost|100/100
|move|p1a: Ninetales|Flamethrower|p2a: Luh Chomp
|-damage|p2a: Luh Chomp|55/100
|
|-weather|SunnyDay|[upkeep]
|upkeep
|turn|13
|
|t:|1743816261
|move|p2a: Luh Chomp|Stealth Rock|p1a: Ninetales
|-sidestart|p1: kevlmao|move: Stealth Rock
|move|p1a: Ninetales|Flamethrower|p2a: Luh Chomp
|-damage|p2a: Luh Chomp|7/100
|
|-weather|SunnyDay|[upkeep]
|upkeep
|turn|14
|
|t:|1743816272
|move|p2a: Luh Chomp|Earthquake|p1a: Ninetales
|-supereffective|p1a: Ninetales
|-damage|p1a: Ninetales|0 fnt
|faint|p1a: Ninetales
|
|-weather|SunnyDay|[upkeep]
|upkeep
|
|t:|1743816282
|switch|p1a: Darkrai|Darkrai|43/100
|-damage|p1a: Darkrai|30/100|[from] Stealth Rock
|turn|15
|
|t:|1743816288
|move|p1a: Darkrai|Sludge Bomb|p2a: Luh Chomp
|-resisted|p2a: Luh Chomp
|-damage|p2a: Luh Chomp|0 fnt
|faint|p2a: Luh Chomp
|
|-weather|SunnyDay|[upkeep]
|upkeep
|
|t:|1743816296
|switch|p2a: CariDracEm|Lucario, F, shiny|51/100
|turn|16
|
|t:|1743816309
|switch|p1a: Samurott|Samurott-Hisui, M|100/100
|-damage|p1a: Samurott|88/100|[from] Stealth Rock
|move|p2a: CariDracEm|Ice Punch|p1a: Samurott
|-resisted|p1a: Samurott
|-damage|p1a: Samurott|72/100
|
|-weather|SunnyDay|[upkeep]
|upkeep
|turn|17
|inactive|Nolcxntrl has 120 seconds left.
|
|t:|1743816326
|move|p2a: CariDracEm|Close Combat|p1a: Samurott
|-supereffective|p1a: Samurott
|-damage|p1a: Samurott|0 fnt
|-unboost|p2a: CariDracEm|def|1
|-unboost|p2a: CariDracEm|spd|1
|faint|p1a: Samurott
|
|-weather|SunnyDay|[upkeep]
|upkeep
|
|t:|1743816329
|switch|p1a: Darkrai|Darkrai|30/100
|-damage|p1a: Darkrai|18/100|[from] Stealth Rock
|turn|18
|
|t:|1743816336
|move|p2a: CariDracEm|Extreme Speed|p1a: Darkrai
|-damage|p1a: Darkrai|0 fnt
|faint|p1a: Darkrai
|
|win|Nolcxntrl
|raw|kevlmao's rating: 1064 &rarr; <strong>1047</strong><br />(-17 for losing)
|raw|Nolcxntrl's rating: 1104 &rarr; <strong>1126</strong><br />(+22 for winning)
|l|☆kevlmao
|player|p1|
