|j|☆bigz42069
|j|☆DaAceBandit
|t:|1743815307
|gametype|singles
|player|p1|bigz42069|blackbelt-gen4dp|1381
|player|p2|DaAceBandit|gambler|1328
|teamsize|p1|6
|teamsize|p2|6
|gen|9
|tier|[Gen 9] OU
|rated|
|rule|HP Percentage Mod: HP is shown in percentages
|rule|Endless Battle Clause: Forcing endless battles is banned
|rule|Species Clause: Limit one of each Pokémon
|rule|OHKO Clause: OHKO moves are banned
|rule|Evasion Items Clause: Evasion items are banned
|rule|Evasion Moves Clause: Evasion moves are banned
|rule|Sleep Moves Clause: Sleep-inducing moves are banned
|clearpoke
|poke|p1|Tyranitar, M|
|poke|p1|Excadrill, M|
|poke|p1|Rotom-Wash|
|poke|p1|Garganacl, F|
|poke|p1|Dragapult, F|
|poke|p1|Darkrai|
|poke|p2|Toucannon, M|
|poke|p2|Great Tusk|
|poke|p2|Raging Bolt|
|poke|p2|Rotom-Frost|
|poke|p2|Clefable, F|
|poke|p2|Heatran, M|
|teampreview
|inactive|Battle timer is ON: inactive players will automatically lose when time's up. (requested by bigz42069)
|
|t:|1743815327
|start
|switch|p1a: Tyranitar|Tyranitar, M|100/100
|switch|p2a: Great Tusk|Great Tusk|100/100
|-weather|Sandstorm|[from] ability: Sand Stream|[of] p1a: Tyranitar
|turn|1
|
|t:|1743815336
|move|p2a: Great Tusk|Headlong Rush|p1a: Tyranitar
|-supereffective|p1a: Tyranitar
|-damage|p1a: Tyranitar|7/100
|-unboost|p2a: Great Tusk|def|1
|-unboost|p2a: Great Tusk|spd|1
|move|p1a: Tyranitar|Ice Beam|p2a: Great Tusk
|-supereffective|p2a: Great Tusk
|-damage|p2a: Great Tusk|13/100
|
|-weather|Sandstorm|[upkeep]
|-heal|p2a: Great Tusk|19/100|[from] item: Leftovers
|upkeep
|turn|2
|
|t:|1743815343
|switch|p1a: Rotom|Rotom-Wash|100/100
|move|p2a: Great Tusk|Rapid Spin|p1a: Rotom
|-crit|p1a: Rotom
|-damage|p1a: Rotom|79/100
|-boost|p2a: Great Tusk|spe|1
|-damage|p2a: Great Tusk|3/100|[from] item: Rocky Helmet|[of] p1a: Rotom
|
|-weather|Sandstorm|[upkeep]
|-damage|p1a: Rotom|73/100|[from] Sandstorm
|-heal|p2a: Great Tusk|9/100|[from] item: Leftovers
|upkeep
|turn|3
|
|t:|1743815351
|move|p2a: Great Tusk|Close Combat|p1a: Rotom
|-damage|p1a: Rotom|19/100
|-unboost|p2a: Great Tusk|def|1
|-unboost|p2a: Great Tusk|spd|1
|-damage|p2a: Great Tusk|0 fnt|[from] item: Rocky Helmet|[of] p1a: Rotom
|faint|p2a: Great Tusk
|-end|p2a: Great Tusk|Protosynthesis|[silent]
|move|p1a: Rotom|Will-O-Wisp|p2: Great Tusk|[notarget]
|-fail|p1a: Rotom
|
|-weather|Sandstorm|[upkeep]
|-damage|p1a: Rotom|13/100|[from] Sandstorm
|upkeep
|
|t:|1743815358
|switch|p2a: Raging Bolt|Raging Bolt|100/100
|turn|4
|
|t:|1743815370
|move|p2a: Raging Bolt|Thunderbolt|p1a: Rotom
|-damage|p1a: Rotom|0 fnt
|faint|p1a: Rotom
|
|-weather|Sandstorm|[upkeep]
|-damage|p2a: Raging Bolt|94/100|[from] Sandstorm
|-heal|p2a: Raging Bolt|100/100|[from] item: Leftovers
|upkeep
|
|t:|1743815372
|switch|p1a: Excadrill|Excadrill, M|100/100
|-item|p1a: Excadrill|Air Balloon
|turn|5
|inactive|DaAceBandit has 120 seconds left.
|
|t:|1743815404
|move|p1a: Excadrill|Swords Dance|p1a: Excadrill
|-boost|p1a: Excadrill|atk|2
|move|p2a: Raging Bolt|Dragon Pulse|p1a: Excadrill
|-resisted|p1a: Excadrill
|-damage|p1a: Excadrill|68/100
|-enditem|p1a: Excadrill|Air Balloon
|
|-weather|none
|upkeep
|turn|6
|
|t:|1743815418
|move|p1a: Excadrill|Rapid Spin|p2a: Raging Bolt
|-damage|p2a: Raging Bolt|68/100
|-boost|p1a: Excadrill|spe|1
|move|p2a: Raging Bolt|Dragon Pulse|p1a: Excadrill
|-resisted|p1a: Excadrill
|-damage|p1a: Excadrill|39/100
|
|-heal|p2a: Raging Bolt|74/100|[from] item: Leftovers
|upkeep
|turn|7
|
|t:|1743815427
|move|p1a: Excadrill|Earthquake|p2a: Raging Bolt
|-supereffective|p2a: Raging Bolt
|-damage|p2a: Raging Bolt|0 fnt
|faint|p2a: Raging Bolt
|-end|p2a: Raging Bolt|Protosynthesis|[silent]
|
|upkeep
|
|t:|1743815430
|switch|p2a: Toucannon|Toucannon, M|100/100
|turn|8
|
|t:|1743815433
|-singleturn|p2a: Toucannon|move: Beak Blast
|move|p1a: Excadrill|Iron Head|p2a: Toucannon
|-damage|p2a: Toucannon|0 fnt
|-status|p1a: Excadrill|brn
|faint|p2a: Toucannon
|
|-damage|p1a: Excadrill|33/100 brn|[from] brn
|upkeep
|
|t:|1743815441
|switch|p2a: Clefable|Clefable, F|100/100
|turn|9
|
|t:|1743815445
|move|p1a: Excadrill|Iron Head|p2a: Clefable
|-supereffective|p2a: Clefable
|-damage|p2a: Clefable|30/100
|cant|p2a: Clefable|flinch
|
|-heal|p2a: Clefable|36/100|[from] item: Leftovers
|-damage|p1a: Excadrill|27/100 brn|[from] brn
|upkeep
|turn|10
|
|t:|1743815455
|move|p1a: Excadrill|Iron Head|p2a: Clefable
|-supereffective|p2a: Clefable
|-damage|p2a: Clefable|0 fnt
|faint|p2a: Clefable
|
|-damage|p1a: Excadrill|20/100 brn|[from] brn
|upkeep
|
|t:|1743815457
|switch|p2a: Rotom|Rotom-Frost|100/100
|turn|11
|
|t:|1743815465
|-terastallize|p2a: Rotom|Ghost
|move|p1a: Excadrill|Iron Head|p2a: Rotom
|-damage|p2a: Rotom|55/100
|move|p2a: Rotom|Substitute|p2a: Rotom
|-start|p2a: Rotom|Substitute
|-damage|p2a: Rotom|30/100
|
|-heal|p2a: Rotom|36/100|[from] item: Leftovers
|-damage|p1a: Excadrill|14/100 brn|[from] brn
|upkeep
|turn|12
|
|t:|1743815472
|move|p1a: Excadrill|Iron Head|p2a: Rotom
|-end|p2a: Rotom|Substitute
|move|p2a: Rotom|Thunderbolt|p1a: Excadrill
|-immune|p1a: Excadrill
|
|-heal|p2a: Rotom|42/100|[from] item: Leftovers
|-damage|p1a: Excadrill|8/100 brn|[from] brn
|upkeep
|turn|13
|c|☆DaAceBandit|wait I'm stupid lol
|
|t:|1743815485
|move|p1a: Excadrill|Iron Head|p2a: Rotom
|-damage|p2a: Rotom|0 fnt
|faint|p2a: Rotom
|
|-damage|p1a: Excadrill|2/100 brn|[from] brn
|upkeep
|
|t:|1743815488
|switch|p2a: Heatran|Heatran, M|100/100
|turn|14
|
|t:|1743815492
|move|p1a: Excadrill|Earthquake|p2a: Heatran
|-supereffective|p2a: Heatran
|-damage|p2a: Heatran|0 fnt
|faint|p2a: Heatran
|
|win|bigz42069
|raw|bigz42069's rating: 1381 &rarr; <strong>1398</strong><br />(+17 for winning)
|raw|DaAceBandit's rating: 1328 &rarr; <strong>1311</strong><br />(-17 for losing)
|l|☆DaAceBandit
|player|p2|
|l|☆bigz42069
|player|p1|
