|j|‽JackRG1
|j|☆LityL
|t:|1743884825
|gametype|singles
|player|p1|JackRG1|iris|1675
|player|p2|LityL|170|1690
|teamsize|p1|6
|teamsize|p2|6
|gen|9
|tier|[Gen 9] OU
|rated|
|rule|HP Percentage Mod: HP is shown in percentages
|rule|Endless Battle Clause: Forcing endless battles is banned
|rule|Species Clause: Limit one of each Pokémon
|rule|OHKO Clause: OHKO moves are banned
|rule|Evasion Items Clause: Evasion items are banned
|rule|Evasion Moves Clause: Evasion moves are banned
|rule|Sleep Moves Clause: Sleep-inducing moves are banned
|clearpoke
|poke|p1|Slowking-Galar, M|
|poke|p1|Corviknight, M|
|poke|p1|Cinderace, M|
|poke|p1|Zamazenta-*|
|poke|p1|Sinistcha|
|poke|p1|Clodsire, M|
|poke|p2|Dragonite, F|
|poke|p2|Slowking-Galar, F|
|poke|p2|Gholdengo|
|poke|p2|Gliscor, M|
|poke|p2|Clefable, F|
|poke|p2|Zamazenta-*|
|teampreview
|inactive|Battle timer is ON: inactive players will automatically lose when time's up. (requested by JackRG1)
|c|☆LityL|hf
|inactive|LityL has 120 seconds left.
|
|t:|1743884858
|start
|switch|p1a: Slowking|Slowking-Galar, M|100/100
|switch|p2a: Slowking|Slowking-Galar, F|100/100
|turn|1
|
|t:|1743884886
|move|p1a: Slowking|Future Sight|p2a: Slowking
|-start|p1a: Slowking|move: Future Sight
|move|p2a: Slowking|Future Sight|p1a: Slowking
|-start|p2a: Slowking|move: Future Sight
|
|upkeep
|turn|2
|
|t:|1743884892
|-prepare|p2a: Slowking|Chilly Reception|[premajor]
|move|p2a: Slowking|Chilly Reception|p2a: Slowking
|-weather|Snowscape
|
|t:|1743884898
|switch|p2a: Gliscor|Gliscor, M|100/100|[from] Chilly Reception
|move|p1a: Slowking|Thunder Wave|p2a: Gliscor
|-immune|p2a: Gliscor
|
|-weather|Snowscape|[upkeep]
|-status|p2a: Gliscor|tox|[from] item: Toxic Orb
|upkeep
|turn|3
|
|t:|1743884904
|move|p2a: Gliscor|Spikes|p1a: Slowking
|-sidestart|p1: JackRG1|Spikes
|move|p1a: Slowking|Ice Beam|p2a: Gliscor
|-supereffective|p2a: Gliscor
|-damage|p2a: Gliscor|0 fnt
|faint|p2a: Gliscor
|
|-weather|Snowscape|[upkeep]
|-hint|Future Sight did not hit because the target is fainted.
|-end|p1a: Slowking|move: Future Sight
|-damage|p1a: Slowking|64/100
|upkeep
|
|t:|1743884919
|switch|p2a: Dragonite|Dragonite, F|100/100
|turn|4
|
|t:|1743884922
|switch|p2a: Clefable|Clefable, F|100/100
|move|p1a: Slowking|Thunder Wave|p2a: Clefable|[miss]
|-miss|p1a: Slowking|p2a: Clefable
|
|-weather|Snowscape|[upkeep]
|upkeep
|turn|5
|
|t:|1743884927
|switch|p2a: Slowking|Slowking-Galar, F|100/100
|switch|p1a: Cinderace|Cinderace, M|100/100
|
|-weather|Snowscape|[upkeep]
|upkeep
|turn|6
|
|t:|1743884931
|move|p1a: Cinderace|Court Change|p1a: Cinderace
|-swapsideconditions
|-activate|p1a: Cinderace|move: Court Change
|move|p2a: Slowking|Toxic|p1a: Cinderace
|-status|p1a: Cinderace|tox
|
|-weather|none
|-damage|p1a: Cinderace|94/100 tox|[from] psn
|upkeep
|turn|7
|
|t:|1743884935
|move|p1a: Cinderace|U-turn|p2a: Slowking
|-damage|p2a: Slowking|81/100
|
|t:|1743884939
|switch|p1a: Clodsire|Clodsire, M|100/100|[from] U-turn
|move|p2a: Slowking|Future Sight|p1a: Clodsire
|-start|p2a: Slowking|move: Future Sight
|
|upkeep
|turn|8
|
|t:|1743884942
|move|p1a: Clodsire|Stealth Rock|p2a: Slowking
|-sidestart|p2: LityL|move: Stealth Rock
|-prepare|p2a: Slowking|Chilly Reception|[premajor]
|move|p2a: Slowking|Chilly Reception|p2a: Slowking
|-weather|Snowscape
|
|t:|1743884944
|switch|p2a: Gholdengo|Gholdengo|100/100|[from] Chilly Reception
|
|-weather|Snowscape|[upkeep]
|upkeep
|turn|9
|
|t:|1743884950
|move|p2a: Gholdengo|Nasty Plot|p2a: Gholdengo
|-boost|p2a: Gholdengo|spa|2
|move|p1a: Clodsire|Recover||[still]
|-fail|p1a: Clodsire|heal
|
|-weather|Snowscape|[upkeep]
|-end|p1a: Clodsire|move: Future Sight
|-supereffective|p1a: Clodsire
|-damage|p1a: Clodsire|50/100
|upkeep
|turn|10
|
|t:|1743884966
|move|p2a: Gholdengo|Nasty Plot|p2a: Gholdengo
|-boost|p2a: Gholdengo|spa|2
|move|p1a: Clodsire|Recover|p1a: Clodsire
|-heal|p1a: Clodsire|99/100
|
|-weather|Snowscape|[upkeep]
|upkeep
|turn|11
|
|t:|1743884972
|move|p2a: Gholdengo|Nasty Plot|p2a: Gholdengo
|-boost|p2a: Gholdengo|spa|2
|move|p1a: Clodsire|Earthquake|p2a: Gholdengo
|-supereffective|p2a: Gholdengo
|-damage|p2a: Gholdengo|62/100
|
|-weather|Snowscape|[upkeep]
|upkeep
|turn|12
|
|t:|1743884976
|move|p2a: Gholdengo|Recover|p2a: Gholdengo
|-heal|p2a: Gholdengo|100/100
|move|p1a: Clodsire|Earthquake|p2a: Gholdengo
|-supereffective|p2a: Gholdengo
|-damage|p2a: Gholdengo|62/100
|
|-weather|none
|upkeep
|turn|13
|
|t:|1743884980
|move|p2a: Gholdengo|Recover|p2a: Gholdengo
|-heal|p2a: Gholdengo|100/100
|move|p1a: Clodsire|Earthquake|p2a: Gholdengo
|-supereffective|p2a: Gholdengo
|-damage|p2a: Gholdengo|63/100
|
|upkeep
|turn|14
|
|t:|1743884982
|switch|p2a: Clefable|Clefable, F|100/100
|move|p1a: Clodsire|Earthquake|p2a: Clefable
|-damage|p2a: Clefable|80/100
|
|upkeep
|turn|15
|
|t:|1743884988
|switch|p1a: Slowking|Slowking-Galar, M|97/100
|move|p2a: Clefable|Stealth Rock|p1a: Slowking
|-sidestart|p1: JackRG1|move: Stealth Rock
|
|upkeep
|turn|16
|
|t:|1743884993
|switch|p2a: Slowking|Slowking-Galar, F|100/100
|move|p1a: Slowking|Future Sight|p2a: Slowking
|-start|p1a: Slowking|move: Future Sight
|
|upkeep
|turn|17
|
|t:|1743884997
|-prepare|p1a: Slowking|Chilly Reception|[premajor]
|move|p1a: Slowking|Chilly Reception|p1a: Slowking
|-weather|Snowscape
|
|t:|1743885000
|switch|p1a: Zamazenta|Zamazenta|100/100|[from] Chilly Reception
|-damage|p1a: Zamazenta|94/100|[from] Stealth Rock
|-ability|p1a: Zamazenta|Dauntless Shield|boost
|-boost|p1a: Zamazenta|def|1
|move|p2a: Slowking|Future Sight|p1a: Zamazenta
|-start|p2a: Slowking|move: Future Sight
|
|-weather|Snowscape|[upkeep]
|upkeep
|turn|18
|
|t:|1743885004
|move|p1a: Zamazenta|Crunch|p2a: Slowking
|-supereffective|p2a: Slowking
|-damage|p2a: Slowking|13/100
|-unboost|p2a: Slowking|def|1
|-prepare|p2a: Slowking|Chilly Reception|[premajor]
|move|p2a: Slowking|Chilly Reception|p2a: Slowking
|
|t:|1743885019
|switch|p2a: Gholdengo|Gholdengo|63/100|[from] Chilly Reception
|
|-weather|Snowscape|[upkeep]
|-end|p2a: Gholdengo|move: Future Sight
|-resisted|p2a: Gholdengo
|-damage|p2a: Gholdengo|40/100
|upkeep
|turn|19
|
|t:|1743885026
|switch|p1a: Slowking|Slowking-Galar, M|100/100
|-damage|p1a: Slowking|88/100|[from] Stealth Rock
|move|p2a: Gholdengo|Recover|p2a: Gholdengo
|-heal|p2a: Gholdengo|90/100
|
|-weather|Snowscape|[upkeep]
|-end|p1a: Slowking|move: Future Sight
|-damage|p1a: Slowking|56/100
|upkeep
|turn|20
|
|t:|1743885030
|switch|p1a: Clodsire|Clodsire, M|99/100
|move|p2a: Gholdengo|Nasty Plot|p2a: Gholdengo
|-boost|p2a: Gholdengo|spa|2
|
|-weather|Snowscape|[upkeep]
|upkeep
|turn|21
|
|t:|1743885033
|switch|p2a: Clefable|Clefable, F|80/100
|move|p1a: Clodsire|Earthquake|p2a: Clefable
|-damage|p2a: Clefable|59/100
|
|-weather|none
|upkeep
|turn|22
|
|t:|1743885038
|switch|p1a: Slowking|Slowking-Galar, M|89/100
|-damage|p1a: Slowking|77/100|[from] Stealth Rock
|move|p2a: Clefable|Moonlight|p2a: Clefable
|-heal|p2a: Clefable|100/100
|
|upkeep
|turn|23
|
|t:|1743885042
|move|p2a: Clefable|Thunder Wave|p1a: Slowking
|-status|p1a: Slowking|par
|move|p1a: Slowking|Future Sight|p2a: Clefable
|-start|p1a: Slowking|move: Future Sight
|
|upkeep
|turn|24
|
|t:|1743885050
|move|p2a: Clefable|Moonblast|p1a: Slowking
|-resisted|p1a: Slowking
|-crit|p1a: Slowking
|-damage|p1a: Slowking|61/100 par
|-prepare|p1a: Slowking|Chilly Reception|[premajor]
|move|p1a: Slowking|Chilly Reception|p1a: Slowking
|-weather|Snowscape
|
|t:|1743885052
|switch|p1a: Zamazenta|Zamazenta|94/100|[from] Chilly Reception
|-damage|p1a: Zamazenta|88/100|[from] Stealth Rock
|
|-weather|Snowscape|[upkeep]
|upkeep
|turn|25
|
|t:|1743885058
|move|p1a: Zamazenta|Iron Head|p2a: Clefable
|-supereffective|p2a: Clefable
|-damage|p2a: Clefable|37/100
|move|p2a: Clefable|Moonlight|p2a: Clefable
|-heal|p2a: Clefable|62/100
|
|-weather|Snowscape|[upkeep]
|-end|p2a: Clefable|move: Future Sight
|-damage|p2a: Clefable|18/100
|upkeep
|turn|26
|-message|LityL forfeited.
|
|win|JackRG1
|raw|JackRG1's rating: 1675 &rarr; <strong>1696</strong><br />(+21 for winning)
|raw|LityL's rating: 1690 &rarr; <strong>1669</strong><br />(-21 for losing)
|l|☆LityL
|player|p2|
