|j|☆Yunibobonai
|j|☆etude_suzuki
|t:|1743837428
|gametype|singles
|player|p1|Yunibobonai|266|1061
|player|p2|etude_suzuki|265|1063
|teamsize|p1|6
|teamsize|p2|6
|gen|9
|tier|[Gen 9] OU
|rated|
|rule|HP Percentage Mod: HP is shown in percentages
|rule|Endless Battle Clause: Forcing endless battles is banned
|rule|Species Clause: Limit one of each Pokémon
|rule|OHKO Clause: OHKO moves are banned
|rule|Evasion Items Clause: Evasion items are banned
|rule|Evasion Moves Clause: Evasion moves are banned
|rule|Sleep Moves Clause: Sleep-inducing moves are banned
|clearpoke
|poke|p1|Clefable, F|
|poke|p1|Toxapex, M|
|poke|p1|Slowking-Galar, F|
|poke|p1|Corviknight, F|
|poke|p1|Gliscor, F|
|poke|p1|Venusaur, M|
|poke|p2|Pikachu, M|
|poke|p2|Lucario, M|
|poke|p2|Zoroark, M|
|poke|p2|Gardevoir, F|
|poke|p2|Lapras, F|
|poke|p2|Charizard, M|
|teampreview
|inactive|Battle timer is ON: inactive players will automatically lose when time's up. (requested by Yunibobonai)
|
|t:|1743837452
|start
|switch|p1a: Slowking|Slowking-Galar, F|100/100
|switch|p2a: Pikachu|Pikachu, M|100/100
|turn|1
|
|t:|1743837459
|switch|p2a: Lucario|Lucario, M|100/100
|move|p1a: Slowking|Trick|p2a: Lucario
|-activate|p1a: Slowking|move: Trick|[of] p2a: Lucario
|-item|p2a: Lucario|Choice Scarf|[from] move: Trick
|-item|p1a: Slowking|Choice Scarf|[from] move: Trick
|
|upkeep
|turn|2
|
|t:|1743837484
|switch|p1a: Corviknight|Corviknight, F|100/100
|move|p2a: Lucario|Rock Slide|p1a: Corviknight
|-damage|p1a: Corviknight|83/100
|
|upkeep
|turn|3
|
|t:|1743837492
|switch|p2a: Charizard|Charizard, M|100/100
|move|p1a: Corviknight|Body Press|p2a: Charizard
|-resisted|p2a: Charizard
|-damage|p2a: Charizard|83/100
|
|upkeep
|turn|4
|
|t:|1743837503
|switch|p1a: Slowking|Slowking-Galar, F|100/100
|move|p2a: Charizard|Will-O-Wisp|p1a: Slowking
|-status|p1a: Slowking|brn
|
|-damage|p1a: Slowking|94/100 brn|[from] brn
|upkeep
|turn|5
|
|t:|1743837514
|switch|p2a: Lucario|Lucario, M|100/100
|move|p1a: Slowking|Thunder Wave|p2a: Lucario
|-status|p2a: Lucario|par
|
|-damage|p1a: Slowking|88/100 brn|[from] brn
|upkeep
|turn|6
|
|t:|1743837531
|switch|p1a: Corviknight|Corviknight, F|83/100
|move|p2a: Lucario|Close Combat|p1a: Corviknight
|-damage|p1a: Corviknight|42/100
|-unboost|p2a: Lucario|def|1
|-unboost|p2a: Lucario|spd|1
|-damage|p2a: Lucario|84/100 par|[from] item: Rocky Helmet|[of] p1a: Corviknight
|
|upkeep
|turn|7
|
|t:|1743837539
|switch|p2a: Charizard|Charizard, M|83/100
|move|p1a: Corviknight|Roost|p1a: Corviknight
|-heal|p1a: Corviknight|92/100
|-singleturn|p1a: Corviknight|move: Roost
|
|upkeep
|turn|8
|
|t:|1743837549
|switch|p1a: Slowking|Slowking-Galar, F|100/100 brn
|move|p2a: Charizard|Air Slash|p1a: Slowking
|-damage|p1a: Slowking|75/100 brn
|
|-damage|p1a: Slowking|69/100 brn|[from] brn
|upkeep
|turn|9
|
|t:|1743837558
|switch|p2a: Pikachu|Pikachu, M|100/100
|move|p1a: Slowking|Future Sight|p2a: Pikachu
|-start|p1a: Slowking|move: Future Sight
|
|-damage|p1a: Slowking|63/100 brn|[from] brn
|upkeep
|turn|10
|
|t:|1743837578
|switch|p1a: Gliscor|Gliscor, F|100/100
|move|p2a: Pikachu|Volt Tackle|p1a: Gliscor
|-immune|p1a: Gliscor
|
|-status|p1a: Gliscor|tox|[from] item: Toxic Orb
|upkeep
|turn|11
|
|t:|1743837591
|-terastallize|p2a: Pikachu|Ice
|move|p2a: Pikachu|Tera Blast|p1a: Gliscor|[anim] Tera Blast Ice
|-supereffective|p1a: Gliscor
|-damage|p1a: Gliscor|0 fnt
|faint|p1a: Gliscor
|
|-end|p2a: Pikachu|move: Future Sight
|-damage|p2a: Pikachu|0 fnt
|faint|p2a: Pikachu
|upkeep
|
|t:|1743837604
|switch|p2a: Charizard|Charizard, M|100/100
|switch|p1a: Slowking|Slowking-Galar, F|96/100 brn
|turn|12
|
|t:|1743837613
|move|p2a: Charizard|Knock Off|p1a: Slowking
|-supereffective|p1a: Slowking
|-damage|p1a: Slowking|23/100 brn
|-enditem|p1a: Slowking|Choice Scarf|[from] move: Knock Off|[of] p2a: Charizard
|move|p1a: Slowking|Trick|p2a: Charizard
|-activate|p1a: Slowking|move: Trick|[of] p2a: Charizard
|-enditem|p2a: Charizard|Focus Sash|[silent]|[from] move: Trick
|-item|p1a: Slowking|Focus Sash|[from] move: Trick
|
|-damage|p1a: Slowking|17/100 brn|[from] brn
|upkeep
|turn|13
|
|t:|1743837630
|switch|p2a: Charizard|Charizard, M|83/100
|switch|p1a: Toxapex|Toxapex, M|100/100
|
|upkeep
|turn|14
|
|t:|1743837640
|switch|p2a: Lapras|Lapras, F|100/100
|move|p1a: Toxapex|Toxic Spikes|p2a: Lapras
|-sidestart|p2: etude_suzuki|move: Toxic Spikes
|
|upkeep
|turn|15
|
|t:|1743837646
|switch|p1a: Corviknight|Corviknight, F|92/100
|move|p2a: Lapras|Freeze-Dry|p1a: Corviknight
|-damage|p1a: Corviknight|69/100
|
|upkeep
|turn|16
|
|t:|1743837655
|switch|p2a: Charizard|Charizard, M|83/100
|move|p1a: Corviknight|Body Press|p2a: Charizard
|-resisted|p2a: Charizard
|-damage|p2a: Charizard|66/100
|
|upkeep
|turn|17
|
|t:|1743837666
|switch|p1a: Toxapex|Toxapex, M|100/100
|move|p2a: Charizard|Fire Blast|p1a: Toxapex
|-resisted|p1a: Toxapex
|-damage|p1a: Toxapex|80/100
|
|upkeep
|turn|18
|
|t:|1743837680
|switch|p2a: Lapras|Lapras, F|100/100
|-status|p2a: Lapras|psn
|move|p1a: Toxapex|Liquidation|p2a: Lapras
|-immune|p2a: Lapras|[from] ability: Water Absorb
|
|-damage|p2a: Lapras|88/100 psn|[from] psn
|upkeep
|turn|19
|
|t:|1743837690
|move|p1a: Toxapex|Baneful Bunker|p1a: Toxapex
|-singleturn|p1a: Toxapex|move: Protect
|move|p2a: Lapras|Sparkling Aria|p1a: Toxapex
|-activate|p1a: Toxapex|move: Protect
|
|-damage|p2a: Lapras|75/100 psn|[from] psn
|upkeep
|turn|20
|
|t:|1743837703
|switch|p1a: Venusaur|Venusaur, M|100/100
|move|p2a: Lapras|Freeze-Dry|p1a: Venusaur
|-supereffective|p1a: Venusaur
|-damage|p1a: Venusaur|53/100
|
|-heal|p1a: Venusaur|59/100|[from] item: Leftovers
|-damage|p2a: Lapras|63/100 psn|[from] psn
|upkeep
|turn|21
|
|t:|1743837712
|move|p1a: Venusaur|Protect|p1a: Venusaur
|-singleturn|p1a: Venusaur|Protect
|move|p2a: Lapras|Freeze-Dry|p1a: Venusaur
|-activate|p1a: Venusaur|move: Protect
|
|-heal|p1a: Venusaur|65/100|[from] item: Leftovers
|-damage|p2a: Lapras|50/100 psn|[from] psn
|upkeep
|turn|22
|
|t:|1743837726
|switch|p1a: Slowking|Slowking-Galar, F|50/100 brn
|move|p2a: Lapras|Freeze-Dry|p1a: Slowking
|-damage|p1a: Slowking|30/100 brn
|
|-damage|p2a: Lapras|38/100 psn|[from] psn
|-damage|p1a: Slowking|23/100 brn|[from] brn
|upkeep
|turn|23
|
|t:|1743837736
|switch|p1a: Corviknight|Corviknight, F|69/100
|move|p2a: Lapras|Sparkling Aria|p1a: Corviknight
|-damage|p1a: Corviknight|36/100
|
|-damage|p2a: Lapras|25/100 psn|[from] psn
|upkeep
|turn|24
|
|t:|1743837745
|switch|p2a: Charizard|Charizard, M|66/100
|move|p1a: Corviknight|Roost|p1a: Corviknight
|-heal|p1a: Corviknight|87/100
|-singleturn|p1a: Corviknight|move: Roost
|
|upkeep
|turn|25
|
|t:|1743837754
|switch|p1a: Toxapex|Toxapex, M|100/100
|move|p2a: Charizard|Fire Blast|p1a: Toxapex
|-resisted|p1a: Toxapex
|-damage|p1a: Toxapex|79/100
|
|upkeep
|turn|26
|
|t:|1743837765
|switch|p2a: Lucario|Lucario, M|84/100 par
|move|p1a: Toxapex|Liquidation|p2a: Lucario
|-damage|p2a: Lucario|46/100 par
|
|upkeep
|turn|27
|
|t:|1743837773
|move|p1a: Toxapex|Baneful Bunker|p1a: Toxapex
|-singleturn|p1a: Toxapex|move: Protect
|cant|p2a: Lucario|par
|
|upkeep
|turn|28
|
|t:|1743837782
|move|p2a: Lucario|Close Combat|p1a: Toxapex
|-resisted|p1a: Toxapex
|-damage|p1a: Toxapex|54/100
|-unboost|p2a: Lucario|def|1
|-unboost|p2a: Lucario|spd|1
|-damage|p2a: Lucario|29/100 par|[from] item: Rocky Helmet|[of] p1a: Toxapex
|move|p1a: Toxapex|Liquidation|p2a: Lucario
|-damage|p2a: Lucario|0 fnt
|faint|p2a: Lucario
|
|upkeep
|
|t:|1743837797
|switch|p2a: Gardevoir|Gardevoir, F|100/100
|-status|p2a: Gardevoir|psn
|-ability|p2a: Gardevoir|Regenerator|[from] ability: Trace|[of] p1a: Toxapex
|turn|29
|
|t:|1743837805
|switch|p1a: Clefable|Clefable, F|100/100
|move|p2a: Gardevoir|Calm Mind|p2a: Gardevoir
|-boost|p2a: Gardevoir|spa|1
|-boost|p2a: Gardevoir|spd|1
|
|-damage|p2a: Gardevoir|88/100 psn|[from] psn
|upkeep
|turn|30
|
|t:|1743837813
|move|p2a: Gardevoir|Moonblast|p1a: Clefable
|-damage|p1a: Clefable|36/100
|move|p1a: Clefable|Calm Mind|p1a: Clefable
|-boost|p1a: Clefable|spa|1
|-boost|p1a: Clefable|spd|1
|
|-heal|p2a: Gardevoir|94/100 psn|[from] item: Leftovers
|-heal|p1a: Clefable|42/100|[from] item: Leftovers
|-damage|p2a: Gardevoir|82/100 psn|[from] psn
|upkeep
|turn|31
|
|t:|1743837823
|move|p2a: Gardevoir|Psyshock|p1a: Clefable
|-damage|p1a: Clefable|0 fnt
|faint|p1a: Clefable
|
|-heal|p2a: Gardevoir|88/100 psn|[from] item: Leftovers
|-damage|p2a: Gardevoir|76/100 psn|[from] psn
|upkeep
|
|t:|1743837836
|switch|p1a: Corviknight|Corviknight, F|87/100
|turn|32
|
|t:|1743837842
|move|p2a: Gardevoir|Mystical Fire|p1a: Corviknight
|-supereffective|p1a: Corviknight
|-damage|p1a: Corviknight|21/100
|-ability|p1a: Corviknight|Mirror Armor
|-unboost|p2a: Gardevoir|spa|1
|move|p1a: Corviknight|Body Press|p2a: Gardevoir
|-resisted|p2a: Gardevoir
|-damage|p2a: Gardevoir|66/100 psn
|
|-heal|p2a: Gardevoir|72/100 psn|[from] item: Leftovers
|-damage|p2a: Gardevoir|60/100 psn|[from] psn
|upkeep
|turn|33
|-message|Yunibobonai forfeited.
|
|win|etude_suzuki
|raw|Yunibobonai's rating: 1061 &rarr; <strong>1042</strong><br />(-19 for losing)
|raw|etude_suzuki's rating: 1063 &rarr; <strong>1093</strong><br />(+30 for winning)
|l|☆Yunibobonai
|player|p1|
|l|☆etude_suzuki
|player|p2|
