|j|☆morggort
|j|☆sevenighter
|t:|1743827183
|gametype|singles
|player|p1|morggort|giovanni|1113
|player|p2|sevenighter|dawn-gen4pt|1183
|teamsize|p1|6
|teamsize|p2|6
|gen|9
|tier|[Gen 9] OU
|rated|
|rule|HP Percentage Mod: HP is shown in percentages
|rule|Endless Battle Clause: Forcing endless battles is banned
|rule|Species Clause: Limit one of each Pokémon
|rule|OHKO Clause: OHKO moves are banned
|rule|Evasion Items Clause: Evasion items are banned
|rule|Evasion Moves Clause: Evasion moves are banned
|rule|Sleep Moves Clause: Sleep-inducing moves are banned
|clearpoke
|poke|p1|Slowking-Galar, F|
|poke|p1|Ursaluna, M|
|poke|p1|Greninja-*, M|
|poke|p1|Gallade, M|
|poke|p1|Skarmory, M|
|poke|p1|Mamoswine, M|
|poke|p2|Cinderace, F|
|poke|p2|Glimmora, M|
|poke|p2|Iron Valiant|
|poke|p2|Samurott-Hisui, M|
|poke|p2|Scizor, M|
|poke|p2|Meowscarada, M|
|teampreview
|inactive|Battle timer is ON: inactive players will automatically lose when time's up. (requested by sevenighter)
|
|t:|1743827189
|start
|switch|p1a: Greninja|Greninja, M|100/100
|switch|p2a: Meowscarada|Meowscarada, M, shiny|100/100
|turn|1
|
|t:|1743827196
|move|p2a: Meowscarada|Flower Trick|p1a: Greninja
|-start|p2a: Meowscarada|typechange|Grass|[from] ability: Protean
|-supereffective|p1a: Greninja
|-crit|p1a: Greninja
|-damage|p1a: Greninja|0 fnt
|faint|p1a: Greninja
|
|upkeep
|
|t:|1743827205
|switch|p1a: Gallade|Gallade, M|100/100
|turn|2
|
|t:|1743827210
|switch|p2a: Scizor|Scizor, M|100/100
|move|p1a: Gallade|Bulk Up|p1a: Gallade
|-boost|p1a: Gallade|atk|1
|-boost|p1a: Gallade|def|1
|
|upkeep
|turn|3
|
|t:|1743827218
|move|p1a: Gallade|Drain Punch|p2a: Scizor
|-damage|p2a: Scizor|41/100
|move|p2a: Scizor|Bug Bite|p1a: Gallade
|-damage|p1a: Gallade|46/100
|
|-heal|p2a: Scizor|47/100|[from] item: Leftovers
|upkeep
|turn|4
|
|t:|1743827227
|move|p2a: Scizor|Bullet Punch|p1a: Gallade
|-damage|p1a: Gallade|14/100
|move|p1a: Gallade|Psycho Cut|p2a: Scizor
|-resisted|p2a: Scizor
|-damage|p2a: Scizor|11/100
|
|-heal|p2a: Scizor|17/100|[from] item: Leftovers
|upkeep
|turn|5
|
|t:|1743827245
|-terastallize|p1a: Gallade|Psychic
|move|p2a: Scizor|Bullet Punch|p1a: Gallade
|-damage|p1a: Gallade|0 fnt
|faint|p1a: Gallade
|
|-heal|p2a: Scizor|23/100|[from] item: Leftovers
|upkeep
|
|t:|1743827255
|switch|p1a: Skarmory|Skarmory, M|100/100
|turn|6
|
|t:|1743827259
|move|p1a: Skarmory|Spikes|p2a: Scizor
|-sidestart|p2: sevenighter|Spikes
|move|p2a: Scizor|Defog|p1a: Skarmory
|-unboost|p1a: Skarmory|evasion|1
|-sideend|p2: sevenighter|Spikes|[from] move: Defog|[of] p2a: Scizor
|
|-heal|p2a: Scizor|29/100|[from] item: Leftovers
|upkeep
|turn|7
|
|t:|1743827268
|move|p1a: Skarmory|Spikes|p2a: Scizor
|-sidestart|p2: sevenighter|Spikes
|move|p2a: Scizor|Defog|p1a: Skarmory
|-unboost|p1a: Skarmory|evasion|1
|-sideend|p2: sevenighter|Spikes|[from] move: Defog|[of] p2a: Scizor
|
|-heal|p2a: Scizor|35/100|[from] item: Leftovers
|upkeep
|turn|8
|
|t:|1743827276
|move|p2a: Scizor|Defog|p1a: Skarmory
|-unboost|p1a: Skarmory|evasion|1
|move|p1a: Skarmory|Roar|p2a: Scizor
|drag|p2a: Cinderace|Cinderace, F|100/100
|
|upkeep
|turn|9
|
|t:|1743827283
|move|p2a: Cinderace|Pyro Ball|p1a: Skarmory
|-supereffective|p1a: Skarmory
|-damage|p1a: Skarmory|32/100
|-ability|p1a: Skarmory|Weak Armor|boost
|-unboost|p1a: Skarmory|def|1
|-boost|p1a: Skarmory|spe|2
|move|p1a: Skarmory|Spikes|p2a: Cinderace
|-sidestart|p2: sevenighter|Spikes
|
|upkeep
|turn|10
|
|t:|1743827292
|move|p2a: Cinderace|Pyro Ball|p1a: Skarmory
|-supereffective|p1a: Skarmory
|-damage|p1a: Skarmory|0 fnt
|faint|p1a: Skarmory
|
|upkeep
|
|t:|1743827298
|switch|p1a: Mamoswine|Mamoswine, M|100/100
|turn|11
|
|t:|1743827302
|move|p1a: Mamoswine|Earthquake|p2a: Cinderace
|-supereffective|p2a: Cinderace
|-damage|p2a: Cinderace|0 fnt
|faint|p2a: Cinderace
|
|upkeep
|
|t:|1743827307
|switch|p2a: Scizor|Scizor, M|35/100
|-damage|p2a: Scizor|23/100|[from] Spikes
|turn|12
|
|t:|1743827312
|move|p1a: Mamoswine|Earthquake|p2a: Scizor
|-damage|p2a: Scizor|0 fnt
|faint|p2a: Scizor
|
|upkeep
|
|t:|1743827316
|switch|p2a: Jack Sparrow|Samurott-Hisui, M, shiny|100/100
|-damage|p2a: Jack Sparrow|88/100|[from] Spikes
|turn|13
|
|t:|1743827322
|switch|p1a: Slowking|Slowking-Galar, F|100/100
|move|p2a: Jack Sparrow|Aqua Cutter|p1a: Slowking
|-damage|p1a: Slowking|52/100
|
|-heal|p1a: Slowking|58/100|[from] item: Leftovers
|upkeep
|turn|14
|
|t:|1743827334
|move|p2a: Jack Sparrow|Aqua Cutter|p1a: Slowking
|-damage|p1a: Slowking|6/100
|move|p1a: Slowking|Sludge Bomb|p2a: Jack Sparrow
|-damage|p2a: Jack Sparrow|29/100
|
|-heal|p1a: Slowking|12/100|[from] item: Leftovers
|upkeep
|turn|15
|
|t:|1743827342
|move|p2a: Jack Sparrow|Aqua Cutter|p1a: Slowking
|-damage|p1a: Slowking|0 fnt
|faint|p1a: Slowking
|
|upkeep
|
|t:|1743827349
|switch|p1a: Mamoswine|Mamoswine, M|100/100
|turn|16
|
|t:|1743827353
|move|p2a: Jack Sparrow|Aqua Cutter|p1a: Mamoswine
|-supereffective|p1a: Mamoswine
|-damage|p1a: Mamoswine|0 fnt
|faint|p1a: Mamoswine
|
|upkeep
|
|t:|1743827359
|switch|p1a: Ursaluna|Ursaluna, M|100/100
|turn|17
|
|t:|1743827368
|-terastallize|p2a: Jack Sparrow|Ghost
|move|p2a: Jack Sparrow|Aqua Cutter|p1a: Ursaluna
|-supereffective|p1a: Ursaluna
|-damage|p1a: Ursaluna|40/100
|move|p1a: Ursaluna|Earthquake|p2a: Jack Sparrow
|-damage|p2a: Jack Sparrow|0 fnt
|faint|p2a: Jack Sparrow
|
|-status|p1a: Ursaluna|brn|[from] item: Flame Orb
|upkeep
|
|t:|1743827377
|switch|p2a: Meowscarada|Meowscarada, M, shiny|100/100
|-damage|p2a: Meowscarada|88/100|[from] Spikes
|turn|18
|
|t:|1743827386
|move|p2a: Meowscarada|Flower Trick|p1a: Ursaluna
|-start|p2a: Meowscarada|typechange|Grass|[from] ability: Protean
|-supereffective|p1a: Ursaluna
|-crit|p1a: Ursaluna
|-damage|p1a: Ursaluna|0 fnt
|faint|p1a: Ursaluna
|
|win|sevenighter
|raw|morggort's rating: 1113 &rarr; <strong>1093</strong><br />(-20 for losing)
|raw|sevenighter's rating: 1183 &rarr; <strong>1203</strong><br />(+20 for winning)
|l|☆sevenighter
|player|p2|
|l|☆morggort
|player|p1|
