|j|☆hulenghurefeiji
|j|☆gaasss
|t:|1743844475
|gametype|singles
|player|p1|hulenghurefeiji|pokemaniac-gen2|1152
|player|p2|gaasss|nate|1206
|teamsize|p1|6
|teamsize|p2|6
|gen|9
|tier|[Gen 9] OU
|rated|
|rule|HP Percentage Mod: HP is shown in percentages
|rule|Endless Battle Clause: Forcing endless battles is banned
|rule|Species Clause: Limit one of each Pokémon
|rule|OHKO Clause: OHKO moves are banned
|rule|Evasion Items Clause: Evasion items are banned
|rule|Evasion Moves Clause: Evasion moves are banned
|rule|Sleep Moves Clause: Sleep-inducing moves are banned
|clearpoke
|poke|p1|Tinkaton, F|
|poke|p1|Darkrai|
|poke|p1|Gholdengo|
|poke|p1|Pecharunt|
|poke|p1|Kingambit, F|
|poke|p1|Zapdos|
|poke|p2|Kingambit, M|
|poke|p2|Dragonite, M|
|poke|p2|Garganacl, F|
|poke|p2|Ninetales-Alola, M|
|poke|p2|Ogerpon-Wellspring, F|
|poke|p2|Cinderace, F|
|teampreview
|inactive|Battle timer is ON: inactive players will automatically lose when time's up. (requested by hulenghurefeiji)
|
|t:|1743844481
|start
|switch|p1a: Pecharunt|Pecharunt|100/100
|switch|p2a: Ninetales|Ninetales-Alola, M|100/100
|-weather|Snowscape|[from] ability: Snow Warning|[of] p2a: Ninetales
|turn|1
|
|t:|1743844487
|move|p2a: Ninetales|Aurora Veil|p2a: Ninetales
|-sidestart|p2: gaasss|move: Aurora Veil
|move|p1a: Pecharunt|Toxic|p2a: Ninetales
|-status|p2a: Ninetales|tox
|-start|p2a: Ninetales|confusion|[from] ability: Poison Puppeteer|[of] p1a: Pecharunt
|
|-weather|Snowscape|[upkeep]
|-damage|p2a: Ninetales|94/100 tox|[from] psn
|upkeep
|turn|2
|
|t:|1743844498
|switch|p2a: Kingambit|Kingambit, M|100/100
|move|p1a: Pecharunt|Parting Shot|p2a: Kingambit
|-unboost|p2a: Kingambit|atk|1
|-ability|p2a: Kingambit|Defiant|boost
|-boost|p2a: Kingambit|atk|2
|-unboost|p2a: Kingambit|spa|1
|-ability|p2a: Kingambit|Defiant|boost
|-boost|p2a: Kingambit|atk|2
|
|t:|1743844515
|switch|p1a: Tinkaton|Tinkaton, F|100/100|[from] Parting Shot
|-ability|p1a: Tinkaton|Mold Breaker
|-item|p1a: Tinkaton|Air Balloon
|
|-weather|Snowscape|[upkeep]
|upkeep
|turn|3
|
|t:|1743844527
|move|p1a: Tinkaton|Thunder Wave|p2a: Kingambit
|-status|p2a: Kingambit|par
|move|p2a: Kingambit|Iron Head|p1a: Tinkaton
|-damage|p1a: Tinkaton|0 fnt
|-enditem|p1a: Tinkaton|Air Balloon
|faint|p1a: Tinkaton
|
|-weather|Snowscape|[upkeep]
|upkeep
|
|t:|1743844544
|switch|p1a: Zapdos|Zapdos|100/100
|turn|4
|
|t:|1743844550
|move|p1a: Zapdos|Heat Wave|p2a: Kingambit
|-supereffective|p2a: Kingambit
|-damage|p2a: Kingambit|75/100 par
|cant|p2a: Kingambit|par
|
|-weather|Snowscape|[upkeep]
|upkeep
|turn|5
|
|t:|1743844558
|move|p1a: Zapdos|Heat Wave|p2a: Kingambit
|-supereffective|p2a: Kingambit
|-damage|p2a: Kingambit|51/100 par
|move|p2a: Kingambit|Kowtow Cleave|p1a: Zapdos
|-damage|p1a: Zapdos|0 fnt
|faint|p1a: Zapdos
|
|-weather|none
|upkeep
|
|t:|1743844569
|switch|p1a: Pecharunt|Pecharunt|100/100
|turn|6
|
|t:|1743844580
|-terastallize|p1a: Pecharunt|Grass
|move|p1a: Pecharunt|Hex|p2a: Kingambit
|-resisted|p2a: Kingambit
|-damage|p2a: Kingambit|41/100 par
|move|p2a: Kingambit|Kowtow Cleave|p1a: Pecharunt
|-damage|p1a: Pecharunt|37/100
|
|-heal|p1a: Pecharunt|43/100|[from] item: Leftovers
|upkeep
|turn|7
|
|t:|1743844592
|move|p1a: Pecharunt|Hex|p2a: Kingambit
|-resisted|p2a: Kingambit
|-damage|p2a: Kingambit|32/100 par
|cant|p2a: Kingambit|par
|
|-heal|p1a: Pecharunt|49/100|[from] item: Leftovers
|upkeep
|turn|8
|
|t:|1743844598
|move|p2a: Kingambit|Sucker Punch||[still]
|-fail|p2a: Kingambit
|move|p1a: Pecharunt|Recover|p1a: Pecharunt
|-heal|p1a: Pecharunt|99/100
|
|-heal|p1a: Pecharunt|100/100|[from] item: Leftovers
|-sideend|p2: gaasss|move: Aurora Veil
|upkeep
|turn|9
|
|t:|1743844607
|switch|p2a: Cinderace|Cinderace, F|100/100
|move|p1a: Pecharunt|Hex|p2a: Cinderace
|-damage|p2a: Cinderace|70/100
|
|upkeep
|turn|10
|
|t:|1743844627
|move|p2a: Cinderace|Pyro Ball|p1a: Pecharunt|[miss]
|-miss|p2a: Cinderace|p1a: Pecharunt
|move|p1a: Pecharunt|Toxic|p2a: Cinderace
|-status|p2a: Cinderace|tox
|-start|p2a: Cinderace|confusion|[from] ability: Poison Puppeteer|[of] p1a: Pecharunt
|
|-damage|p2a: Cinderace|64/100 tox|[from] psn
|upkeep
|turn|11
|
|t:|1743844635
|switch|p2a: Garganacl|Garganacl, F|100/100
|move|p1a: Pecharunt|Hex|p2a: Garganacl
|-damage|p2a: Garganacl|94/100
|
|-heal|p2a: Garganacl|99/100|[from] item: Leftovers
|upkeep
|turn|12
|
|t:|1743844643
|switch|p1a: Gholdengo|Gholdengo|100/100
|-item|p1a: Gholdengo|Air Balloon
|move|p2a: Garganacl|Salt Cure|p1a: Gholdengo
|-resisted|p1a: Gholdengo
|-damage|p1a: Gholdengo|94/100
|-start|p1a: Gholdengo|Salt Cure
|-enditem|p1a: Gholdengo|Air Balloon
|
|-heal|p2a: Garganacl|100/100|[from] item: Leftovers
|-damage|p1a: Gholdengo|69/100|[from] Salt Cure
|upkeep
|turn|13
|
|t:|1743844660
|switch|p2a: Cinderace|Cinderace, F|64/100 tox
|move|p1a: Gholdengo|Make It Rain|p2a: Cinderace
|-resisted|p2a: Cinderace
|-damage|p2a: Cinderace|11/100 tox
|-unboost|p1a: Gholdengo|spa|1
|
|-damage|p2a: Cinderace|5/100 tox|[from] psn
|-damage|p1a: Gholdengo|44/100|[from] Salt Cure
|upkeep
|turn|14
|
|t:|1743844671
|move|p2a: Cinderace|Pyro Ball|p1a: Gholdengo
|-supereffective|p1a: Gholdengo
|-damage|p1a: Gholdengo|0 fnt
|faint|p1a: Gholdengo
|
|-damage|p2a: Cinderace|0 fnt|[from] psn
|faint|p2a: Cinderace
|upkeep
|
|t:|1743844678
|switch|p2a: Ninetales|Ninetales-Alola, M|94/100 tox
|switch|p1a: Darkrai|Darkrai|100/100
|-weather|Snowscape|[from] ability: Snow Warning|[of] p2a: Ninetales
|turn|15
|
|t:|1743844691
|move|p1a: Darkrai|Hex|p2a: Ninetales
|-damage|p2a: Ninetales|18/100 tox
|move|p2a: Ninetales|Aurora Veil|p2a: Ninetales
|-sidestart|p2: gaasss|move: Aurora Veil
|
|-weather|Snowscape|[upkeep]
|-damage|p2a: Ninetales|11/100 tox|[from] psn
|upkeep
|turn|16
|
|t:|1743844701
|move|p1a: Darkrai|Hex|p2a: Ninetales
|-damage|p2a: Ninetales|0 fnt
|faint|p2a: Ninetales
|
|-weather|Snowscape|[upkeep]
|upkeep
|
|t:|1743844706
|switch|p2a: Ogerpon|Ogerpon-Wellspring, F|100/100
|turn|17
|
|t:|1743844715
|switch|p1a: Pecharunt|Pecharunt, tera:Grass|100/100
|move|p2a: Ogerpon|Brick Break|p1a: Pecharunt
|-damage|p1a: Pecharunt|85/100
|
|-weather|Snowscape|[upkeep]
|-heal|p1a: Pecharunt|91/100|[from] item: Leftovers
|upkeep
|turn|18
|
|t:|1743844724
|switch|p2a: Kingambit|Kingambit, M|32/100 par
|move|p1a: Pecharunt|Toxic||[still]
|-fail|p1a: Pecharunt
|
|-weather|Snowscape|[upkeep]
|-heal|p1a: Pecharunt|97/100|[from] item: Leftovers
|upkeep
|turn|19
|
|t:|1743844731
|move|p1a: Pecharunt|Hex|p2a: Kingambit
|-resisted|p2a: Kingambit
|-damage|p2a: Kingambit|23/100 par
|move|p2a: Kingambit|Swords Dance|p2a: Kingambit
|-boost|p2a: Kingambit|atk|2
|
|-weather|none
|-heal|p1a: Pecharunt|100/100|[from] item: Leftovers
|upkeep
|turn|20
|
|t:|1743844739
|move|p2a: Kingambit|Sucker Punch|p1a: Pecharunt
|-damage|p1a: Pecharunt|64/100
|move|p1a: Pecharunt|Hex|p2a: Kingambit
|-resisted|p2a: Kingambit
|-damage|p2a: Kingambit|13/100 par
|
|-heal|p1a: Pecharunt|70/100|[from] item: Leftovers
|upkeep
|turn|21
|
|t:|1743844749
|move|p1a: Pecharunt|Hex|p2a: Kingambit
|-resisted|p2a: Kingambit
|-damage|p2a: Kingambit|4/100 par
|move|p2a: Kingambit|Kowtow Cleave|p1a: Pecharunt
|-damage|p1a: Pecharunt|20/100
|
|-heal|p1a: Pecharunt|27/100|[from] item: Leftovers
|upkeep
|turn|22
|
|t:|1743844759
|cant|p2a: Kingambit|par
|move|p1a: Pecharunt|Recover|p1a: Pecharunt
|-heal|p1a: Pecharunt|77/100
|
|-heal|p1a: Pecharunt|83/100|[from] item: Leftovers
|-sideend|p2: gaasss|move: Aurora Veil
|upkeep
|turn|23
|
|t:|1743844768
|switch|p2a: Dragonite|Dragonite, M|100/100
|move|p1a: Pecharunt|Hex|p2a: Dragonite
|-damage|p2a: Dragonite|79/100
|
|-heal|p1a: Pecharunt|89/100|[from] item: Leftovers
|upkeep
|turn|24
|
|t:|1743844775
|move|p2a: Dragonite|Dragon Dance|p2a: Dragonite
|-boost|p2a: Dragonite|atk|1
|-boost|p2a: Dragonite|spe|1
|move|p1a: Pecharunt|Toxic|p2a: Dragonite|[miss]
|-miss|p1a: Pecharunt|p2a: Dragonite
|
|-heal|p1a: Pecharunt|95/100|[from] item: Leftovers
|upkeep
|turn|25
|
|t:|1743844785
|-terastallize|p2a: Dragonite|Normal
|move|p2a: Dragonite|Extreme Speed|p1a: Pecharunt
|-damage|p1a: Pecharunt|66/100
|move|p1a: Pecharunt|Toxic|p2a: Dragonite
|-status|p2a: Dragonite|tox
|-start|p2a: Dragonite|confusion|[from] ability: Poison Puppeteer|[of] p1a: Pecharunt
|
|-heal|p1a: Pecharunt|72/100|[from] item: Leftovers
|-damage|p2a: Dragonite|73/100 tox|[from] psn
|upkeep
|turn|26
|
|t:|1743844797
|-activate|p2a: Dragonite|confusion
|-damage|p2a: Dragonite|48/100 tox|[from] confusion
|move|p1a: Pecharunt|Recover|p1a: Pecharunt
|-heal|p1a: Pecharunt|100/100
|
|-damage|p2a: Dragonite|36/100 tox|[from] psn
|upkeep
|turn|27
|
|t:|1743844807
|-activate|p2a: Dragonite|confusion
|move|p2a: Dragonite|Extreme Speed|p1a: Pecharunt
|-damage|p1a: Pecharunt|72/100
|move|p1a: Pecharunt|Hex|p2a: Dragonite
|-immune|p2a: Dragonite
|
|-heal|p1a: Pecharunt|78/100|[from] item: Leftovers
|-damage|p2a: Dragonite|17/100 tox|[from] psn
|upkeep
|turn|28
|
|t:|1743844817
|switch|p2a: Ogerpon|Ogerpon-Wellspring, F|100/100
|move|p1a: Pecharunt|Toxic|p2a: Ogerpon
|-status|p2a: Ogerpon|tox
|-start|p2a: Ogerpon|confusion|[from] ability: Poison Puppeteer|[of] p1a: Pecharunt
|
|-heal|p1a: Pecharunt|84/100|[from] item: Leftovers
|-damage|p2a: Ogerpon|95/100 tox|[from] psn
|upkeep
|turn|29
|
|t:|1743844827
|-activate|p2a: Ogerpon|confusion
|move|p2a: Ogerpon|Swords Dance|p2a: Ogerpon
|-boost|p2a: Ogerpon|atk|2
|move|p1a: Pecharunt|Hex|p2a: Ogerpon
|-damage|p2a: Ogerpon|50/100 tox
|
|-heal|p1a: Pecharunt|90/100|[from] item: Leftovers
|-damage|p2a: Ogerpon|39/100 tox|[from] psn
|upkeep
|turn|30
|
|t:|1743844838
|-activate|p2a: Ogerpon|confusion
|move|p2a: Ogerpon|Throat Chop|p1a: Pecharunt
|-damage|p1a: Pecharunt|62/100
|-start|p1a: Pecharunt|Throat Chop|[silent]
|move|p1a: Pecharunt|Recover|p1a: Pecharunt
|-heal|p1a: Pecharunt|100/100
|
|-damage|p2a: Ogerpon|21/100 tox|[from] psn
|upkeep
|turn|31
|
|t:|1743844849
|switch|p2a: Garganacl|Garganacl, F|100/100
|move|p1a: Pecharunt|Hex|p2a: Garganacl
|-damage|p2a: Garganacl|94/100
|
|-heal|p2a: Garganacl|100/100|[from] item: Leftovers
|-end|p1a: Pecharunt|Throat Chop|[silent]
|upkeep
|turn|32
|
|t:|1743844859
|move|p1a: Pecharunt|Parting Shot|p2a: Garganacl
|-unboost|p2a: Garganacl|atk|1
|-unboost|p2a: Garganacl|spa|1
|
|t:|1743844863
|switch|p1a: Darkrai|Darkrai|100/100|[from] Parting Shot
|move|p2a: Garganacl|Salt Cure|p1a: Darkrai
|-damage|p1a: Darkrai|88/100
|-start|p1a: Darkrai|Salt Cure
|
|-damage|p1a: Darkrai|76/100|[from] Salt Cure
|upkeep
|turn|33
|
|t:|1743844872
|move|p1a: Darkrai|Dark Pulse|p2a: Garganacl
|-damage|p2a: Garganacl|57/100
|cant|p2a: Garganacl|flinch
|
|-heal|p2a: Garganacl|63/100|[from] item: Leftovers
|-damage|p1a: Darkrai|63/100|[from] Salt Cure
|upkeep
|turn|34
|
|t:|1743844881
|move|p1a: Darkrai|Dark Pulse|p2a: Garganacl
|-damage|p2a: Garganacl|20/100
|move|p2a: Garganacl|Recover|p2a: Garganacl
|-heal|p2a: Garganacl|70/100
|
|-heal|p2a: Garganacl|76/100|[from] item: Leftovers
|-damage|p1a: Darkrai|51/100|[from] Salt Cure
|upkeep
|turn|35
|
|t:|1743844889
|move|p1a: Darkrai|Dark Pulse|p2a: Garganacl
|-damage|p2a: Garganacl|34/100
|move|p2a: Garganacl|Body Press|p1a: Darkrai
|-supereffective|p1a: Darkrai
|-damage|p1a: Darkrai|0 fnt
|faint|p1a: Darkrai
|
|-heal|p2a: Garganacl|40/100|[from] item: Leftovers
|upkeep
|
|t:|1743844901
|switch|p1a: Kingambit|Kingambit, F|100/100
|-activate|p1a: Kingambit|ability: Supreme Overlord
|-start|p1a: Kingambit|fallen4|[silent]
|turn|36
|
|t:|1743844907
|move|p1a: Kingambit|Iron Head|p2a: Garganacl
|-supereffective|p2a: Garganacl
|-damage|p2a: Garganacl|0 fnt
|faint|p2a: Garganacl
|
|upkeep
|
|t:|1743844916
|switch|p2a: Ogerpon|Ogerpon-Wellspring, F|21/100 tox
|turn|37
|
|t:|1743844922
|move|p2a: Ogerpon|Brick Break|p1a: Kingambit
|-supereffective|p1a: Kingambit
|-damage|p1a: Kingambit|8/100
|move|p1a: Kingambit|Iron Head|p2a: Ogerpon
|-resisted|p2a: Ogerpon
|-damage|p2a: Ogerpon|0 fnt
|faint|p2a: Ogerpon
|
|upkeep
|
|t:|1743844930
|switch|p2a: Dragonite|Dragonite, M, tera:Normal|17/100 tox
|turn|38
|
|t:|1743844937
|move|p2a: Dragonite|Extreme Speed|p1a: Kingambit
|-resisted|p1a: Kingambit
|-damage|p1a: Kingambit|0 fnt
|faint|p1a: Kingambit
|-end|p1a: Kingambit|fallen4|[silent]
|
|-damage|p2a: Dragonite|11/100 tox|[from] psn
|upkeep
|
|t:|1743844939
|switch|p1a: Pecharunt|Pecharunt, tera:Grass|100/100
|turn|39
|
|t:|1743844948
|move|p2a: Dragonite|Extreme Speed|p1a: Pecharunt
|-damage|p1a: Pecharunt|80/100
|move|p1a: Pecharunt|Hex|p2a: Dragonite
|-immune|p2a: Dragonite
|
|-heal|p1a: Pecharunt|87/100|[from] item: Leftovers
|-damage|p2a: Dragonite|0 fnt|[from] psn
|faint|p2a: Dragonite
|upkeep
|
|t:|1743844957
|switch|p2a: Kingambit|Kingambit, M|4/100 par
|turn|40
|
|t:|1743844961
|move|p2a: Kingambit|Sucker Punch|p1a: Pecharunt
|-damage|p1a: Pecharunt|68/100
|move|p1a: Pecharunt|Hex|p2a: Kingambit
|-resisted|p2a: Kingambit
|-damage|p2a: Kingambit|0 fnt
|faint|p2a: Kingambit
|
|win|hulenghurefeiji
|raw|hulenghurefeiji's rating: 1152 &rarr; <strong>1181</strong><br />(+29 for winning)
|raw|gaasss's rating: 1206 &rarr; <strong>1177</strong><br />(-29 for losing)
|c|☆hulenghurefeiji|gg
