|j|☆browoo42
|j|☆surprise blissey
|t:|1743866629
|gametype|singles
|player|p1|browoo42|1|1515
|player|p2|surprise blissey|blaine|1504
|teamsize|p1|6
|teamsize|p2|6
|gen|9
|tier|[Gen 9] OU
|rated|
|rule|HP Percentage Mod: HP is shown in percentages
|rule|Endless Battle Clause: Forcing endless battles is banned
|rule|Species Clause: Limit one of each Pokémon
|rule|OHKO Clause: OHKO moves are banned
|rule|Evasion Items Clause: Evasion items are banned
|rule|Evasion Moves Clause: Evasion moves are banned
|rule|Sleep Moves Clause: Sleep-inducing moves are banned
|clearpoke
|poke|p1|Jirachi|
|poke|p1|Dragonite, M|
|poke|p1|Crawdaunt, M|
|poke|p1|Mew|
|poke|p1|Corviknight, M|
|poke|p1|Dragapult, F|
|poke|p2|Blissey, F|
|poke|p2|Dondozo, F|
|poke|p2|Gliscor, F|
|poke|p2|Pecharunt|
|poke|p2|Regice|
|poke|p2|Clefable, F|
|teampreview
|inactive|Battle timer is ON: inactive players will automatically lose when time's up. (requested by surprise blissey)
|
|t:|1743866640
|start
|switch|p1a: Mew|Mew|100/100
|switch|p2a: Gliscor|Gliscor, F|100/100
|turn|1
|
|t:|1743866647
|move|p2a: Gliscor|Protect|p2a: Gliscor
|-singleturn|p2a: Gliscor|Protect
|move|p1a: Mew|Volt Switch|p2a: Gliscor
|-activate|p2a: Gliscor|move: Protect
|
|-status|p2a: Gliscor|tox|[from] item: Toxic Orb
|upkeep
|turn|2
|
|t:|1743866656
|move|p1a: Mew|Ice Beam|p2a: Gliscor
|-supereffective|p2a: Gliscor
|-damage|p2a: Gliscor|0 fnt
|faint|p2a: Gliscor
|-damage|p1a: Mew|91/100|[from] item: Life Orb
|
|upkeep
|
|t:|1743866661
|switch|p2a: Clefable|Clefable, F|100/100
|turn|3
|inactive|browoo42 has 120 seconds left.
|
|t:|1743866701
|move|p1a: Mew|Volt Switch|p2a: Clefable
|-damage|p2a: Clefable|77/100
|-damage|p1a: Mew|81/100|[from] item: Life Orb
|
|t:|1743866707
|switch|p1a: Jirachi|Jirachi|100/100|[from] Volt Switch
|move|p2a: Clefable|Calm Mind|p2a: Clefable
|-boost|p2a: Clefable|spa|1
|-boost|p2a: Clefable|spd|1
|
|upkeep
|turn|4
|
|t:|1743866716
|move|p1a: Jirachi|Iron Head|p2a: Clefable
|-supereffective|p2a: Clefable
|-damage|p2a: Clefable|22/100
|move|p2a: Clefable|Knock Off|p1a: Jirachi
|-supereffective|p1a: Jirachi
|-damage|p1a: Jirachi|68/100
|-enditem|p1a: Jirachi|Choice Scarf|[from] move: Knock Off|[of] p2a: Clefable
|
|upkeep
|turn|5
|inactive|browoo42 has 120 seconds left.
|
|t:|1743866726
|move|p1a: Jirachi|Iron Head|p2a: Clefable
|-supereffective|p2a: Clefable
|-damage|p2a: Clefable|0 fnt
|faint|p2a: Clefable
|
|-damage|p1a: Jirachi|55/100|[from] item: Sticky Barb
|upkeep
|
|t:|1743866733
|switch|p2a: Pecharunt|Pecharunt|100/100
|turn|6
|
|t:|1743866735
|move|p1a: Jirachi|Trick|p2a: Pecharunt
|-activate|p1a: Jirachi|move: Trick|[of] p2a: Pecharunt
|-item|p2a: Pecharunt|Sticky Barb|[from] move: Trick
|-item|p1a: Jirachi|Heavy-Duty Boots|[from] move: Trick
|move|p2a: Pecharunt|Parting Shot|p1a: Jirachi
|-unboost|p1a: Jirachi|atk|1
|-unboost|p1a: Jirachi|spa|1
|
|t:|1743866745
|switch|p2a: Blissey|Blissey, F|100/100|[from] Parting Shot
|
|upkeep
|turn|7
|
|t:|1743866749
|move|p1a: Jirachi|Drain Punch|p2a: Blissey
|-supereffective|p2a: Blissey
|-damage|p2a: Blissey|70/100
|-heal|p1a: Jirachi|85/100|[from] drain|[of] p2a: Blissey
|move|p2a: Blissey|Stealth Rock|p1a: Jirachi
|-sidestart|p1: browoo42|move: Stealth Rock
|
|upkeep
|turn|8
|-message|surprise blissey forfeited.
|
|win|browoo42
|raw|browoo42's rating: 1515 &rarr; <strong>1534</strong><br />(+19 for winning)
|raw|surprise blissey's rating: 1504 &rarr; <strong>1485</strong><br />(-19 for losing)
|l|☆surprise blissey
|player|p2|
|l|☆browoo42
|player|p1|
