|badge|p2|bronze|gen9ou|100-5
|uhtml|medal-msg|<div class="broadcast-blue">Curious what those medals under the avatar are? PS now has Ladder Seasons! For more information, check out the <a href="https://www.smogon.com/forums/threads/3740067/">thread on Smogon.</a></div>
|j|☆a jellyfish
|j|☆MiaTaylor612
|t:|1743877251
|gametype|singles
|player|p1|a jellyfish|yellow|1786
|player|p2|MiaTaylor612|idol|1940
|teamsize|p1|6
|teamsize|p2|6
|gen|9
|tier|[Gen 9] OU
|rated|
|rule|HP Percentage Mod: HP is shown in percentages
|rule|Endless Battle Clause: Forcing endless battles is banned
|rule|Species Clause: Limit one of each Pokémon
|rule|OHKO Clause: OHKO moves are banned
|rule|Evasion Items Clause: Evasion items are banned
|rule|Evasion Moves Clause: Evasion moves are banned
|rule|Sleep Moves Clause: Sleep-inducing moves are banned
|clearpoke
|poke|p1|Ting-Lu|
|poke|p1|Hatterene, F|
|poke|p1|Kingambit, F|
|poke|p1|Pecharunt|
|poke|p1|Ogerpon-Wellspring, F|
|poke|p1|Raging Bolt|
|poke|p2|Garchomp, F|
|poke|p2|Slowking-Galar, M|
|poke|p2|Gholdengo|
|poke|p2|Moltres|
|poke|p2|Iron Valiant|
|poke|p2|Kingambit, F|
|teampreview
|inactive|Battle timer is ON: inactive players will automatically lose when time's up. (requested by MiaTaylor612)
|inactive|a jellyfish also wants the timer to be on.
|
|t:|1743877266
|start
|switch|p1a: Ting-Lu|Ting-Lu|100/100
|switch|p2a: Gholdengo|Gholdengo|100/100
|-ability|p1a: Ting-Lu|Vessel of Ruin
|turn|1
|
|t:|1743877273
|switch|p2a: Garchomp|Garchomp, F|100/100
|move|p1a: Ting-Lu|Spikes|p2a: Garchomp
|-sidestart|p2: MiaTaylor612|Spikes
|
|upkeep
|turn|2
|
|t:|1743877277
|move|p2a: Garchomp|Earthquake|p1a: Ting-Lu
|-damage|p1a: Ting-Lu|79/100
|move|p1a: Ting-Lu|Ruination|p2a: Garchomp|[miss]
|-miss|p1a: Ting-Lu|p2a: Garchomp
|
|upkeep
|turn|3
|
|t:|1743877282
|move|p2a: Garchomp|Earthquake|p1a: Ting-Lu
|-damage|p1a: Ting-Lu|56/100
|move|p1a: Ting-Lu|Ruination|p2a: Garchomp
|-damage|p2a: Garchomp|50/100
|
|upkeep
|turn|4
|
|t:|1743877285
|switch|p1a: Ogerpon|Ogerpon-Wellspring, F|100/100
|move|p2a: Garchomp|Earthquake|p1a: Ogerpon
|-resisted|p1a: Ogerpon
|-damage|p1a: Ogerpon|73/100
|
|upkeep
|turn|5
|
|t:|1743877292
|switch|p1a: Hatterene|Hatterene, F|100/100
|move|p2a: Garchomp|Spikes|p1a: Hatterene
|move|p1a: Hatterene|Spikes|p2a: Garchomp|[from] ability: Magic Bounce
|-sidestart|p2: MiaTaylor612|Spikes
|
|upkeep
|turn|6
|
|t:|1743877306
|switch|p1a: Ting-Lu|Ting-Lu|56/100
|-ability|p1a: Ting-Lu|Vessel of Ruin
|move|p2a: Garchomp|Earthquake|p1a: Ting-Lu
|-damage|p1a: Ting-Lu|32/100
|
|upkeep
|turn|7
|
|t:|1743877320
|switch|p1a: Hatterene|Hatterene, F|100/100
|move|p2a: Garchomp|Spikes|p1a: Hatterene
|move|p1a: Hatterene|Spikes|p2a: Garchomp|[from] ability: Magic Bounce
|-sidestart|p2: MiaTaylor612|Spikes
|
|upkeep
|turn|8
|
|t:|1743877323
|move|p2a: Garchomp|Earthquake|p1a: Hatterene
|-damage|p1a: Hatterene|63/100
|move|p1a: Hatterene|Draining Kiss|p2a: Garchomp
|-supereffective|p2a: Garchomp
|-damage|p2a: Garchomp|9/100
|-heal|p1a: Hatterene|100/100|[from] drain|[of] p2a: Garchomp
|-damage|p1a: Hatterene|88/100|[from] ability: Rough Skin|[of] p2a: Garchomp
|-damage|p1a: Hatterene|72/100|[from] item: Rocky Helmet|[of] p2a: Garchomp
|
|-heal|p1a: Hatterene|78/100|[from] item: Leftovers
|upkeep
|turn|9
|
|t:|1743877328
|move|p2a: Garchomp|Earthquake|p1a: Hatterene
|-damage|p1a: Hatterene|42/100
|move|p1a: Hatterene|Draining Kiss|p2a: Garchomp
|-supereffective|p2a: Garchomp
|-damage|p2a: Garchomp|0 fnt
|-heal|p1a: Hatterene|51/100|[from] drain|[of] p2a: Garchomp
|-damage|p1a: Hatterene|39/100|[from] ability: Rough Skin|[of] p2a: Garchomp
|-damage|p1a: Hatterene|22/100|[from] item: Rocky Helmet|[of] p2a: Garchomp
|faint|p2a: Garchomp
|
|-heal|p1a: Hatterene|28/100|[from] item: Leftovers
|upkeep
|
|t:|1743877333
|switch|p2a: Gholdengo|Gholdengo|100/100
|turn|10
|
|t:|1743877338
|switch|p1a: Kingambit|Kingambit, F|100/100
|move|p2a: Gholdengo|Make It Rain|p1a: Kingambit
|-resisted|p1a: Kingambit
|-crit|p1a: Kingambit
|-damage|p1a: Kingambit|62/100
|-unboost|p2a: Gholdengo|spa|1
|
|upkeep
|turn|11
|
|t:|1743877344
|switch|p2a: Slowking|Slowking-Galar, M|100/100
|-end|p1a: Kingambit|fallenundefined|[silent]
|switch|p1a: Ogerpon|Ogerpon-Wellspring, F|73/100
|
|upkeep
|turn|12
|inactive|a jellyfish has 120 seconds left.
|
|t:|1743877376
|-terastallize|p1a: Ogerpon|Water
|detailschange|p1a: Ogerpon|Ogerpon-Wellspring-Tera, F, tera:Water
|-ability|p1a: Ogerpon|Embody Aspect (Wellspring)|boost
|-boost|p1a: Ogerpon|spd|1
|move|p1a: Ogerpon|Knock Off|p2a: Slowking
|-supereffective|p2a: Slowking
|-damage|p2a: Slowking|16/100
|-enditem|p2a: Slowking|Heavy-Duty Boots|[from] move: Knock Off|[of] p1a: Ogerpon
|move|p2a: Slowking|Sludge Bomb|p1a: Ogerpon
|-damage|p1a: Ogerpon|45/100
|
|upkeep
|turn|13
|
|t:|1743877384
|move|p1a: Ogerpon|Ivy Cudgel|p2a: Slowking|[anim] Ivy Cudgel Water
|-damage|p2a: Slowking|0 fnt
|faint|p2a: Slowking
|
|upkeep
|
|t:|1743877387
|switch|p2a: Iron Valiant|Iron Valiant|100/100
|turn|14
|
|t:|1743877400
|switch|p1a: Hatterene|Hatterene, F|28/100
|move|p2a: Iron Valiant|Close Combat|p1a: Hatterene
|-resisted|p1a: Hatterene
|-damage|p1a: Hatterene|15/100
|-unboost|p2a: Iron Valiant|def|1
|-unboost|p2a: Iron Valiant|spd|1
|
|-heal|p1a: Hatterene|21/100|[from] item: Leftovers
|upkeep
|turn|15
|
|t:|1743877406
|move|p2a: Iron Valiant|Knock Off|p1a: Hatterene
|-damage|p1a: Hatterene|0 fnt
|-enditem|p1a: Hatterene|Leftovers|[from] move: Knock Off|[of] p2a: Iron Valiant
|faint|p1a: Hatterene
|
|upkeep
|
|t:|1743877423
|switch|p1a: Pecharunt|Pecharunt|100/100
|turn|16
|
|t:|1743877427
|-end|p2a: Iron Valiant|Quark Drive|[silent]
|switch|p2a: Gholdengo|Gholdengo|100/100
|move|p1a: Pecharunt|Malignant Chain|p2a: Gholdengo
|-immune|p2a: Gholdengo
|
|upkeep
|turn|17
|
|t:|1743877436
|switch|p2a: Moltres|Moltres|100/100
|move|p1a: Pecharunt|Shadow Ball|p2a: Moltres
|-crit|p2a: Moltres
|-damage|p2a: Moltres|71/100
|
|upkeep
|turn|18
|
|t:|1743877444
|move|p1a: Pecharunt|Parting Shot|p2a: Moltres
|-unboost|p2a: Moltres|atk|1
|-unboost|p2a: Moltres|spa|1
|
|t:|1743877445
|switch|p1a: Raging Bolt|Raging Bolt|100/100|[from] Parting Shot
|move|p2a: Moltres|U-turn|p1a: Raging Bolt
|-damage|p1a: Raging Bolt|91/100
|
|t:|1743877455
|switch|p2a: Kingambit|Kingambit, F|100/100|[from] U-turn
|-damage|p2a: Kingambit|76/100|[from] Spikes
|-activate|p2a: Kingambit|ability: Supreme Overlord
|-start|p2a: Kingambit|fallen2|[silent]
|
|-heal|p2a: Kingambit|82/100|[from] item: Leftovers
|upkeep
|turn|19
|
|t:|1743877461
|move|p1a: Raging Bolt|Volt Switch|p2a: Kingambit
|-damage|p2a: Kingambit|5/100
|
|t:|1743877462
|-end|p1a: Raging Bolt|Protosynthesis|[silent]
|switch|p1a: Ting-Lu|Ting-Lu|32/100|[from] Volt Switch
|-ability|p1a: Ting-Lu|Vessel of Ruin
|move|p2a: Kingambit|Kowtow Cleave|p1a: Ting-Lu
|-resisted|p1a: Ting-Lu
|-damage|p1a: Ting-Lu|17/100
|-damage|p2a: Kingambit|0 fnt|[from] item: Rocky Helmet|[of] p1a: Ting-Lu
|faint|p2a: Kingambit
|-end|p2a: Kingambit|fallen2|[silent]
|
|upkeep
|
|t:|1743877466
|switch|p2a: Iron Valiant|Iron Valiant|100/100
|turn|20
|
|t:|1743877476
|switch|p1a: Pecharunt|Pecharunt|100/100
|move|p2a: Iron Valiant|Moonblast|p1a: Pecharunt
|-resisted|p1a: Pecharunt
|-damage|p1a: Pecharunt|80/100
|-unboost|p1a: Pecharunt|spa|1
|
|upkeep
|turn|21
|
|t:|1743877480
|-terastallize|p2a: Iron Valiant|Dark
|move|p2a: Iron Valiant|Knock Off|p1a: Pecharunt
|-supereffective|p1a: Pecharunt
|-damage|p1a: Pecharunt|19/100
|-enditem|p1a: Pecharunt|Shuca Berry|[from] move: Knock Off|[of] p2a: Iron Valiant
|move|p1a: Pecharunt|Malignant Chain|p2a: Iron Valiant
|-damage|p2a: Iron Valiant|60/100
|
|upkeep
|turn|22
|
|t:|1743877490
|switch|p1a: Ting-Lu|Ting-Lu|17/100
|-ability|p1a: Ting-Lu|Vessel of Ruin
|move|p2a: Iron Valiant|Moonblast|p1a: Ting-Lu
|-supereffective|p1a: Ting-Lu
|-damage|p1a: Ting-Lu|0 fnt
|faint|p1a: Ting-Lu
|
|upkeep
|
|t:|1743877501
|switch|p1a: Raging Bolt|Raging Bolt|91/100
|turn|23
|
|t:|1743877511
|move|p1a: Raging Bolt|Thunderclap||[still]
|-fail|p1a: Raging Bolt
|move|p2a: Iron Valiant|Encore|p1a: Raging Bolt
|-start|p1a: Raging Bolt|Encore
|
|upkeep
|turn|24
|
|t:|1743877519
|move|p1a: Raging Bolt|Thunderclap||[still]
|-fail|p1a: Raging Bolt
|move|p2a: Iron Valiant|Encore||[still]
|-fail|p2a: Iron Valiant
|
|upkeep
|turn|25
|j| ollierob1
|inactive|a jellyfish has 120 seconds left.
|
|t:|1743877558
|-end|p1a: Raging Bolt|Protosynthesis|[silent]
|switch|p1a: Kingambit|Kingambit, F|62/100
|-activate|p1a: Kingambit|ability: Supreme Overlord
|-start|p1a: Kingambit|fallen2|[silent]
|move|p2a: Iron Valiant|Moonblast|p1a: Kingambit
|-damage|p1a: Kingambit|21/100
|
|upkeep
|turn|26
|inactive|a jellyfish has 120 seconds left.
|
|t:|1743877566
|move|p1a: Kingambit|Sucker Punch|p2a: Iron Valiant
|-resisted|p2a: Iron Valiant
|-damage|p2a: Iron Valiant|29/100
|move|p2a: Iron Valiant|Moonblast|p1a: Kingambit
|-damage|p1a: Kingambit|0 fnt
|faint|p1a: Kingambit
|-end|p1a: Kingambit|fallen2|[silent]
|
|upkeep
|
|t:|1743877568
|switch|p1a: Raging Bolt|Raging Bolt|91/100
|turn|27
|l| ollierob1
|
|t:|1743877576
|-end|p2a: Iron Valiant|Quark Drive|[silent]
|switch|p2a: Moltres|Moltres|71/100
|move|p1a: Raging Bolt|Volt Switch|p2a: Moltres
|-supereffective|p2a: Moltres
|-damage|p2a: Moltres|0 fnt
|faint|p2a: Moltres
|
|t:|1743877588
|-end|p1a: Raging Bolt|Protosynthesis|[silent]
|switch|p1a: Ogerpon|Ogerpon-Wellspring-Tera, F, tera:Water|45/100|[from] Volt Switch
|-ability|p1a: Ogerpon|Embody Aspect (Wellspring)|boost
|-boost|p1a: Ogerpon|spd|1
|
|upkeep
|
|t:|1743877592
|switch|p2a: Iron Valiant|Iron Valiant, tera:Dark|29/100
|turn|28
|
|t:|1743877602
|switch|p1a: Pecharunt|Pecharunt|19/100
|move|p2a: Iron Valiant|Close Combat|p1a: Pecharunt
|-immune|p1a: Pecharunt
|
|upkeep
|turn|29
|
|t:|1743877609
|move|p2a: Iron Valiant|Knock Off|p1a: Pecharunt
|-supereffective|p1a: Pecharunt
|-damage|p1a: Pecharunt|0 fnt
|faint|p1a: Pecharunt
|
|upkeep
|j| dilf huntr
|
|t:|1743877611
|switch|p1a: Raging Bolt|Raging Bolt|91/100
|turn|30
|
|t:|1743877614
|move|p2a: Iron Valiant|Encore||[still]
|-fail|p2a: Iron Valiant
|move|p1a: Raging Bolt|Volt Switch|p2a: Iron Valiant
|-damage|p2a: Iron Valiant|0 fnt
|faint|p2a: Iron Valiant
|-end|p2a: Iron Valiant|Quark Drive|[silent]
|
|t:|1743877616
|-end|p1a: Raging Bolt|Protosynthesis|[silent]
|switch|p1a: Ogerpon|Ogerpon-Wellspring-Tera, F, tera:Water|45/100|[from] Volt Switch
|-ability|p1a: Ogerpon|Embody Aspect (Wellspring)|boost
|-boost|p1a: Ogerpon|spd|1
|
|upkeep
|-message|MiaTaylor612 forfeited.
|
|win|a jellyfish
|raw|a jellyfish's rating: 1786 &rarr; <strong>1814</strong><br />(+28 for winning)
|raw|MiaTaylor612's rating: 1940 &rarr; <strong>1912</strong><br />(-28 for losing)
|l|☆MiaTaylor612
|player|p2|
|l|☆a jellyfish
|player|p1|
|l| dilf huntr
