|j|☆kabutopzboy
|j|☆ISEEEEEEYOUBABYB0I
|t:|1743825535
|gametype|singles
|player|p1|kabutopzboy|n|1192
|player|p2|ISEEEEEEYOUBABYB0I|unknown|1235
|teamsize|p1|6
|teamsize|p2|6
|gen|9
|tier|[Gen 9] OU
|rated|
|rule|HP Percentage Mod: HP is shown in percentages
|rule|Endless Battle Clause: Forcing endless battles is banned
|rule|Species Clause: Limit one of each Pokémon
|rule|OHKO Clause: OHKO moves are banned
|rule|Evasion Items Clause: Evasion items are banned
|rule|Evasion Moves Clause: Evasion moves are banned
|rule|Sleep Moves Clause: Sleep-inducing moves are banned
|clearpoke
|poke|p1|Politoed, F|
|poke|p1|Zapdos|
|poke|p1|Overqwil, M|
|poke|p1|Blastoise, M|
|poke|p1|Conkeldurr, F|
|poke|p1|Florges, F|
|poke|p2|Great Tusk|
|poke|p2|Landorus-Therian, M|
|poke|p2|Slowking-Galar, M|
|poke|p2|Zamazenta-*|
|poke|p2|Raging Bolt|
|poke|p2|Pecharunt|
|teampreview
|inactive|Battle timer is ON: inactive players will automatically lose when time's up. (requested by ISEEEEEEYOUBABYB0I)
|
|t:|1743825539
|start
|switch|p1a: Toad|Politoed, F|100/100
|switch|p2a: 5|Landorus-Therian, M, shiny|100/100
|-ability|p2a: 5|Intimidate|boost
|-unboost|p1a: Toad|atk|1
|-weather|RainDance|[from] ability: Drizzle|[of] p1a: Toad
|turn|1
|
|t:|1743825554
|move|p2a: 5|U-turn|p1a: Toad
|-damage|p1a: Toad|72/100
|
|t:|1743825558
|switch|p2a: D|Zamazenta, shiny|100/100|[from] U-turn
|-ability|p2a: D|Dauntless Shield|boost
|-boost|p2a: D|def|1
|move|p1a: Toad|Weather Ball|p2a: D
|-damage|p2a: D|65/100
|
|-weather|RainDance|[upkeep]
|upkeep
|turn|2
|
|t:|1743825568
|move|p2a: D|Close Combat|p1a: Toad
|-damage|p1a: Toad|5/100
|-unboost|p2a: D|def|1
|-unboost|p2a: D|spd|1
|move|p1a: Toad|Weather Ball|p2a: D
|-crit|p2a: D
|-damage|p2a: D|0 fnt
|faint|p2a: D
|
|-weather|RainDance|[upkeep]
|upkeep
|
|t:|1743825578
|switch|p2a: 5|Landorus-Therian, M, shiny|100/100
|-ability|p2a: 5|Intimidate|boost
|-unboost|p1a: Toad|atk|1
|turn|3
|
|t:|1743825582
|move|p2a: 5|U-turn|p1a: Toad
|-damage|p1a: Toad|0 fnt
|faint|p1a: Toad
|
|t:|1743825589
|switch|p2a: Raiku|Raging Bolt|100/100|[from] U-turn
|
|-weather|RainDance|[upkeep]
|upkeep
|
|t:|1743825594
|switch|p1a: Zapp|Zapdos|100/100
|turn|4
|
|t:|1743825599
|move|p1a: Zapp|Volt Switch|p2a: Raiku
|-resisted|p2a: Raiku
|-damage|p2a: Raiku|97/100
|
|t:|1743825603
|switch|p1a: Bla$t|Blastoise, M|100/100|[from] Volt Switch
|move|p2a: Raiku|Dragon Pulse|p1a: Bla$t
|-damage|p1a: Bla$t|48/100
|
|-weather|RainDance|[upkeep]
|-heal|p1a: Bla$t|54/100|[from] ability: Rain Dish
|upkeep
|turn|5
|
|t:|1743825612
|-terastallize|p1a: Bla$t|Ground
|move|p1a: Bla$t|Shell Smash|p1a: Bla$t
|-unboost|p1a: Bla$t|def|1
|-unboost|p1a: Bla$t|spd|1
|-boost|p1a: Bla$t|atk|2
|-boost|p1a: Bla$t|spa|2
|-boost|p1a: Bla$t|spe|2
|-enditem|p1a: Bla$t|White Herb
|-clearnegativeboost|p1a: Bla$t|[silent]
|move|p2a: Raiku|Thunderbolt|p1a: Bla$t
|-immune|p1a: Bla$t
|
|-weather|RainDance|[upkeep]
|-heal|p1a: Bla$t|60/100|[from] ability: Rain Dish
|upkeep
|turn|6
|
|t:|1743825628
|move|p1a: Bla$t|Earthquake|p2a: Raiku
|-supereffective|p2a: Raiku
|-damage|p2a: Raiku|0 fnt
|faint|p2a: Raiku
|-end|p2a: Raiku|Protosynthesis|[silent]
|
|-weather|RainDance|[upkeep]
|-heal|p1a: Bla$t|66/100|[from] ability: Rain Dish
|upkeep
|inactive|ISEEEEEEYOUBABYB0I has 120 seconds left.
|
|t:|1743825651
|switch|p2a: cosmos|Pecharunt|100/100
|turn|7
|
|t:|1743825654
|-terastallize|p2a: cosmos|Fairy
|move|p1a: Bla$t|Earthquake|p2a: cosmos
|-damage|p2a: cosmos|64/100
|move|p2a: cosmos|Toxic|p1a: Bla$t
|-status|p1a: Bla$t|tox
|-start|p1a: Bla$t|confusion|[from] ability: Poison Puppeteer|[of] p2a: cosmos
|
|-weather|RainDance|[upkeep]
|-heal|p1a: Bla$t|72/100 tox|[from] ability: Rain Dish
|-heal|p2a: cosmos|70/100|[from] item: Leftovers
|-damage|p1a: Bla$t|66/100 tox|[from] psn
|upkeep
|turn|8
|
|t:|1743825668
|switch|p1a: Overqwil|Overqwil, M, shiny|100/100
|move|p2a: cosmos|Recover|p2a: cosmos
|-heal|p2a: cosmos|100/100
|
|-weather|none
|upkeep
|turn|9
|
|t:|1743825675
|switch|p2a: Great Tusk|Great Tusk, shiny|100/100
|move|p1a: Overqwil|Swords Dance|p1a: Overqwil
|-boost|p1a: Overqwil|atk|2
|
|upkeep
|turn|10
|
|t:|1743825684
|switch|p1a: Zapp|Zapdos|100/100
|move|p2a: Great Tusk|Headlong Rush|p1a: Zapp
|-immune|p1a: Zapp
|
|upkeep
|turn|11
|
|t:|1743825694
|-end|p2a: Great Tusk|Protosynthesis|[silent]
|switch|p2a: Slowking|Slowking-Galar, M, shiny|100/100
|move|p1a: Zapp|Electric Terrain|p1a: Zapp
|-fieldstart|move: Electric Terrain
|
|upkeep
|turn|12
|
|t:|1743825699
|move|p1a: Zapp|Volt Switch|p2a: Slowking
|-damage|p2a: Slowking|85/100
|
|t:|1743825703
|switch|p1a: Conkeldurr|Conkeldurr, F|100/100|[from] Volt Switch
|-enditem|p1a: Conkeldurr|Electric Seed
|-boost|p1a: Conkeldurr|def|1|[from] item: Electric Seed
|move|p2a: Slowking|Sludge Wave|p1a: Conkeldurr
|-damage|p1a: Conkeldurr|49/100
|
|upkeep
|turn|13
|
|t:|1743825712
|move|p1a: Conkeldurr|Thunder Punch|p2a: Slowking
|-damage|p2a: Slowking|46/100
|move|p2a: Slowking|Sludge Wave|p1a: Conkeldurr
|-damage|p1a: Conkeldurr|0 fnt
|faint|p1a: Conkeldurr
|
|upkeep
|
|t:|1743825720
|switch|p1a: Florges|Florges, F|100/100
|-enditem|p1a: Florges|Electric Seed
|-boost|p1a: Florges|def|1|[from] item: Electric Seed
|turn|14
|
|t:|1743825725
|move|p1a: Florges|Calm Mind|p1a: Florges
|-boost|p1a: Florges|spa|1
|-boost|p1a: Florges|spd|1
|move|p2a: Slowking|Sludge Wave|p1a: Florges
|-supereffective|p1a: Florges
|-damage|p1a: Florges|56/100
|
|upkeep
|turn|15
|
|t:|1743825734
|move|p1a: Florges|Calm Mind|p1a: Florges
|-boost|p1a: Florges|spa|1
|-boost|p1a: Florges|spd|1
|move|p2a: Slowking|Sludge Wave|p1a: Florges
|-supereffective|p1a: Florges
|-damage|p1a: Florges|23/100
|
|-fieldend|move: Electric Terrain
|upkeep
|turn|16
|
|t:|1743825740
|move|p1a: Florges|Draining Kiss|p2a: Slowking
|-resisted|p2a: Slowking
|-damage|p2a: Slowking|36/100
|-heal|p1a: Florges|33/100|[from] drain|[of] p2a: Slowking
|move|p2a: Slowking|Future Sight|p1a: Florges
|-start|p2a: Slowking|move: Future Sight
|
|upkeep
|turn|17
|
|t:|1743825747
|move|p1a: Florges|Draining Kiss|p2a: Slowking
|-resisted|p2a: Slowking
|-damage|p2a: Slowking|27/100
|-heal|p1a: Florges|43/100|[from] drain|[of] p2a: Slowking
|move|p2a: Slowking|Sludge Wave|p1a: Florges
|-supereffective|p1a: Florges
|-damage|p1a: Florges|13/100
|
|upkeep
|turn|18
|
|t:|1743825760
|move|p1a: Florges|Copycat|p1a: Florges
|move|p1a: Florges|Sludge Wave|p2a: Slowking|[from] move: Copycat
|-resisted|p2a: Slowking
|-damage|p2a: Slowking|14/100
|move|p2a: Slowking|Sludge Wave|p1a: Florges
|-supereffective|p1a: Florges
|-damage|p1a: Florges|0 fnt
|faint|p1a: Florges
|
|-hint|Future Sight did not hit because the target is fainted.
|upkeep
|
|t:|1743825769
|switch|p1a: Zapp|Zapdos|100/100
|turn|19
|
|t:|1743825774
|switch|p2a: Great Tusk|Great Tusk, shiny|100/100
|move|p1a: Zapp|Electric Terrain|p1a: Zapp
|-fieldstart|move: Electric Terrain
|
|upkeep
|turn|20
|
|t:|1743825779
|move|p2a: Great Tusk|Ice Spinner|p1a: Zapp
|-supereffective|p1a: Zapp
|-damage|p1a: Zapp|42/100
|-fieldend|move: Electric Terrain
|move|p1a: Zapp|Hurricane|p2a: Great Tusk
|-supereffective|p2a: Great Tusk
|-damage|p2a: Great Tusk|0 fnt
|faint|p2a: Great Tusk
|-end|p2a: Great Tusk|Protosynthesis|[silent]
|
|upkeep
|
|t:|1743825791
|switch|p2a: Slowking|Slowking-Galar, M, shiny|47/100
|turn|21
|
|t:|1743825797
|move|p1a: Zapp|Electric Terrain|p1a: Zapp
|-fieldstart|move: Electric Terrain
|move|p2a: Slowking|Future Sight|p1a: Zapp
|-start|p2a: Slowking|move: Future Sight
|
|upkeep
|turn|22
|
|t:|1743825810
|move|p1a: Zapp|Volt Switch|p2a: Slowking
|-damage|p2a: Slowking|32/100
|
|t:|1743825813
|switch|p1a: Overqwil|Overqwil, M, shiny|100/100|[from] Volt Switch
|-enditem|p1a: Overqwil|Electric Seed
|-boost|p1a: Overqwil|def|1|[from] item: Electric Seed
|move|p2a: Slowking|Surf|p1a: Overqwil
|-damage|p1a: Overqwil|58/100
|
|upkeep
|turn|23
|
|t:|1743825826
|switch|p2a: 5|Landorus-Therian, M, shiny|100/100
|-ability|p2a: 5|Intimidate|boost
|-unboost|p1a: Overqwil|atk|1
|move|p1a: Overqwil|Crunch|p2a: 5
|-damage|p2a: 5|70/100
|
|-end|p1a: Overqwil|move: Future Sight
|-immune|p1a: Overqwil
|upkeep
|turn|24
|
|t:|1743825835
|move|p2a: 5|U-turn|p1a: Overqwil
|-damage|p1a: Overqwil|37/100
|
|t:|1743825839
|switch|p2a: Slowking|Slowking-Galar, M, shiny|65/100|[from] U-turn
|move|p1a: Overqwil|Liquidation|p2a: Slowking
|-damage|p2a: Slowking|47/100
|
|upkeep
|turn|25
|
|t:|1743825846
|move|p1a: Overqwil|Swords Dance|p1a: Overqwil
|-boost|p1a: Overqwil|atk|2
|move|p2a: Slowking|Surf|p1a: Overqwil
|-damage|p1a: Overqwil|0 fnt
|faint|p1a: Overqwil
|
|-fieldend|move: Electric Terrain
|upkeep
|-message|kabutopzboy forfeited.
|
|win|ISEEEEEEYOUBABYB0I
|raw|kabutopzboy's rating: 1192 &rarr; <strong>1170</strong><br />(-22 for losing)
|raw|ISEEEEEEYOUBABYB0I's rating: 1235 &rarr; <strong>1257</strong><br />(+22 for winning)
|l|☆kabutopzboy
|player|p1|
|l|☆ISEEEEEEYOUBABYB0I
|player|p2|
