|j|‽itsumade mars
|j|☆sumerand
|t:|1743881897
|gametype|singles
|player|p1|itsumade mars|drayden|1222
|player|p2|sumerand|ghetsis|1224
|teamsize|p1|6
|teamsize|p2|6
|gen|9
|tier|[Gen 9] OU
|rated|
|rule|HP Percentage Mod: HP is shown in percentages
|rule|Endless Battle Clause: Forcing endless battles is banned
|rule|Species Clause: Limit one of each Pokémon
|rule|OHKO Clause: OHKO moves are banned
|rule|Evasion Items Clause: Evasion items are banned
|rule|Evasion Moves Clause: Evasion moves are banned
|rule|Sleep Moves Clause: Sleep-inducing moves are banned
|clearpoke
|poke|p1|Slowking-Galar, M|
|poke|p1|Skeledirge, M|
|poke|p1|Froslass, F|
|poke|p1|Araquanid, F|
|poke|p1|Landorus-Therian, M|
|poke|p1|Great Tusk|
|poke|p2|Inteleon, M|
|poke|p2|Dragapult, F|
|poke|p2|Cinderace, F|
|poke|p2|Corviknight, M|
|poke|p2|Alomomola, F|
|poke|p2|Ting-Lu|
|teampreview
|inactive|Battle timer is ON: inactive players will automatically lose when time's up. (requested by itsumade mars)
|
|t:|1743881916
|start
|switch|p1a: Araquanid|Araquanid, F|100/100
|switch|p2a: Dragapult|Dragapult, F|100/100
|turn|1
|
|t:|1743881928
|move|p2a: Dragapult|Dragon Darts|p1a: Araquanid
|-damage|p1a: Araquanid|65/100
|-anim|p2a: Dragapult|Dragon Darts|p1a: Araquanid
|-damage|p1a: Araquanid|31/100
|move|p1a: Araquanid|Sticky Web|p2a: Dragapult
|-sidestart|p2: sumerand|move: Sticky Web
|
|upkeep
|turn|2
|
|t:|1743881936
|switch|p1a: Landorus|Landorus-Therian, M|100/100
|-ability|p1a: Landorus|Intimidate|boost
|-fail|p2a: Dragapult|unboost|[from] ability: Clear Body|[of] p2a: Dragapult
|move|p2a: Dragapult|Dragon Darts|p1a: Landorus
|-damage|p1a: Landorus|54/100
|-anim|p2a: Dragapult|Dragon Darts|p1a: Landorus
|-damage|p1a: Landorus|9/100
|
|upkeep
|turn|3
|
|t:|1743881946
|switch|p1a: Skeledirge|Skeledirge, M|100/100
|move|p2a: Dragapult|Dragon Darts|p1a: Skeledirge
|-damage|p1a: Skeledirge|69/100
|-anim|p2a: Dragapult|Dragon Darts|p1a: Skeledirge
|-damage|p1a: Skeledirge|41/100
|
|upkeep
|turn|4
|
|t:|1743881954
|switch|p2a: Cinderace|Cinderace, F|100/100
|-terastallize|p1a: Skeledirge|Fairy
|move|p1a: Skeledirge|Slack Off|p1a: Skeledirge
|-heal|p1a: Skeledirge|92/100
|
|upkeep
|turn|5
|
|t:|1743881962
|move|p2a: Cinderace|Court Change|p2a: Cinderace
|-start|p2a: Cinderace|typechange|Normal|[from] ability: Libero
|-swapsideconditions
|-activate|p2a: Cinderace|move: Court Change
|move|p1a: Skeledirge|Will-O-Wisp|p2a: Cinderace
|-status|p2a: Cinderace|brn
|
|-damage|p2a: Cinderace|95/100 brn|[from] brn
|upkeep
|turn|6
|
|t:|1743881971
|switch|p2a: Inteleon|Inteleon, M|100/100
|move|p1a: Skeledirge|Torch Song|p2a: Inteleon
|-resisted|p2a: Inteleon
|-damage|p2a: Inteleon|74/100
|-boost|p1a: Skeledirge|spa|1
|
|upkeep
|turn|7
|
|t:|1743881980
|-terastallize|p2a: Inteleon|Water
|move|p2a: Inteleon|Surf|p1a: Skeledirge
|-damage|p1a: Skeledirge|13/100
|move|p1a: Skeledirge|Torch Song|p2a: Inteleon
|-resisted|p2a: Inteleon
|-damage|p2a: Inteleon|31/100
|-boost|p1a: Skeledirge|spa|1
|
|upkeep
|turn|8
|c|☆sumerand|Greedy
|
|t:|1743881992
|switch|p1a: Araquanid|Araquanid, F|31/100
|-activate|p1a: Araquanid|move: Sticky Web
|-unboost|p1a: Araquanid|spe|1
|move|p2a: Inteleon|Surf|p1a: Araquanid
|-resisted|p1a: Araquanid
|-damage|p1a: Araquanid|0 fnt
|faint|p1a: Araquanid
|
|upkeep
|-message|itsumade mars forfeited.
|
|win|sumerand
|raw|itsumade mars's rating: 1222 &rarr; <strong>1197</strong><br />(-25 for losing)
|raw|sumerand's rating: 1224 &rarr; <strong>1249</strong><br />(+25 for winning)
|c|☆sumerand|Thats all it takes for you to forfeit?
|c|☆sumerand|Weak
