|j|☆dikuccv
|j|☆bellingham is mine
|t:|1743918046
|gametype|singles
|player|p1|dikuccv|1|1151
|player|p2|bellingham is mine|skier|1175
|teamsize|p1|6
|teamsize|p2|6
|gen|9
|tier|[Gen 9] OU
|rated|
|rule|HP Percentage Mod: HP is shown in percentages
|rule|Endless Battle Clause: Forcing endless battles is banned
|rule|Species Clause: Limit one of each Pokémon
|rule|OHKO Clause: OHKO moves are banned
|rule|Evasion Items Clause: Evasion items are banned
|rule|Evasion Moves Clause: Evasion moves are banned
|rule|Sleep Moves Clause: Sleep-inducing moves are banned
|clearpoke
|poke|p1|Iron Crown|
|poke|p1|Iron Hands|
|poke|p1|Great Tusk|
|poke|p1|Glimmora, F|
|poke|p1|Arcanine-Hisui, F|
|poke|p1|Salamence, M|
|poke|p2|Corviknight, M|
|poke|p2|Skeledirge, M|
|poke|p2|Latias, F|
|poke|p2|Ogerpon-Wellspring, F|
|poke|p2|Slowking-Galar, F|
|poke|p2|Mew|
|teampreview
|c|☆bellingham is mine|er
|inactive|Battle timer is ON: inactive players will automatically lose when time's up. (requested by bellingham is mine)
|
|t:|1743918055
|start
|switch|p1a: Arcanine|Arcanine-Hisui, F|100/100
|switch|p2a: Ogerpon|Ogerpon-Wellspring, F|100/100
|turn|1
|
|t:|1743918059
|-terastallize|p1a: Arcanine|Normal
|move|p2a: Ogerpon|Ivy Cudgel|p1a: Arcanine|[anim] Ivy Cudgel Water
|-damage|p1a: Arcanine|41/100
|move|p1a: Arcanine|Double-Edge|p2a: Ogerpon
|-damage|p2a: Ogerpon|0 fnt
|faint|p2a: Ogerpon
|-damage|p1a: Arcanine|31/100|[from] item: Life Orb
|
|upkeep
|
|t:|1743918068
|switch|p2a: Skeledirge|Skeledirge, M|100/100
|turn|2
|
|t:|1743918073
|move|p1a: Arcanine|Crunch|p2a: Skeledirge
|-supereffective|p2a: Skeledirge
|-damage|p2a: Skeledirge|63/100
|-damage|p1a: Arcanine|21/100|[from] item: Life Orb
|move|p2a: Skeledirge|Torch Song|p1a: Arcanine
|-damage|p1a: Arcanine|0 fnt
|-boost|p2a: Skeledirge|spa|1
|faint|p1a: Arcanine
|
|upkeep
|
|t:|1743918087
|switch|p1a: Glimmora|Glimmora, F|100/100
|turn|3
|
|t:|1743918096
|move|p1a: Glimmora|Meteor Beam||[still]
|-prepare|p1a: Glimmora|Meteor Beam
|-boost|p1a: Glimmora|spa|1
|-enditem|p1a: Glimmora|Power Herb
|-anim|p1a: Glimmora|Meteor Beam|p2a: Skeledirge
|-supereffective|p2a: Skeledirge
|-damage|p2a: Skeledirge|0 fnt
|faint|p2a: Skeledirge
|
|upkeep
|
|t:|1743918103
|switch|p2a: Latias|Latias, F|100/100
|turn|4
|
|t:|1743918116
|move|p2a: Latias|Calm Mind|p2a: Latias
|-boost|p2a: Latias|spa|1
|-boost|p2a: Latias|spd|1
|move|p1a: Glimmora|Dazzling Gleam|p2a: Latias
|-supereffective|p2a: Latias
|-damage|p2a: Latias|45/100
|-enditem|p2a: Latias|Weakness Policy
|-boost|p2a: Latias|atk|2|[from] item: Weakness Policy
|-boost|p2a: Latias|spa|2|[from] item: Weakness Policy
|
|upkeep
|turn|5
|
|t:|1743918128
|move|p2a: Latias|Stored Power|p1a: Glimmora
|-supereffective|p1a: Glimmora
|-damage|p1a: Glimmora|0 fnt
|faint|p1a: Glimmora
|
|upkeep
|
|t:|1743918133
|switch|p1a: Salamence|Salamence, M|100/100
|-ability|p1a: Salamence|Intimidate|boost
|-unboost|p2a: Latias|atk|1
|turn|6
|
|t:|1743918144
|move|p2a: Latias|Draco Meteor|p1a: Salamence
|-supereffective|p1a: Salamence
|-damage|p1a: Salamence|0 fnt
|-unboost|p2a: Latias|spa|2
|faint|p1a: Salamence
|
|upkeep
|
|t:|1743918152
|switch|p1a: Iron Crown|Iron Crown|100/100
|-enditem|p1a: Iron Crown|Booster Energy
|-activate|p1a: Iron Crown|ability: Quark Drive|[fromitem]
|-start|p1a: Iron Crown|quarkdrivespe
|turn|7
|
|t:|1743918159
|switch|p2a: Slowking|Slowking-Galar, F|100/100
|move|p1a: Iron Crown|Calm Mind|p1a: Iron Crown
|-boost|p1a: Iron Crown|spa|1
|-boost|p1a: Iron Crown|spd|1
|
|upkeep
|turn|8
|
|t:|1743918164
|move|p1a: Iron Crown|Iron Defense|p1a: Iron Crown
|-boost|p1a: Iron Crown|def|2
|-prepare|p2a: Slowking|Chilly Reception|[premajor]
|move|p2a: Slowking|Chilly Reception|p2a: Slowking
|-weather|Snowscape
|
|t:|1743918166
|switch|p2a: Mew|Mew, shiny|100/100|[from] Chilly Reception
|
|-weather|Snowscape|[upkeep]
|upkeep
|turn|9
|
|t:|1743918170
|move|p1a: Iron Crown|Calm Mind|p1a: Iron Crown
|-boost|p1a: Iron Crown|spa|1
|-boost|p1a: Iron Crown|spd|1
|move|p2a: Mew|Knock Off|p1a: Iron Crown
|-supereffective|p1a: Iron Crown
|-damage|p1a: Iron Crown|84/100
|
|-weather|Snowscape|[upkeep]
|upkeep
|turn|10
|-message|bellingham is mine forfeited.
|
|win|dikuccv
|raw|dikuccv's rating: 1151 &rarr; <strong>1178</strong><br />(+27 for winning)
|raw|bellingham is mine's rating: 1175 &rarr; <strong>1148</strong><br />(-27 for losing)
|l|☆bellingham is mine
|player|p2|
|l|☆dikuccv
|player|p1|
