|j|☆Rocktar Made
|j|☆kshuaib734
|t:|1743890114
|gametype|singles
|player|p1|Rocktar Made|lass-gen4dp|1775
|player|p2|kshuaib734|steven|1666
|teamsize|p1|6
|teamsize|p2|6
|gen|9
|tier|[Gen 9] OU
|rated|
|rule|HP Percentage Mod: HP is shown in percentages
|rule|Endless Battle Clause: Forcing endless battles is banned
|rule|Species Clause: Limit one of each Pokémon
|rule|OHKO Clause: OHKO moves are banned
|rule|Evasion Items Clause: Evasion items are banned
|rule|Evasion Moves Clause: Evasion moves are banned
|rule|Sleep Moves Clause: Sleep-inducing moves are banned
|clearpoke
|poke|p1|Weezing-Galar, F|
|poke|p1|Alomomola, M|
|poke|p1|Enamorus, F|
|poke|p1|Iron Treads|
|poke|p1|Lokix, M|
|poke|p1|Zamazenta-*|
|poke|p2|Tyranitar, M|
|poke|p2|Jolteon, F|
|poke|p2|Pelipper, F|
|poke|p2|Quaquaval, M|
|poke|p2|Overqwil, M|
|poke|p2|Excadrill, F|
|teampreview
|inactive|Battle timer is ON: inactive players will automatically lose when time's up. (requested by Rocktar Made)
|inactive|kshuaib734 also wants the timer to be on.
|
|t:|1743890131
|start
|switch|p1a: Weezing|Weezing-Galar, F|100/100
|switch|p2a: King Tyrant|Tyranitar, M|100/100
|-ability|p1a: Weezing|Neutralizing Gas
|turn|1
|
|t:|1743890136
|move|p1a: Weezing|Will-O-Wisp|p2a: King Tyrant
|-status|p2a: King Tyrant|brn
|move|p2a: King Tyrant|Knock Off|p1a: Weezing
|-resisted|p1a: Weezing
|-damage|p1a: Weezing|94/100
|-enditem|p1a: Weezing|Leftovers|[from] move: Knock Off|[of] p2a: King Tyrant
|
|-damage|p2a: King Tyrant|94/100 brn|[from] brn
|upkeep
|turn|2
|
|t:|1743890145
|move|p1a: Weezing|Pain Split|p2a: King Tyrant
|-sethp|p2a: King Tyrant|86/100 brn|[from] move: Pain Split|[silent]
|-sethp|p1a: Weezing|100/100|[from] move: Pain Split
|move|p2a: King Tyrant|Stealth Rock|p1a: Weezing
|-sidestart|p1: Rocktar Made|move: Stealth Rock
|
|-damage|p2a: King Tyrant|80/100 brn|[from] brn
|upkeep
|turn|3
|
|t:|1743890152
|switch|p2a: Tyrant's Legacy|Excadrill, F|100/100
|move|p1a: Weezing|Defog|p2a: Tyrant's Legacy
|-unboost|p2a: Tyrant's Legacy|evasion|1
|-sideend|p1: Rocktar Made|Stealth Rock|[from] move: Defog|[of] p1a: Weezing
|
|upkeep
|turn|4
|
|t:|1743890159
|-end|p1a: Weezing|ability: Neutralizing Gas
|switch|p1a: Alomomola|Alomomola, M|100/100
|move|p2a: Tyrant's Legacy|Iron Head|p1a: Alomomola
|-resisted|p1a: Alomomola
|-damage|p1a: Alomomola|79/100
|-damage|p2a: Tyrant's Legacy|91/100|[from] item: Life Orb
|
|upkeep
|turn|5
|
|t:|1743890167
|-terastallize|p2a: Tyrant's Legacy|Electric
|move|p2a: Tyrant's Legacy|Tera Blast|p1a: Alomomola|[anim] Tera Blast Electric
|-supereffective|p1a: Alomomola
|-damage|p1a: Alomomola|0 fnt
|faint|p1a: Alomomola
|-damage|p2a: Tyrant's Legacy|81/100|[from] item: Life Orb
|
|upkeep
|
|t:|1743890174
|switch|p1a: Enamorus|Enamorus, F|100/100
|turn|6
|
|t:|1743890180
|switch|p2a: Tyrant's Envoy|Jolteon, F|100/100
|move|p1a: Enamorus|Moonblast|p2a: Tyrant's Envoy
|-damage|p2a: Tyrant's Envoy|0 fnt
|faint|p2a: Tyrant's Envoy
|
|upkeep
|
|t:|1743890190
|switch|p2a: King Tyrant|Tyranitar, M|80/100 brn
|-weather|Sandstorm|[from] ability: Sand Stream|[of] p2a: King Tyrant
|turn|7
|
|t:|1743890201
|switch|p1a: Iron Treads|Iron Treads|100/100
|switch|p2a: Tyrant's Legacy|Excadrill, F, tera:Electric|81/100
|
|-weather|Sandstorm|[upkeep]
|upkeep
|turn|8
|
|t:|1743890208
|move|p2a: Tyrant's Legacy|Earthquake|p1a: Iron Treads
|-supereffective|p1a: Iron Treads
|-damage|p1a: Iron Treads|0 fnt
|faint|p1a: Iron Treads
|-end|p1a: Iron Treads|Quark Drive|[silent]
|-damage|p2a: Tyrant's Legacy|71/100|[from] item: Life Orb
|
|-weather|Sandstorm|[upkeep]
|upkeep
|
|t:|1743890210
|switch|p1a: Zamazenta|Zamazenta|100/100
|-ability|p1a: Zamazenta|Dauntless Shield|boost
|-boost|p1a: Zamazenta|def|1
|turn|9
|
|t:|1743890216
|move|p2a: Tyrant's Legacy|Earthquake|p1a: Zamazenta
|-damage|p1a: Zamazenta|52/100
|-damage|p2a: Tyrant's Legacy|61/100|[from] item: Life Orb
|move|p1a: Zamazenta|Close Combat|p2a: Tyrant's Legacy
|-damage|p2a: Tyrant's Legacy|0 fnt
|-unboost|p1a: Zamazenta|def|1
|-unboost|p1a: Zamazenta|spd|1
|faint|p2a: Tyrant's Legacy
|-damage|p1a: Zamazenta|43/100|[from] item: Life Orb
|
|-weather|Sandstorm|[upkeep]
|-damage|p1a: Zamazenta|36/100|[from] Sandstorm
|upkeep
|
|t:|1743890229
|switch|p2a: Tyrant's Downpour|Pelipper, F|100/100
|-weather|RainDance|[from] ability: Drizzle|[of] p2a: Tyrant's Downpour
|turn|10
|
|t:|1743890236
|move|p1a: Zamazenta|Stone Edge|p2a: Tyrant's Downpour|[miss]
|-miss|p1a: Zamazenta|p2a: Tyrant's Downpour
|move|p2a: Tyrant's Downpour|U-turn|p1a: Zamazenta
|-resisted|p1a: Zamazenta
|-damage|p1a: Zamazenta|32/100
|
|t:|1743890256
|switch|p2a: Tyrant's Enforcer|Overqwil, M|100/100|[from] U-turn
|
|-weather|RainDance|[upkeep]
|upkeep
|turn|11
|
|t:|1743890264
|move|p2a: Tyrant's Enforcer|Liquidation|p1a: Zamazenta
|-damage|p1a: Zamazenta|3/100
|-unboost|p1a: Zamazenta|def|1
|move|p1a: Zamazenta|Close Combat|p2a: Tyrant's Enforcer
|-damage|p2a: Tyrant's Enforcer|39/100
|-unboost|p1a: Zamazenta|def|1
|-unboost|p1a: Zamazenta|spd|1
|-damage|p1a: Zamazenta|0 fnt|[from] item: Life Orb
|faint|p1a: Zamazenta
|
|-weather|RainDance|[upkeep]
|-heal|p2a: Tyrant's Enforcer|45/100|[from] item: Leftovers
|upkeep
|
|t:|1743890267
|switch|p1a: Lokix|Lokix, M|100/100
|turn|12
|
|t:|1743890279
|move|p1a: Lokix|First Impression|p2a: Tyrant's Enforcer
|-damage|p2a: Tyrant's Enforcer|0 fnt
|faint|p2a: Tyrant's Enforcer
|
|-weather|RainDance|[upkeep]
|upkeep
|
|t:|1743890284
|switch|p2a: Tyrant's Endgame|Quaquaval, M|100/100
|turn|13
|
|t:|1743890287
|switch|p1a: Weezing|Weezing-Galar, F|100/100
|-ability|p1a: Weezing|Neutralizing Gas
|move|p2a: Tyrant's Endgame|Aqua Step|p1a: Weezing
|-damage|p1a: Weezing|52/100
|-boost|p2a: Tyrant's Endgame|spe|1
|
|-weather|RainDance|[upkeep]
|upkeep
|turn|14
|
|t:|1743890296
|move|p2a: Tyrant's Endgame|Wave Crash|p1a: Weezing
|-damage|p1a: Weezing|0 fnt
|faint|p1a: Weezing
|-end|p1a: Weezing|ability: Neutralizing Gas
|-ability|p2a: Tyrant's Endgame|Moxie|boost
|-boost|p2a: Tyrant's Endgame|atk|1
|-damage|p2a: Tyrant's Endgame|83/100|[from] Recoil
|
|-weather|RainDance|[upkeep]
|upkeep
|
|t:|1743890297
|switch|p1a: Lokix|Lokix, M|100/100
|turn|15
|
|t:|1743890306
|switch|p2a: King Tyrant|Tyranitar, M|80/100 brn
|-weather|Sandstorm|[from] ability: Sand Stream|[of] p2a: King Tyrant
|-terastallize|p1a: Lokix|Bug
|move|p1a: Lokix|First Impression|p2a: King Tyrant
|-supereffective|p2a: King Tyrant
|-damage|p2a: King Tyrant|0 fnt
|faint|p2a: King Tyrant
|
|-weather|Sandstorm|[upkeep]
|-damage|p1a: Lokix|94/100|[from] Sandstorm
|upkeep
|
|t:|1743890321
|switch|p2a: Tyrant's Endgame|Quaquaval, M|83/100
|turn|16
|
|t:|1743890324
|switch|p1a: Enamorus|Enamorus, F|100/100
|move|p2a: Tyrant's Endgame|Aqua Step|p1a: Enamorus
|-damage|p1a: Enamorus|11/100
|-boost|p2a: Tyrant's Endgame|spe|1
|
|-weather|Sandstorm|[upkeep]
|-damage|p2a: Tyrant's Endgame|76/100|[from] Sandstorm
|-damage|p1a: Enamorus|5/100|[from] Sandstorm
|upkeep
|turn|17
|
|t:|1743890334
|move|p2a: Tyrant's Endgame|Aqua Step|p1a: Enamorus
|-damage|p1a: Enamorus|0 fnt
|-boost|p2a: Tyrant's Endgame|spe|1
|faint|p1a: Enamorus
|-ability|p2a: Tyrant's Endgame|Moxie|boost
|-boost|p2a: Tyrant's Endgame|atk|1
|
|-weather|Sandstorm|[upkeep]
|-damage|p2a: Tyrant's Endgame|70/100|[from] Sandstorm
|upkeep
|
|t:|1743890336
|switch|p1a: Lokix|Lokix, M, tera:Bug|94/100
|turn|18
|
|t:|1743890347
|move|p2a: Tyrant's Endgame|Aqua Step|p1a: Lokix
|-damage|p1a: Lokix|0 fnt
|-boost|p2a: Tyrant's Endgame|spe|1
|faint|p1a: Lokix
|
|win|kshuaib734
|raw|Rocktar Made's rating: 1775 &rarr; <strong>1749</strong><br />(-26 for losing)
|raw|kshuaib734's rating: 1666 &rarr; <strong>1692</strong><br />(+26 for winning)
|l|☆kshuaib734
|player|p2|
