|j|☆Koto5blue
|j|☆TeaPause
|t:|1743890699
|gametype|singles
|player|p1|Koto5blue|falkner|1505
|player|p2|TeaPause|waiter|1471
|teamsize|p1|6
|teamsize|p2|6
|gen|9
|tier|[Gen 9] OU
|rated|
|rule|HP Percentage Mod: HP is shown in percentages
|rule|Endless Battle Clause: Forcing endless battles is banned
|rule|Species Clause: Limit one of each Pokémon
|rule|OHKO Clause: OHKO moves are banned
|rule|Evasion Items Clause: Evasion items are banned
|rule|Evasion Moves Clause: Evasion moves are banned
|rule|Sleep Moves Clause: Sleep-inducing moves are banned
|clearpoke
|poke|p1|Empoleon, F|
|poke|p1|Corviknight, M|
|poke|p1|Great Tusk|
|poke|p1|Slowking-Galar, F|
|poke|p1|Meowscarada, M|
|poke|p1|Cinderace, M|
|poke|p2|Scyther, M|
|poke|p2|Great Tusk|
|poke|p2|Magnezone|
|poke|p2|Weavile, F|
|poke|p2|Slowking, M|
|poke|p2|Iron Valiant|
|teampreview
|inactive|Battle timer is ON: inactive players will automatically lose when time's up. (requested by TeaPause)
|inactive|Koto5blue also wants the timer to be on.
|
|t:|1743890718
|start
|switch|p1a: Meowscarada|Meowscarada, M|100/100
|switch|p2a: Scyther|Scyther, M|100/100
|turn|1
|
|t:|1743890729
|move|p1a: Meowscarada|U-turn|p2a: Scyther
|-start|p1a: Meowscarada|typechange|Bug|[from] ability: Protean
|-resisted|p2a: Scyther
|-damage|p2a: Scyther|83/100
|
|t:|1743890732
|switch|p1a: Corviknight|Corviknight, M|100/100|[from] U-turn
|-ability|p1a: Corviknight|Pressure
|move|p2a: Scyther|Swords Dance|p2a: Scyther
|-boost|p2a: Scyther|atk|2
|
|upkeep
|turn|2
|
|t:|1743890745
|move|p2a: Scyther|Dual Wingbeat|p1a: Corviknight
|-resisted|p1a: Corviknight
|-damage|p1a: Corviknight|82/100
|-damage|p2a: Scyther|67/100|[from] item: Rocky Helmet|[of] p1a: Corviknight
|-resisted|p1a: Corviknight
|-damage|p1a: Corviknight|62/100
|-damage|p2a: Scyther|51/100|[from] item: Rocky Helmet|[of] p1a: Corviknight
|-hitcount|p1a: Corviknight|2
|move|p1a: Corviknight|Iron Defense|p1a: Corviknight
|-boost|p1a: Corviknight|def|2
|
|upkeep
|turn|3
|
|t:|1743890758
|switch|p2a: Slowking|Slowking, M|100/100
|move|p1a: Corviknight|Roost|p1a: Corviknight
|-heal|p1a: Corviknight|100/100
|-singleturn|p1a: Corviknight|move: Roost
|
|upkeep
|turn|4
|
|t:|1743890766
|move|p1a: Corviknight|U-turn|p2a: Slowking
|-supereffective|p2a: Slowking
|-damage|p2a: Slowking|71/100
|-damage|p1a: Corviknight|84/100|[from] item: Rocky Helmet|[of] p2a: Slowking
|
|t:|1743890771
|switch|p1a: Meowscarada|Meowscarada, M|100/100|[from] U-turn
|move|p2a: Slowking|Scald|p1a: Meowscarada
|-resisted|p1a: Meowscarada
|-damage|p1a: Meowscarada|79/100
|
|upkeep
|turn|5
|
|t:|1743890781
|-terastallize|p2a: Slowking|Poison
|move|p1a: Meowscarada|Knock Off|p2a: Slowking
|-start|p1a: Meowscarada|typechange|Dark|[from] ability: Protean
|-damage|p2a: Slowking|26/100
|-damage|p1a: Meowscarada|63/100|[from] item: Rocky Helmet|[of] p2a: Slowking
|-enditem|p2a: Slowking|Rocky Helmet|[from] move: Knock Off|[of] p1a: Meowscarada
|move|p2a: Slowking|Scald|p1a: Meowscarada
|-damage|p1a: Meowscarada|21/100
|-status|p1a: Meowscarada|brn
|
|-damage|p1a: Meowscarada|14/100 brn|[from] brn
|upkeep
|turn|6
|
|t:|1743890795
|move|p1a: Meowscarada|Knock Off|p2a: Slowking
|-damage|p2a: Slowking|13/100
|-prepare|p2a: Slowking|Chilly Reception|[premajor]
|move|p2a: Slowking|Chilly Reception|p2a: Slowking
|-weather|Snowscape
|
|t:|1743890805
|switch|p2a: Weavile|Weavile, F|100/100|[from] Chilly Reception
|-ability|p2a: Weavile|Pressure
|
|-weather|Snowscape|[upkeep]
|-damage|p1a: Meowscarada|8/100 brn|[from] brn
|upkeep
|turn|7
|
|t:|1743890815
|switch|p1a: Corviknight|Corviknight, M|84/100
|-ability|p1a: Corviknight|Pressure
|move|p2a: Weavile|Ice Shard|p1a: Corviknight
|-damage|p1a: Corviknight|68/100
|-damage|p2a: Weavile|91/100|[from] item: Life Orb
|
|-weather|Snowscape|[upkeep]
|upkeep
|turn|8
|
|t:|1743890827
|switch|p2a: Slowking|Slowking, M, tera:Poison|46/100
|move|p1a: Corviknight|U-turn|p2a: Slowking
|-resisted|p2a: Slowking
|-damage|p2a: Slowking|39/100
|
|t:|1743890834
|switch|p1a: Cinderace|Cinderace, M|100/100|[from] U-turn
|
|-weather|Snowscape|[upkeep]
|upkeep
|turn|9
|
|t:|1743890847
|switch|p2a: Great Tusk|Great Tusk|100/100
|-enditem|p2a: Great Tusk|Booster Energy
|-activate|p2a: Great Tusk|ability: Protosynthesis|[fromitem]
|-start|p2a: Great Tusk|protosynthesisatk
|move|p1a: Cinderace|Pyro Ball|p2a: Great Tusk
|-damage|p2a: Great Tusk|54/100
|
|-weather|Snowscape|[upkeep]
|upkeep
|turn|10
|
|t:|1743890862
|switch|p1a: Corviknight|Corviknight, M|68/100
|-ability|p1a: Corviknight|Pressure
|move|p2a: Great Tusk|Close Combat|p1a: Corviknight
|-damage|p1a: Corviknight|6/100
|-unboost|p2a: Great Tusk|def|1
|-unboost|p2a: Great Tusk|spd|1
|-damage|p2a: Great Tusk|37/100|[from] item: Rocky Helmet|[of] p1a: Corviknight
|
|-weather|none
|upkeep
|turn|11
|
|t:|1743890872
|-terastallize|p1a: Corviknight|Ghost
|move|p2a: Great Tusk|Temper Flare|p1a: Corviknight
|-damage|p1a: Corviknight|0 fnt
|-damage|p2a: Great Tusk|21/100|[from] item: Rocky Helmet|[of] p1a: Corviknight
|faint|p1a: Corviknight
|
|upkeep
|
|t:|1743890880
|switch|p1a: Meowscarada|Meowscarada, M|8/100 brn
|turn|12
|
|t:|1743890889
|-end|p2a: Great Tusk|Protosynthesis|[silent]
|switch|p2a: Magnezone|Magnezone|100/100
|move|p1a: Meowscarada|Flower Trick|p2a: Magnezone
|-start|p1a: Meowscarada|typechange|Grass|[from] ability: Protean
|-resisted|p2a: Magnezone
|-crit|p2a: Magnezone
|-damage|p2a: Magnezone|92/100
|
|-damage|p1a: Meowscarada|2/100 brn|[from] brn
|upkeep
|turn|13
|
|t:|1743890902
|move|p1a: Meowscarada|Flower Trick|p2a: Magnezone
|-resisted|p2a: Magnezone
|-crit|p2a: Magnezone
|-damage|p2a: Magnezone|83/100
|move|p2a: Magnezone|Flash Cannon|p1a: Meowscarada
|-damage|p1a: Meowscarada|0 fnt
|faint|p1a: Meowscarada
|
|upkeep
|
|t:|1743890907
|switch|p1a: Cinderace|Cinderace, M|100/100
|turn|14
|
|t:|1743890913
|switch|p2a: Great Tusk|Great Tusk|21/100
|move|p1a: Cinderace|Pyro Ball|p2a: Great Tusk
|-damage|p2a: Great Tusk|0 fnt
|faint|p2a: Great Tusk
|-end|p2a: Great Tusk|Protosynthesis|[silent]
|
|upkeep
|
|t:|1743890919
|switch|p2a: Slowking|Slowking, M, tera:Poison|72/100
|turn|15
|
|t:|1743890924
|move|p1a: Cinderace|U-turn|p2a: Slowking
|-start|p1a: Cinderace|typechange|Bug|[from] ability: Libero
|-resisted|p2a: Slowking
|-damage|p2a: Slowking|54/100
|
|t:|1743890931
|switch|p1a: Great Tusk|Great Tusk|100/100|[from] U-turn
|move|p2a: Slowking|Scald|p1a: Great Tusk
|-supereffective|p1a: Great Tusk
|-damage|p1a: Great Tusk|23/100
|
|upkeep
|turn|16
|
|t:|1743890941
|move|p1a: Great Tusk|Stealth Rock|p2a: Slowking
|-sidestart|p2: TeaPause|move: Stealth Rock
|move|p2a: Slowking|Scald|p1a: Great Tusk
|-supereffective|p1a: Great Tusk
|-crit|p1a: Great Tusk
|-damage|p1a: Great Tusk|0 fnt
|faint|p1a: Great Tusk
|-end|p1a: Great Tusk|Protosynthesis|[silent]
|
|upkeep
|
|t:|1743890943
|switch|p1a: Empoleon|Empoleon, F|100/100
|turn|17
|
|t:|1743890952
|move|p1a: Empoleon|Hydro Pump|p2a: Slowking
|-damage|p2a: Slowking|13/100
|move|p2a: Slowking|Scald|p1a: Empoleon
|-resisted|p1a: Empoleon
|-damage|p1a: Empoleon|88/100
|
|upkeep
|turn|18
|
|t:|1743890961
|move|p1a: Empoleon|Hydro Pump|p2a: Slowking
|-damage|p2a: Slowking|0 fnt
|faint|p2a: Slowking
|
|upkeep
|
|t:|1743890965
|switch|p2a: Magnezone|Magnezone|83/100
|-damage|p2a: Magnezone|77/100|[from] Stealth Rock
|turn|19
|
|t:|1743890974
|move|p1a: Empoleon|Hydro Pump|p2a: Magnezone
|-damage|p2a: Magnezone|28/100
|move|p2a: Magnezone|Body Press|p1a: Empoleon
|-supereffective|p1a: Empoleon
|-damage|p1a: Empoleon|14/100
|
|upkeep
|turn|20
|
|t:|1743890980
|move|p2a: Magnezone|Volt Switch|p1a: Empoleon
|-supereffective|p1a: Empoleon
|-damage|p1a: Empoleon|0 fnt
|faint|p1a: Empoleon
|
|t:|1743890989
|switch|p2a: Scyther|Scyther, M|51/100|[from] Volt Switch
|-damage|p2a: Scyther|1/100|[from] Stealth Rock
|
|upkeep
|
|t:|1743890995
|switch|p1a: Cinderace|Cinderace, M|100/100
|turn|21
|
|t:|1743891001
|move|p2a: Scyther|Quick Attack|p1a: Cinderace
|-damage|p1a: Cinderace|75/100
|move|p1a: Cinderace|Sucker Punch||[still]
|-fail|p1a: Cinderace
|
|upkeep
|turn|22
|
|t:|1743891008
|move|p2a: Scyther|Swords Dance|p2a: Scyther
|-boost|p2a: Scyther|atk|2
|move|p1a: Cinderace|Pyro Ball|p2a: Scyther
|-supereffective|p2a: Scyther
|-damage|p2a: Scyther|0 fnt
|faint|p2a: Scyther
|
|upkeep
|
|t:|1743891014
|switch|p2a: Iron Valiant|Iron Valiant|100/100
|-damage|p2a: Iron Valiant|94/100|[from] Stealth Rock
|turn|23
|
|t:|1743891023
|switch|p1a: Slowking|Slowking-Galar, F|100/100
|move|p2a: Iron Valiant|Trick|p1a: Slowking
|-activate|p2a: Iron Valiant|move: Trick|[of] p1a: Slowking
|-item|p1a: Slowking|Choice Scarf|[from] move: Trick
|-item|p2a: Iron Valiant|Assault Vest|[from] move: Trick
|
|upkeep
|turn|24
|
|t:|1743891048
|-end|p2a: Iron Valiant|Quark Drive|[silent]
|switch|p2a: Magnezone|Magnezone|28/100
|-damage|p2a: Magnezone|22/100|[from] Stealth Rock
|move|p1a: Slowking|Flamethrower|p2a: Magnezone
|-supereffective|p2a: Magnezone
|-damage|p2a: Magnezone|0 fnt
|faint|p2a: Magnezone
|
|upkeep
|
|t:|1743891057
|switch|p2a: Weavile|Weavile, F|91/100
|-damage|p2a: Weavile|66/100|[from] Stealth Rock
|-ability|p2a: Weavile|Pressure
|turn|25
|
|t:|1743891064
|move|p2a: Weavile|Knock Off|p1a: Slowking
|-supereffective|p1a: Slowking
|-damage|p1a: Slowking|0 fnt
|-enditem|p1a: Slowking|Choice Scarf|[from] move: Knock Off|[of] p2a: Weavile
|faint|p1a: Slowking
|-damage|p2a: Weavile|56/100|[from] item: Life Orb
|
|upkeep
|
|t:|1743891066
|switch|p1a: Cinderace|Cinderace, M|75/100
|turn|26
|
|t:|1743891074
|move|p1a: Cinderace|Sucker Punch|p2a: Weavile
|-start|p1a: Cinderace|typechange|Dark|[from] ability: Libero
|-resisted|p2a: Weavile
|-damage|p2a: Weavile|25/100
|move|p2a: Weavile|Knock Off|p1a: Cinderace
|-resisted|p1a: Cinderace
|-damage|p1a: Cinderace|34/100
|-enditem|p1a: Cinderace|Heavy-Duty Boots|[from] move: Knock Off|[of] p2a: Weavile
|-damage|p2a: Weavile|15/100|[from] item: Life Orb
|
|upkeep
|turn|27
|
|t:|1743891083
|move|p2a: Weavile|Ice Shard|p1a: Cinderace
|-damage|p1a: Cinderace|0 fnt
|faint|p1a: Cinderace
|-damage|p2a: Weavile|5/100|[from] item: Life Orb
|
|win|TeaPause
|raw|Koto5blue's rating: 1505 &rarr; <strong>1483</strong><br />(-22 for losing)
|raw|TeaPause's rating: 1471 &rarr; <strong>1493</strong><br />(+22 for winning)
|l|☆Koto5blue
|player|p1|
|l|☆TeaPause
|player|p2|
