|j|☆rderor19
|j|☆mrguestbs
|t:|1743917553
|gametype|singles
|player|p1|rderor19|ninjaboy|1107
|player|p2|mrguestbs|roxie|1157
|teamsize|p1|6
|teamsize|p2|6
|gen|9
|tier|[Gen 9] OU
|rated|
|rule|HP Percentage Mod: HP is shown in percentages
|rule|Endless Battle Clause: Forcing endless battles is banned
|rule|Species Clause: Limit one of each Pokémon
|rule|OHKO Clause: OHKO moves are banned
|rule|Evasion Items Clause: Evasion items are banned
|rule|Evasion Moves Clause: Evasion moves are banned
|rule|Sleep Moves Clause: Sleep-inducing moves are banned
|clearpoke
|poke|p1|Incineroar, M|
|poke|p1|Excadrill, M|
|poke|p1|Pelipper, M|
|poke|p1|Kilowattrel, M|
|poke|p1|Tyranitar, M|
|poke|p1|Moltres-Galar|
|poke|p2|Kilowattrel, M|
|poke|p2|Rillaboom, F|
|poke|p2|Pecharunt|
|poke|p2|Kleavor, F|
|poke|p2|Enamorus, F|
|poke|p2|Maushold-Four|
|teampreview
|
|t:|1743917560
|start
|switch|p1a: Toño|Incineroar, M, shiny|100/100
|switch|p2a: Maushold|Maushold-Four|100/100
|-ability|p1a: Toño|Intimidate|boost
|-unboost|p2a: Maushold|atk|1
|turn|1
|
|t:|1743917565
|move|p2a: Maushold|Tidy Up|p2a: Maushold
|-boost|p2a: Maushold|atk|1
|-boost|p2a: Maushold|spe|1
|move|p1a: Toño|Knock Off|p2a: Maushold
|-damage|p2a: Maushold|25/100
|-enditem|p2a: Maushold|Wide Lens|[from] move: Knock Off|[of] p1a: Toño
|
|upkeep
|turn|2
|
|t:|1743917575
|move|p2a: Maushold|Population Bomb|p1a: Toño|[miss]
|-miss|p2a: Maushold|p1a: Toño
|move|p1a: Toño|Swords Dance|p1a: Toño
|-boost|p1a: Toño|atk|2
|
|upkeep
|turn|3
|
|t:|1743917583
|move|p2a: Maushold|Population Bomb|p1a: Toño
|-damage|p1a: Toño|88/100
|-damage|p1a: Toño|75/100
|-damage|p1a: Toño|62/100
|-damage|p1a: Toño|49/100
|-damage|p1a: Toño|35/100
|-damage|p1a: Toño|22/100
|-hitcount|p1a: Toño|6
|move|p1a: Toño|Knock Off|p2a: Maushold
|-damage|p2a: Maushold|0 fnt
|faint|p2a: Maushold
|
|upkeep
|
|t:|1743917597
|switch|p2a: Enamorus|Enamorus, F|100/100
|turn|4
|
|t:|1743917613
|-terastallize|p2a: Enamorus|Stellar
|move|p2a: Enamorus|Tera Blast|p1a: Toño|[anim] Tera Blast Stellar
|-damage|p1a: Toño|0 fnt
|-boost|p2a: Enamorus|atk|1
|-boost|p2a: Enamorus|spa|1
|faint|p1a: Toño
|
|upkeep
|
|t:|1743917620
|switch|p1a: Escombro|Excadrill, M, shiny|100/100
|-item|p1a: Escombro|Air Balloon
|turn|5
|
|t:|1743917634
|switch|p1a: Chancho|Tyranitar, M, shiny|100/100
|-weather|Sandstorm|[from] ability: Sand Stream|[of] p1a: Chancho
|move|p2a: Enamorus|Tera Blast|p1a: Chancho|[anim] Tera Blast Stellar
|-damage|p1a: Chancho|80/100
|-boost|p2a: Enamorus|atk|1
|-boost|p2a: Enamorus|spa|1
|
|-weather|Sandstorm|[upkeep]
|-damage|p2a: Enamorus|94/100|[from] Sandstorm
|upkeep
|turn|6
|
|t:|1743917651
|move|p2a: Enamorus|Moonblast|p1a: Chancho
|-supereffective|p1a: Chancho
|-damage|p1a: Chancho|0 fnt
|faint|p1a: Chancho
|
|-weather|Sandstorm|[upkeep]
|-damage|p2a: Enamorus|88/100|[from] Sandstorm
|upkeep
|
|t:|1743917654
|switch|p1a: Escombro|Excadrill, M, shiny|100/100
|-item|p1a: Escombro|Air Balloon
|turn|7
|
|t:|1743917666
|switch|p2a: Rillaboom|Rillaboom, F|100/100
|-fieldstart|move: Grassy Terrain|[from] ability: Grassy Surge|[of] p2a: Rillaboom
|move|p1a: Escombro|Iron Head|p2a: Rillaboom
|-damage|p2a: Rillaboom|59/100
|
|-weather|Sandstorm|[upkeep]
|-damage|p2a: Rillaboom|52/100|[from] Sandstorm
|-heal|p2a: Rillaboom|59/100|[from] Grassy Terrain
|upkeep
|turn|8
|
|t:|1743917677
|switch|p1a: Trueno|Kilowattrel, M, shiny|100/100
|move|p2a: Rillaboom|Wood Hammer|p1a: Trueno
|-resisted|p1a: Trueno
|-damage|p1a: Trueno|0 fnt
|faint|p1a: Trueno
|-damage|p2a: Rillaboom|36/100|[from] Recoil
|
|-weather|Sandstorm|[upkeep]
|-damage|p2a: Rillaboom|29/100|[from] Sandstorm
|-heal|p2a: Rillaboom|36/100|[from] Grassy Terrain
|upkeep
|
|t:|1743917684
|switch|p1a: Escombro|Excadrill, M, shiny|100/100
|-item|p1a: Escombro|Air Balloon
|turn|9
|
|t:|1743917691
|move|p1a: Escombro|Iron Head|p2a: Rillaboom
|-damage|p2a: Rillaboom|0 fnt
|faint|p2a: Rillaboom
|
|-weather|none
|upkeep
|
|t:|1743917701
|switch|p2a: Enamorus|Enamorus, F, tera:Stellar|88/100
|turn|10
|
|t:|1743917707
|move|p2a: Enamorus|Earth Power|p1a: Escombro
|-immune|p1a: Escombro
|move|p1a: Escombro|Swords Dance|p1a: Escombro
|-boost|p1a: Escombro|atk|2
|
|upkeep
|turn|11
|
|t:|1743917713
|move|p2a: Enamorus|Mystical Fire|p1a: Escombro
|-supereffective|p1a: Escombro
|-damage|p1a: Escombro|10/100
|-unboost|p1a: Escombro|spa|1
|-enditem|p1a: Escombro|Air Balloon
|move|p1a: Escombro|Rapid Spin|p2a: Enamorus
|-damage|p2a: Enamorus|36/100
|-boost|p1a: Escombro|spe|1
|
|-heal|p1a: Escombro|16/100|[from] Grassy Terrain
|-fieldend|move: Grassy Terrain
|upkeep
|turn|12
|
|t:|1743917723
|move|p1a: Escombro|Iron Head|p2a: Enamorus
|-supereffective|p2a: Enamorus
|-damage|p2a: Enamorus|0 fnt
|faint|p2a: Enamorus
|
|upkeep
|
|t:|1743917729
|switch|p2a: Kleavor|Kleavor, F|100/100
|turn|13
|
|t:|1743917734
|move|p1a: Escombro|Earthquake|p2a: Kleavor
|-damage|p2a: Kleavor|19/100
|move|p2a: Kleavor|Stone Axe|p1a: Escombro
|-resisted|p1a: Escombro
|-damage|p1a: Escombro|0 fnt
|-sidestart|p1: rderor19|move: Stealth Rock
|faint|p1a: Escombro
|
|upkeep
|
|t:|1743917738
|switch|p1a: Patricio|Pelipper, M, shiny|100/100
|-damage|p1a: Patricio|76/100|[from] Stealth Rock
|-weather|RainDance|[from] ability: Drizzle|[of] p1a: Patricio
|turn|14
|
|t:|1743917748
|move|p2a: Kleavor|X-Scissor|p1a: Patricio
|-resisted|p1a: Patricio
|-damage|p1a: Patricio|48/100
|move|p1a: Patricio|Tailwind|p1a: Patricio
|-sidestart|p1: rderor19|move: Tailwind
|
|-weather|RainDance|[upkeep]
|upkeep
|turn|15
|
|t:|1743917758
|move|p1a: Patricio|Ice Beam|p2a: Kleavor
|-crit|p2a: Kleavor
|-damage|p2a: Kleavor|0 fnt
|faint|p2a: Kleavor
|
|-weather|RainDance|[upkeep]
|upkeep
|
|t:|1743917764
|switch|p2a: Pecharunt|Pecharunt|100/100
|turn|16
|
|t:|1743917769
|move|p1a: Patricio|Hydro Pump|p2a: Pecharunt
|-damage|p2a: Pecharunt|23/100
|move|p2a: Pecharunt|Malignant Chain|p1a: Patricio
|-damage|p1a: Patricio|1/100
|
|-weather|RainDance|[upkeep]
|-heal|p2a: Pecharunt|29/100|[from] item: Leftovers
|upkeep
|turn|17
|
|t:|1743917780
|switch|p2a: Kilowattrel|Kilowattrel, M|100/100
|move|p1a: Patricio|Hurricane|p2a: Kilowattrel
|-resisted|p2a: Kilowattrel
|-crit|p2a: Kilowattrel
|-damage|p2a: Kilowattrel|29/100
|-start|p2a: Kilowattrel|Charge|Hurricane|[from] ability: Wind Power
|
|-weather|RainDance|[upkeep]
|-sideend|p1: rderor19|move: Tailwind
|upkeep
|turn|18
|
|t:|1743917794
|move|p2a: Kilowattrel|Volt Switch|p1a: Patricio
|-supereffective|p1a: Patricio
|-damage|p1a: Patricio|0 fnt
|faint|p1a: Patricio
|-end|p2a: Kilowattrel|Charge|[silent]
|
|t:|1743917798
|switch|p2a: Pecharunt|Pecharunt|29/100|[from] Volt Switch
|
|-weather|RainDance|[upkeep]
|-heal|p2a: Pecharunt|35/100|[from] item: Leftovers
|upkeep
|
|t:|1743917801
|switch|p1a: Gala|Moltres-Galar, shiny|100/100
|-damage|p1a: Gala|76/100|[from] Stealth Rock
|turn|19
|
|t:|1743917807
|move|p2a: Pecharunt|Malignant Chain|p1a: Gala
|-damage|p1a: Gala|47/100
|-ability|p1a: Gala|Berserk|boost
|-boost|p1a: Gala|spa|1
|-enditem|p1a: Gala|Sitrus Berry|[eat]
|-heal|p1a: Gala|72/100|[from] item: Sitrus Berry
|move|p1a: Gala|Agility|p1a: Gala
|-boost|p1a: Gala|spe|2
|
|-weather|RainDance|[upkeep]
|-heal|p2a: Pecharunt|41/100|[from] item: Leftovers
|upkeep
|turn|20
|
|t:|1743917818
|move|p1a: Gala|Fiery Wrath|p2a: Pecharunt
|-supereffective|p2a: Pecharunt
|-damage|p2a: Pecharunt|0 fnt
|faint|p2a: Pecharunt
|
|-weather|RainDance|[upkeep]
|upkeep
|
|t:|1743917823
|switch|p2a: Kilowattrel|Kilowattrel, M|29/100
|turn|21
|
|t:|1743917828
|-terastallize|p1a: Gala|Fairy
|move|p1a: Gala|Tera Blast|p2a: Kilowattrel|[anim] Tera Blast Fairy
|-damage|p2a: Kilowattrel|0 fnt
|faint|p2a: Kilowattrel
|
|win|rderor19
|raw|rderor19's rating: 1107 &rarr; <strong>1136</strong><br />(+29 for winning)
|raw|mrguestbs's rating: 1157 &rarr; <strong>1128</strong><br />(-29 for losing)
|l|☆mrguestbs
|player|p2|
|l|☆rderor19
|player|p1|
