|j|☆tohelpu
|j|☆ouicestmoi
|t:|1743846468
|gametype|singles
|player|p1|tohelpu|1|1223
|player|p2|ouicestmoi|102|1288
|teamsize|p1|6
|teamsize|p2|6
|gen|9
|tier|[Gen 9] OU
|rated|
|rule|HP Percentage Mod: HP is shown in percentages
|rule|Endless Battle Clause: Forcing endless battles is banned
|rule|Species Clause: Limit one of each Pokémon
|rule|OHKO Clause: OHKO moves are banned
|rule|Evasion Items Clause: Evasion items are banned
|rule|Evasion Moves Clause: Evasion moves are banned
|rule|Sleep Moves Clause: Sleep-inducing moves are banned
|clearpoke
|poke|p1|Gumshoos, F|
|poke|p1|Magnezone|
|poke|p1|Enamorus-Therian, F|
|poke|p1|Sableye, F|
|poke|p1|Zapdos-Galar|
|poke|p1|Ursaluna, F|
|poke|p2|Great Tusk|
|poke|p2|Kingambit, F|
|poke|p2|Moltres|
|poke|p2|Tinkaton, F|
|poke|p2|Hydrapple, F|
|poke|p2|Samurott-Hisui, F|
|teampreview
|inactive|Battle timer is ON: inactive players will automatically lose when time's up. (requested by ouicestmoi)
|
|t:|1743846485
|start
|switch|p1a: Zapdos|Zapdos-Galar|100/100
|switch|p2a: Samurott|Samurott-Hisui, F|100/100
|turn|1
|
|t:|1743846492
|move|p2a: Samurott|Flip Turn|p1a: Zapdos
|-damage|p1a: Zapdos|71/100
|
|t:|1743846512
|switch|p2a: Moltres|Moltres|100/100|[from] Flip Turn
|move|p1a: Zapdos|Drill Peck|p2a: Moltres
|-damage|p2a: Moltres|57/100
|-status|p1a: Zapdos|brn|[from] ability: Flame Body|[of] p2a: Moltres
|
|-damage|p1a: Zapdos|65/100 brn|[from] brn
|upkeep
|turn|2
|
|t:|1743846520
|move|p1a: Zapdos|Drill Peck|p2a: Moltres
|-damage|p2a: Moltres|37/100
|move|p2a: Moltres|Roost|p2a: Moltres
|-heal|p2a: Moltres|87/100
|-singleturn|p2a: Moltres|move: Roost
|
|-damage|p1a: Zapdos|59/100 brn|[from] brn
|upkeep
|turn|3
|
|t:|1743846527
|move|p1a: Zapdos|Drill Peck|p2a: Moltres
|-damage|p2a: Moltres|66/100
|move|p2a: Moltres|Flamethrower|p1a: Zapdos
|-damage|p1a: Zapdos|19/100 brn
|
|-damage|p1a: Zapdos|13/100 brn|[from] brn
|upkeep
|turn|4
|
|t:|1743846534
|move|p1a: Zapdos|Drill Peck|p2a: Moltres
|-damage|p2a: Moltres|46/100
|move|p2a: Moltres|Roost|p2a: Moltres
|-heal|p2a: Moltres|96/100
|-singleturn|p2a: Moltres|move: Roost
|
|-damage|p1a: Zapdos|7/100 brn|[from] brn
|upkeep
|turn|5
|
|t:|1743846543
|move|p1a: Zapdos|Drill Peck|p2a: Moltres
|-damage|p2a: Moltres|75/100
|move|p2a: Moltres|U-turn|p1a: Zapdos
|-resisted|p1a: Zapdos
|-damage|p1a: Zapdos|3/100 brn
|
|t:|1743846548
|switch|p2a: Samurott|Samurott-Hisui, F|100/100|[from] U-turn
|
|-damage|p1a: Zapdos|0 fnt|[from] brn
|faint|p1a: Zapdos
|upkeep
|
|t:|1743846566
|switch|p1a: Magnezone|Magnezone|100/100
|turn|6
|inactive|ouicestmoi has 120 seconds left.
|inactive|ouicestmoi has 90 seconds left.
|
|t:|1743846633
|move|p2a: Samurott|Flip Turn|p1a: Magnezone
|-damage|p1a: Magnezone|83/100
|
|t:|1743846636
|switch|p2a: Great Tusk|Great Tusk|100/100|[from] Flip Turn
|move|p1a: Magnezone|Flash Cannon|p2a: Great Tusk
|-damage|p2a: Great Tusk|12/100
|
|upkeep
|turn|7
|
|t:|1743846645
|switch|p1a: Enamorus|Enamorus-Therian, F|100/100
|move|p2a: Great Tusk|Headlong Rush|p1a: Enamorus
|-immune|p1a: Enamorus
|
|upkeep
|turn|8
|
|t:|1743846654
|switch|p1a: Gumshoos|Gumshoos, F|100/100
|move|p2a: Great Tusk|Taunt|p1a: Gumshoos
|-start|p1a: Gumshoos|move: Taunt
|
|upkeep
|turn|9
|
|t:|1743846659
|-end|p2a: Great Tusk|Protosynthesis|[silent]
|switch|p2a: Moltres|Moltres|75/100
|move|p1a: Gumshoos|Knock Off|p2a: Moltres
|-damage|p2a: Moltres|21/100
|-enditem|p2a: Moltres|Heavy-Duty Boots|[from] move: Knock Off|[of] p1a: Gumshoos
|
|upkeep
|turn|10
|
|t:|1743846667
|switch|p1a: Sableye|Sableye, F|100/100
|move|p2a: Moltres|Roost|p2a: Moltres
|-heal|p2a: Moltres|71/100
|-singleturn|p2a: Moltres|move: Roost
|
|upkeep
|turn|11
|
|t:|1743846673
|move|p1a: Sableye|Encore|p2a: Moltres
|-start|p2a: Moltres|Encore
|move|p2a: Moltres|Roost|p2a: Moltres
|-heal|p2a: Moltres|100/100
|-singleturn|p2a: Moltres|move: Roost
|
|upkeep
|turn|12
|
|t:|1743846683
|switch|p2a: Tinkaton|Tinkaton, F|100/100
|-item|p2a: Tinkaton|Air Balloon
|move|p1a: Sableye|Will-O-Wisp|p2a: Tinkaton
|-status|p2a: Tinkaton|brn
|
|-damage|p2a: Tinkaton|94/100 brn|[from] brn
|upkeep
|turn|13
|
|t:|1743846691
|switch|p1a: Ursaluna|Ursaluna, F|100/100
|move|p2a: Tinkaton|Stealth Rock|p1a: Ursaluna
|-sidestart|p1: tohelpu|move: Stealth Rock
|
|-damage|p2a: Tinkaton|88/100 brn|[from] brn
|upkeep
|turn|14
|
|t:|1743846699
|switch|p1a: Gumshoos|Gumshoos, F|100/100
|-damage|p1a: Gumshoos|88/100|[from] Stealth Rock
|move|p2a: Tinkaton|Knock Off|p1a: Gumshoos
|-damage|p1a: Gumshoos|77/100
|-enditem|p1a: Gumshoos|Choice Band|[from] move: Knock Off|[of] p2a: Tinkaton
|
|-damage|p2a: Tinkaton|82/100 brn|[from] brn
|upkeep
|turn|15
|
|t:|1743846707
|move|p2a: Tinkaton|Thunder Wave|p1a: Gumshoos
|-status|p1a: Gumshoos|par
|move|p1a: Gumshoos|Tera Blast|p2a: Tinkaton
|-resisted|p2a: Tinkaton
|-damage|p2a: Tinkaton|76/100 brn
|-enditem|p2a: Tinkaton|Air Balloon
|
|-damage|p2a: Tinkaton|70/100 brn|[from] brn
|upkeep
|turn|16
|
|t:|1743846717
|move|p2a: Tinkaton|Gigaton Hammer|p1a: Gumshoos
|-crit|p1a: Gumshoos
|-damage|p1a: Gumshoos|41/100 par
|cant|p1a: Gumshoos|par
|
|-damage|p2a: Tinkaton|64/100 brn|[from] brn
|upkeep
|turn|17
|
|t:|1743846731
|move|p2a: Tinkaton|Knock Off|p1a: Gumshoos
|-crit|p1a: Gumshoos
|-damage|p1a: Gumshoos|30/100 par
|move|p1a: Gumshoos|Knock Off|p2a: Tinkaton
|-resisted|p2a: Tinkaton
|-damage|p2a: Tinkaton|54/100 brn
|
|-damage|p2a: Tinkaton|48/100 brn|[from] brn
|upkeep
|turn|18
|
|t:|1743846739
|move|p2a: Tinkaton|Gigaton Hammer|p1a: Gumshoos
|-damage|p1a: Gumshoos|7/100 par
|cant|p1a: Gumshoos|par
|
|-damage|p2a: Tinkaton|41/100 brn|[from] brn
|upkeep
|turn|19
|
|t:|1743846745
|move|p2a: Tinkaton|Knock Off|p1a: Gumshoos
|-damage|p1a: Gumshoos|0 fnt
|faint|p1a: Gumshoos
|
|-damage|p2a: Tinkaton|35/100 brn|[from] brn
|upkeep
|
|t:|1743846751
|switch|p1a: Ursaluna|Ursaluna, F|100/100
|-damage|p1a: Ursaluna|94/100|[from] Stealth Rock
|turn|20
|
|t:|1743846768
|move|p2a: Tinkaton|Knock Off|p1a: Ursaluna
|-damage|p1a: Ursaluna|88/100
|-enditem|p1a: Ursaluna|Leftovers|[from] move: Knock Off|[of] p2a: Tinkaton
|move|p1a: Ursaluna|Substitute|p1a: Ursaluna
|-start|p1a: Ursaluna|Substitute
|-damage|p1a: Ursaluna|63/100
|
|-damage|p2a: Tinkaton|29/100 brn|[from] brn
|upkeep
|turn|21
|
|t:|1743846775
|move|p2a: Tinkaton|Gigaton Hammer|p1a: Ursaluna
|-activate|p1a: Ursaluna|move: Substitute|[damage]
|move|p1a: Ursaluna|Bulk Up|p1a: Ursaluna
|-boost|p1a: Ursaluna|atk|1
|-boost|p1a: Ursaluna|def|1
|
|-damage|p2a: Tinkaton|23/100 brn|[from] brn
|upkeep
|turn|22
|
|t:|1743846785
|switch|p2a: Moltres|Moltres|100/100
|move|p1a: Ursaluna|Stone Edge|p2a: Moltres
|-supereffective|p2a: Moltres
|-damage|p2a: Moltres|0 fnt
|faint|p2a: Moltres
|
|upkeep
|
|t:|1743846790
|switch|p2a: Samurott|Samurott-Hisui, F|100/100
|turn|23
|
|t:|1743846796
|move|p2a: Samurott|Flip Turn|p1a: Ursaluna
|-supereffective|p1a: Ursaluna
|-end|p1a: Ursaluna|Substitute
|
|t:|1743846799
|switch|p2a: Hydrapple|Hydrapple, F|100/100|[from] Flip Turn
|move|p1a: Ursaluna|Substitute|p1a: Ursaluna
|-start|p1a: Ursaluna|Substitute
|-damage|p1a: Ursaluna|38/100
|
|upkeep
|turn|24
|
|t:|1743846805
|move|p1a: Ursaluna|Stone Edge|p2a: Hydrapple|[miss]
|-miss|p1a: Ursaluna|p2a: Hydrapple
|move|p2a: Hydrapple|Giga Drain|p1a: Ursaluna
|-supereffective|p1a: Ursaluna
|-end|p1a: Ursaluna|Substitute
|
|upkeep
|turn|25
|
|t:|1743846811
|move|p1a: Ursaluna|Stone Edge|p2a: Hydrapple|[miss]
|-miss|p1a: Ursaluna|p2a: Hydrapple
|move|p2a: Hydrapple|Giga Drain|p1a: Ursaluna
|-supereffective|p1a: Ursaluna
|-damage|p1a: Ursaluna|0 fnt
|faint|p1a: Ursaluna
|
|upkeep
|
|t:|1743846823
|switch|p1a: Enamorus|Enamorus-Therian, F|100/100
|-damage|p1a: Enamorus|76/100|[from] Stealth Rock
|turn|26
|
|t:|1743846826
|switch|p2a: Tinkaton|Tinkaton, F|23/100 brn
|move|p1a: Enamorus|Iron Defense|p1a: Enamorus
|-boost|p1a: Enamorus|def|2
|
|-heal|p1a: Enamorus|82/100|[from] item: Leftovers
|-damage|p2a: Tinkaton|17/100 brn|[from] brn
|upkeep
|turn|27
|
|t:|1743846834
|move|p2a: Tinkaton|Thunder Wave|p1a: Enamorus
|-status|p1a: Enamorus|par
|cant|p1a: Enamorus|par
|
|-heal|p1a: Enamorus|88/100 par|[from] item: Leftovers
|-damage|p2a: Tinkaton|11/100 brn|[from] brn
|upkeep
|turn|28
|
|t:|1743846841
|move|p2a: Tinkaton|Gigaton Hammer|p1a: Enamorus
|-supereffective|p1a: Enamorus
|-damage|p1a: Enamorus|71/100 par
|move|p1a: Enamorus|Calm Mind|p1a: Enamorus
|-boost|p1a: Enamorus|spa|1
|-boost|p1a: Enamorus|spd|1
|
|-heal|p1a: Enamorus|77/100 par|[from] item: Leftovers
|-damage|p2a: Tinkaton|5/100 brn|[from] brn
|upkeep
|turn|29
|
|t:|1743846850
|move|p2a: Tinkaton|Knock Off|p1a: Enamorus
|-resisted|p1a: Enamorus
|-damage|p1a: Enamorus|76/100 par
|-enditem|p1a: Enamorus|Leftovers|[from] move: Knock Off|[of] p2a: Tinkaton
|move|p1a: Enamorus|Iron Defense|p1a: Enamorus
|-boost|p1a: Enamorus|def|2
|
|-damage|p2a: Tinkaton|0 fnt|[from] brn
|faint|p2a: Tinkaton
|upkeep
|
|t:|1743846858
|switch|p2a: Great Tusk|Great Tusk|12/100
|turn|30
|
|t:|1743846862
|move|p2a: Great Tusk|Taunt|p1a: Enamorus
|-start|p1a: Enamorus|move: Taunt
|move|p1a: Enamorus|Draining Kiss|p2a: Great Tusk
|-supereffective|p2a: Great Tusk
|-damage|p2a: Great Tusk|0 fnt
|-heal|p1a: Enamorus|86/100 par|[from] drain|[of] p2a: Great Tusk
|faint|p2a: Great Tusk
|-end|p2a: Great Tusk|Protosynthesis|[silent]
|
|upkeep
|
|t:|1743846867
|switch|p2a: Kingambit|Kingambit, F|100/100
|-activate|p2a: Kingambit|ability: Supreme Overlord
|-start|p2a: Kingambit|fallen3|[silent]
|turn|31
|
|t:|1743846876
|move|p2a: Kingambit|Swords Dance|p2a: Kingambit
|-boost|p2a: Kingambit|atk|2
|move|p1a: Enamorus|Earth Power|p2a: Kingambit
|-supereffective|p2a: Kingambit
|-damage|p2a: Kingambit|23/100
|
|-heal|p2a: Kingambit|29/100|[from] item: Leftovers
|upkeep
|turn|32
|
|t:|1743846893
|move|p2a: Kingambit|Kowtow Cleave|p1a: Enamorus
|-resisted|p1a: Enamorus
|-damage|p1a: Enamorus|71/100 par
|cant|p1a: Enamorus|par
|
|-heal|p2a: Kingambit|35/100|[from] item: Leftovers
|-end|p1a: Enamorus|move: Taunt
|upkeep
|turn|33
|
|t:|1743846903
|-terastallize|p1a: Enamorus|Fairy
|move|p2a: Kingambit|Swords Dance|p2a: Kingambit
|-boost|p2a: Kingambit|atk|2
|move|p1a: Enamorus|Draining Kiss|p2a: Kingambit
|-damage|p2a: Kingambit|0 fnt
|-heal|p1a: Enamorus|99/100 par|[from] drain|[of] p2a: Kingambit
|faint|p2a: Kingambit
|-end|p2a: Kingambit|fallen3|[silent]
|
|upkeep
|
|t:|1743846911
|switch|p2a: Hydrapple|Hydrapple, F|100/100
|turn|34
|
|t:|1743846917
|-terastallize|p2a: Hydrapple|Steel
|move|p2a: Hydrapple|Nasty Plot|p2a: Hydrapple
|-boost|p2a: Hydrapple|spa|2
|cant|p1a: Enamorus|par
|
|upkeep
|turn|35
|
|t:|1743846925
|move|p2a: Hydrapple|Nasty Plot|p2a: Hydrapple
|-boost|p2a: Hydrapple|spa|2
|move|p1a: Enamorus|Earth Power|p2a: Hydrapple
|-supereffective|p2a: Hydrapple
|-damage|p2a: Hydrapple|24/100
|
|upkeep
|turn|36
|
|t:|1743846934
|move|p2a: Hydrapple|Giga Drain|p1a: Enamorus
|-damage|p1a: Enamorus|21/100 par
|-heal|p2a: Hydrapple|57/100|[from] drain|[of] p1a: Enamorus
|cant|p1a: Enamorus|par
|
|upkeep
|turn|37
|
|t:|1743846943
|move|p2a: Hydrapple|Giga Drain|p1a: Enamorus
|-damage|p1a: Enamorus|0 fnt
|-heal|p2a: Hydrapple|65/100|[from] drain|[of] p1a: Enamorus
|faint|p1a: Enamorus
|
|upkeep
|c|☆ouicestmoi|u deserve to win
|c|☆ouicestmoi|gg
|-message|ouicestmoi forfeited.
|
|win|tohelpu
|raw|tohelpu's rating: 1223 &rarr; <strong>1253</strong><br />(+30 for winning)
|raw|ouicestmoi's rating: 1288 &rarr; <strong>1258</strong><br />(-30 for losing)
|l|☆ouicestmoi
|player|p2|
|c|☆tohelpu|ffs
|c|☆tohelpu|you didn't
|l|☆tohelpu
|player|p1|
