|j|☆Antp20
|j|☆beeg peeg
|t:|1743797670
|gametype|singles
|player|p1|Antp20|roughneck|1305
|player|p2|beeg peeg|waiter-gen4|1323
|teamsize|p1|6
|teamsize|p2|6
|gen|9
|tier|[Gen 9] OU
|rated|
|rule|HP Percentage Mod: HP is shown in percentages
|rule|Endless Battle Clause: Forcing endless battles is banned
|rule|Species Clause: Limit one of each Pokémon
|rule|OHKO Clause: OHKO moves are banned
|rule|Evasion Items Clause: Evasion items are banned
|rule|Evasion Moves Clause: Evasion moves are banned
|rule|Sleep Moves Clause: Sleep-inducing moves are banned
|clearpoke
|poke|p1|Iron Moth|
|poke|p1|Kingambit, F|
|poke|p1|Dragonite, F|
|poke|p1|Ogerpon-Cornerstone, F|
|poke|p1|Iron Valiant|
|poke|p1|Raging Bolt|
|poke|p2|Rampardos, M|
|poke|p2|Dragapult, M|
|poke|p2|Iron Valiant|
|poke|p2|Kingambit, M|
|poke|p2|Zapdos|
|poke|p2|Tinkaton, F|
|teampreview
|inactive|Battle timer is ON: inactive players will automatically lose when time's up. (requested by Antp20)
|
|t:|1743797683
|start
|switch|p1a: Iron Valiant|Iron Valiant|100/100
|switch|p2a: Rampardos|Rampardos, M|100/100
|-ability|p2a: Rampardos|Mold Breaker
|-enditem|p1a: Iron Valiant|Booster Energy
|-activate|p1a: Iron Valiant|ability: Quark Drive|[fromitem]
|-start|p1a: Iron Valiant|quarkdrivespe
|turn|1
|
|t:|1743797702
|move|p2a: Rampardos|Endure|p2a: Rampardos
|-singleturn|p2a: Rampardos|move: Endure
|move|p1a: Iron Valiant|Close Combat|p2a: Rampardos
|-supereffective|p2a: Rampardos
|-activate|p2a: Rampardos|move: Endure
|-damage|p2a: Rampardos|1/100
|-unboost|p1a: Iron Valiant|def|1
|-unboost|p1a: Iron Valiant|spd|1
|
|upkeep
|turn|2
|-enditem|p2a: Rampardos|Custap Berry|[eat]
|-activate|p2a: Rampardos|item: Custap Berry|[consumed]
|
|t:|1743797712
|move|p2a: Rampardos|Head Smash|p1a: Iron Valiant
|-resisted|p1a: Iron Valiant
|-damage|p1a: Iron Valiant|0 fnt
|faint|p1a: Iron Valiant
|-end|p1a: Iron Valiant|Quark Drive|[silent]
|-damage|p2a: Rampardos|0 fnt|[from] Recoil
|faint|p2a: Rampardos
|
|upkeep
|
|t:|1743797738
|switch|p1a: Iron Moth|Iron Moth|100/100
|switch|p2a: Dragapult|Dragapult, M|100/100
|-enditem|p1a: Iron Moth|Booster Energy
|-activate|p1a: Iron Moth|ability: Quark Drive|[fromitem]
|-start|p1a: Iron Moth|quarkdrivespe
|turn|3
|
|t:|1743797746
|move|p1a: Iron Moth|Dazzling Gleam|p2a: Dragapult
|-supereffective|p2a: Dragapult
|-damage|p2a: Dragapult|27/100
|move|p2a: Dragapult|Shadow Ball|p1a: Iron Moth
|-damage|p1a: Iron Moth|46/100
|
|upkeep
|turn|4
|
|t:|1743797755
|switch|p2a: Zapdos|Zapdos|100/100
|move|p1a: Iron Moth|Fiery Dance|p2a: Zapdos
|-damage|p2a: Zapdos|64/100
|
|upkeep
|turn|5
|
|t:|1743797763
|move|p1a: Iron Moth|Fiery Dance|p2a: Zapdos
|-damage|p2a: Zapdos|23/100
|move|p2a: Zapdos|U-turn|p1a: Iron Moth
|-resisted|p1a: Iron Moth
|-damage|p1a: Iron Moth|42/100
|
|t:|1743797768
|switch|p2a: Iron Valiant|Iron Valiant|100/100|[from] U-turn
|-enditem|p2a: Iron Valiant|Booster Energy
|-activate|p2a: Iron Valiant|ability: Quark Drive|[fromitem]
|-start|p2a: Iron Valiant|quarkdrivespe
|
|upkeep
|turn|6
|
|t:|1743797780
|move|p2a: Iron Valiant|Knock Off|p1a: Iron Moth
|-damage|p1a: Iron Moth|11/100
|move|p1a: Iron Moth|Sludge Wave|p2a: Iron Valiant
|-supereffective|p2a: Iron Valiant
|-damage|p2a: Iron Valiant|0 fnt
|faint|p2a: Iron Valiant
|-end|p2a: Iron Valiant|Quark Drive|[silent]
|
|upkeep
|
|t:|1743797785
|switch|p2a: Kingambit|Kingambit, M|100/100
|-activate|p2a: Kingambit|ability: Supreme Overlord
|-start|p2a: Kingambit|fallen2|[silent]
|turn|7
|
|t:|1743797789
|move|p2a: Kingambit|Sucker Punch|p1a: Iron Moth
|-damage|p1a: Iron Moth|0 fnt
|faint|p1a: Iron Moth
|-end|p1a: Iron Moth|Quark Drive|[silent]
|
|upkeep
|
|t:|1743797800
|switch|p1a: Ogerpon|Ogerpon-Cornerstone, F|100/100
|turn|8
|l|☆Antp20
|inactive|Antp20 disconnected and has a minute to reconnect!
|player|p1|
|j|☆Antp20
|inactive|Antp20 reconnected and has 115 seconds left.
|player|p1|Antp20|roughneck|
|
|t:|1743797842
|-end|p2a: Kingambit|fallen2|[silent]
|switch|p2a: Dragapult|Dragapult, M|27/100
|move|p1a: Ogerpon|Ivy Cudgel|p2a: Dragapult|[anim] Ivy Cudgel Rock
|-damage|p2a: Dragapult|0 fnt
|faint|p2a: Dragapult
|
|upkeep
|
|t:|1743797853
|switch|p2a: Tinkaton|Tinkaton, F|100/100
|-ability|p2a: Tinkaton|Mold Breaker
|-item|p2a: Tinkaton|Air Balloon
|turn|9
|inactive|Antp20 has 120 seconds left.
|
|t:|1743797860
|move|p1a: Ogerpon|Ivy Cudgel|p2a: Tinkaton|[anim] Ivy Cudgel Rock
|-resisted|p2a: Tinkaton
|-crit|p2a: Tinkaton
|-damage|p2a: Tinkaton|41/100
|-enditem|p2a: Tinkaton|Air Balloon
|move|p2a: Tinkaton|Thunder Wave|p1a: Ogerpon
|-status|p1a: Ogerpon|par
|
|upkeep
|turn|10
|
|t:|1743797869
|move|p2a: Tinkaton|Gigaton Hammer|p1a: Ogerpon
|-supereffective|p1a: Ogerpon
|-damage|p1a: Ogerpon|0 fnt
|faint|p1a: Ogerpon
|
|upkeep
|
|t:|1743797875
|switch|p1a: Dragonite|Dragonite, F|100/100
|turn|11
|
|t:|1743797883
|switch|p1a: Raging Bolt|Raging Bolt|100/100
|-enditem|p1a: Raging Bolt|Booster Energy
|-activate|p1a: Raging Bolt|ability: Protosynthesis|[fromitem]
|-start|p1a: Raging Bolt|protosynthesisspa
|-terastallize|p2a: Tinkaton|Water
|move|p2a: Tinkaton|Thunder Wave|p1a: Raging Bolt
|-immune|p1a: Raging Bolt
|
|upkeep
|turn|12
|
|t:|1743797894
|move|p2a: Tinkaton|Swords Dance|p2a: Tinkaton
|-boost|p2a: Tinkaton|atk|2
|move|p1a: Raging Bolt|Thunderbolt|p2a: Tinkaton
|-supereffective|p2a: Tinkaton
|-damage|p2a: Tinkaton|0 fnt
|faint|p2a: Tinkaton
|
|upkeep
|
|t:|1743797899
|switch|p2a: Kingambit|Kingambit, M|100/100
|-activate|p2a: Kingambit|ability: Supreme Overlord
|-start|p2a: Kingambit|fallen4|[silent]
|turn|13
|
|t:|1743797906
|-end|p2a: Kingambit|fallen4|[silent]
|switch|p2a: Zapdos|Zapdos|23/100
|move|p1a: Raging Bolt|Thunderbolt|p2a: Zapdos
|-damage|p2a: Zapdos|0 fnt
|faint|p2a: Zapdos
|
|upkeep
|
|t:|1743797908
|switch|p2a: Kingambit|Kingambit, M|100/100
|-activate|p2a: Kingambit|ability: Supreme Overlord
|-start|p2a: Kingambit|fallen5|[silent]
|turn|14
|
|t:|1743797914
|move|p1a: Raging Bolt|Calm Mind|p1a: Raging Bolt
|-boost|p1a: Raging Bolt|spa|1
|-boost|p1a: Raging Bolt|spd|1
|move|p2a: Kingambit|Kowtow Cleave|p1a: Raging Bolt
|-damage|p1a: Raging Bolt|36/100
|
|upkeep
|turn|15
|
|t:|1743797923
|move|p2a: Kingambit|Sucker Punch|p1a: Raging Bolt
|-damage|p1a: Raging Bolt|0 fnt
|faint|p1a: Raging Bolt
|-end|p1a: Raging Bolt|Protosynthesis|[silent]
|
|upkeep
|
|t:|1743797930
|switch|p1a: Dragonite|Dragonite, F|100/100
|turn|16
|
|t:|1743797935
|move|p1a: Dragonite|Earthquake|p2a: Kingambit
|-supereffective|p2a: Kingambit
|-damage|p2a: Kingambit|35/100
|move|p2a: Kingambit|Kowtow Cleave|p1a: Dragonite
|-damage|p1a: Dragonite|59/100
|
|upkeep
|turn|17
|
|t:|1743797943
|move|p2a: Kingambit|Sucker Punch|p1a: Dragonite
|-damage|p1a: Dragonite|0 fnt
|faint|p1a: Dragonite
|
|upkeep
|
|t:|1743797946
|switch|p1a: Kingambit|Kingambit, F|100/100
|-activate|p1a: Kingambit|ability: Supreme Overlord
|-start|p1a: Kingambit|fallen5|[silent]
|turn|18
|
|t:|1743797951
|move|p2a: Kingambit|Low Kick|p1a: Kingambit
|-supereffective|p1a: Kingambit
|-damage|p1a: Kingambit|0 fnt
|faint|p1a: Kingambit
|-end|p1a: Kingambit|fallen5|[silent]
|
|win|beeg peeg
|raw|Antp20's rating: 1305 &rarr; <strong>1286</strong><br />(-19 for losing)
|raw|beeg peeg's rating: 1323 &rarr; <strong>1342</strong><br />(+19 for winning)
|l|☆Antp20
|player|p1|
|l|☆beeg peeg
|player|p2|
