|j|☆deebeeweebee
|j|☆nobody2712
|t:|1743922858
|gametype|singles
|player|p1|deebeeweebee|169|1188
|player|p2|nobody2712|elesa|1173
|teamsize|p1|6
|teamsize|p2|6
|gen|9
|tier|[Gen 9] OU
|rated|
|rule|HP Percentage Mod: HP is shown in percentages
|rule|Endless Battle Clause: Forcing endless battles is banned
|rule|Species Clause: Limit one of each Pokémon
|rule|OHKO Clause: OHKO moves are banned
|rule|Evasion Items Clause: Evasion items are banned
|rule|Evasion Moves Clause: Evasion moves are banned
|rule|Sleep Moves Clause: Sleep-inducing moves are banned
|clearpoke
|poke|p1|Orthworm, F|
|poke|p1|Clodsire, F|
|poke|p1|Pecharunt|
|poke|p1|Great Tusk|
|poke|p1|Slowking, F|
|poke|p1|Weavile, F|
|poke|p2|Kingambit, M|
|poke|p2|Samurott-Hisui, M|
|poke|p2|Great Tusk|
|poke|p2|Dragapult, M|
|poke|p2|Primarina, M|
|poke|p2|Iron Valiant|
|teampreview
|inactive|Battle timer is ON: inactive players will automatically lose when time's up. (requested by nobody2712)
|
|t:|1743922866
|start
|switch|p1a: Orthworm|Orthworm, F, shiny|100/100
|switch|p2a: Samurott|Samurott-Hisui, M, shiny|100/100
|turn|1
|
|t:|1743922871
|move|p2a: Samurott|Knock Off|p1a: Orthworm
|-damage|p1a: Orthworm|72/100
|-damage|p2a: Samurott|84/100|[from] item: Rocky Helmet|[of] p1a: Orthworm
|-enditem|p1a: Orthworm|Rocky Helmet|[from] move: Knock Off|[of] p2a: Samurott
|move|p1a: Orthworm|Body Press|p2a: Samurott
|-supereffective|p2a: Samurott
|-damage|p2a: Samurott|0 fnt
|faint|p2a: Samurott
|
|upkeep
|
|t:|1743922882
|switch|p2a: Iron Valiant|Iron Valiant|100/100
|turn|2
|
|t:|1743922886
|switch|p1a: Slowking|Slowking, F, shiny|100/100
|move|p2a: Iron Valiant|Swords Dance|p2a: Iron Valiant
|-boost|p2a: Iron Valiant|atk|2
|
|upkeep
|turn|3
|
|t:|1743922893
|move|p2a: Iron Valiant|Swords Dance|p2a: Iron Valiant
|-boost|p2a: Iron Valiant|atk|2
|move|p1a: Slowking|Thunder Wave|p2a: Iron Valiant
|-status|p2a: Iron Valiant|par
|
|upkeep
|turn|4
|
|t:|1743922898
|move|p2a: Iron Valiant|Shadow Sneak|p1a: Slowking
|-supereffective|p1a: Slowking
|-damage|p1a: Slowking|19/100
|move|p1a: Slowking|Scald|p2a: Iron Valiant
|-crit|p2a: Iron Valiant
|-damage|p2a: Iron Valiant|21/100 par
|-enditem|p2a: Iron Valiant|Liechi Berry|[eat]
|-boost|p2a: Iron Valiant|atk|1|[from] item: Liechi Berry
|
|upkeep
|turn|5
|
|t:|1743922917
|cant|p2a: Iron Valiant|par
|move|p1a: Slowking|Scald|p2a: Iron Valiant
|-damage|p2a: Iron Valiant|0 fnt
|faint|p2a: Iron Valiant
|-end|p2a: Iron Valiant|Quark Drive|[silent]
|
|upkeep
|
|t:|1743922926
|switch|p2a: Dragapult|Dragapult, M, shiny|100/100
|turn|6
|
|t:|1743922929
|switch|p1a: Clodsire|Clodsire, F, shiny|100/100
|move|p2a: Dragapult|Dragon Darts|p1a: Clodsire
|-damage|p1a: Clodsire|71/100
|-anim|p2a: Dragapult|Dragon Darts|p1a: Clodsire
|-damage|p1a: Clodsire|42/100
|
|upkeep
|turn|7
|
|t:|1743922940
|switch|p1a: Pecharunt|Pecharunt|100/100
|move|p2a: Dragapult|Dragon Darts|p1a: Pecharunt
|-damage|p1a: Pecharunt|89/100
|-anim|p2a: Dragapult|Dragon Darts|p1a: Pecharunt
|-damage|p1a: Pecharunt|77/100
|
|upkeep
|turn|8
|
|t:|1743922959
|-terastallize|p1a: Pecharunt|Dark
|move|p2a: Dragapult|Phantom Force||[still]
|-prepare|p2a: Dragapult|Phantom Force
|move|p1a: Pecharunt|Malignant Chain|p2a: Dragapult|[miss]
|-miss|p1a: Pecharunt|p2a: Dragapult
|
|upkeep
|turn|9
|
|t:|1743922967
|move|p2a: Dragapult|Phantom Force|p1a: Pecharunt|[from] lockedmove
|-resisted|p1a: Pecharunt
|-damage|p1a: Pecharunt|67/100
|move|p1a: Pecharunt|Malignant Chain|p2a: Dragapult
|-resisted|p2a: Dragapult
|-damage|p2a: Dragapult|78/100
|-status|p2a: Dragapult|tox
|-start|p2a: Dragapult|confusion|[from] ability: Poison Puppeteer|[of] p1a: Pecharunt
|
|-damage|p2a: Dragapult|72/100 tox|[from] psn
|upkeep
|turn|10
|
|t:|1743922977
|-activate|p2a: Dragapult|confusion
|-damage|p2a: Dragapult|55/100 tox|[from] confusion
|move|p1a: Pecharunt|Recover|p1a: Pecharunt
|-heal|p1a: Pecharunt|100/100
|
|-damage|p2a: Dragapult|43/100 tox|[from] psn
|upkeep
|turn|11
|
|t:|1743922985
|-activate|p2a: Dragapult|confusion
|move|p2a: Dragapult|Dragon Darts|p1a: Pecharunt
|-damage|p1a: Pecharunt|88/100
|-anim|p2a: Dragapult|Dragon Darts|p1a: Pecharunt
|-damage|p1a: Pecharunt|77/100
|move|p1a: Pecharunt|Hex|p2a: Dragapult
|-supereffective|p2a: Dragapult
|-damage|p2a: Dragapult|0 fnt
|faint|p2a: Dragapult
|
|upkeep
|
|t:|1743922990
|switch|p2a: Primarina|Primarina, M|100/100
|turn|12
|
|t:|1743922995
|switch|p1a: Slowking|Slowking, F, shiny|52/100
|move|p2a: Primarina|Moonblast|p1a: Slowking
|-damage|p1a: Slowking|18/100
|-unboost|p1a: Slowking|spa|1
|
|upkeep
|turn|13
|
|t:|1743923020
|move|p2a: Primarina|Calm Mind|p2a: Primarina
|-boost|p2a: Primarina|spa|1
|-boost|p2a: Primarina|spd|1
|move|p1a: Slowking|Thunder Wave|p2a: Primarina
|-status|p2a: Primarina|par
|
|upkeep
|turn|14
|
|t:|1743923028
|cant|p2a: Primarina|par
|move|p1a: Slowking|Future Sight|p2a: Primarina
|-start|p1a: Slowking|move: Future Sight
|
|upkeep
|turn|15
|
|t:|1743923032
|move|p2a: Primarina|Calm Mind|p2a: Primarina
|-boost|p2a: Primarina|spa|1
|-boost|p2a: Primarina|spd|1
|-prepare|p1a: Slowking|Chilly Reception|[premajor]
|move|p1a: Slowking|Chilly Reception|p1a: Slowking
|-weather|Snowscape
|
|t:|1743923044
|switch|p1a: Great Tusk|Great Tusk, shiny|100/100|[from] Chilly Reception
|
|-weather|Snowscape|[upkeep]
|upkeep
|turn|16
|
|t:|1743923048
|move|p1a: Great Tusk|Headlong Rush|p2a: Primarina
|-damage|p2a: Primarina|25/100 par
|-unboost|p1a: Great Tusk|def|1
|-unboost|p1a: Great Tusk|spd|1
|cant|p2a: Primarina|par
|
|-weather|Snowscape|[upkeep]
|-end|p2a: Primarina|move: Future Sight
|-damage|p2a: Primarina|9/100 par
|-heal|p2a: Primarina|15/100 par|[from] item: Leftovers
|upkeep
|turn|17
|
|t:|1743923055
|move|p1a: Great Tusk|Headlong Rush|p2a: Primarina
|-damage|p2a: Primarina|0 fnt
|-unboost|p1a: Great Tusk|def|1
|-unboost|p1a: Great Tusk|spd|1
|faint|p2a: Primarina
|
|-weather|Snowscape|[upkeep]
|upkeep
|
|t:|1743923057
|switch|p2a: Great Tusk|Great Tusk|100/100
|turn|18
|
|t:|1743923065
|-end|p1a: Great Tusk|Protosynthesis|[silent]
|switch|p1a: Orthworm|Orthworm, F, shiny|72/100
|move|p2a: Great Tusk|Play Rough|p1a: Orthworm
|-resisted|p1a: Orthworm
|-damage|p1a: Orthworm|61/100
|
|-weather|Snowscape|[upkeep]
|upkeep
|turn|19
|
|t:|1743923070
|move|p2a: Great Tusk|Earthquake|p1a: Orthworm
|-heal|p1a: Orthworm|86/100|[from] ability: Earth Eater|[of] p2a: Great Tusk
|move|p1a: Orthworm|Iron Defense|p1a: Orthworm
|-boost|p1a: Orthworm|def|2
|
|-weather|none
|upkeep
|turn|20
|
|t:|1743923075
|move|p2a: Great Tusk|Rapid Spin|p1a: Orthworm
|-resisted|p1a: Orthworm
|-damage|p1a: Orthworm|83/100
|-boost|p2a: Great Tusk|spe|1
|move|p1a: Orthworm|Iron Defense|p1a: Orthworm
|-boost|p1a: Orthworm|def|2
|
|upkeep
|turn|21
|
|t:|1743923079
|move|p2a: Great Tusk|Iron Head|p1a: Orthworm
|-resisted|p1a: Orthworm
|-damage|p1a: Orthworm|80/100
|move|p1a: Orthworm|Body Press|p2a: Great Tusk
|-damage|p2a: Great Tusk|42/100
|
|upkeep
|turn|22
|
|t:|1743923084
|move|p2a: Great Tusk|Iron Head|p1a: Orthworm
|-resisted|p1a: Orthworm
|-damage|p1a: Orthworm|78/100
|move|p1a: Orthworm|Body Press|p2a: Great Tusk
|-damage|p2a: Great Tusk|0 fnt
|faint|p2a: Great Tusk
|-end|p2a: Great Tusk|Protosynthesis|[silent]
|
|upkeep
|
|t:|1743923088
|switch|p2a: Kingambit|Kingambit, M|100/100
|-activate|p2a: Kingambit|ability: Supreme Overlord
|-start|p2a: Kingambit|fallen5|[silent]
|turn|23
|
|t:|1743923093
|-terastallize|p2a: Kingambit|Ghost
|move|p1a: Orthworm|Body Press|p2a: Kingambit
|-immune|p2a: Kingambit
|move|p2a: Kingambit|Swords Dance|p2a: Kingambit
|-boost|p2a: Kingambit|atk|2
|
|upkeep
|turn|24
|
|t:|1743923122
|move|p1a: Orthworm|Iron Defense|p1a: Orthworm
|-boost|p1a: Orthworm|def|2
|move|p2a: Kingambit|Kowtow Cleave|p1a: Orthworm
|-damage|p1a: Orthworm|58/100
|
|upkeep
|turn|25
|
|t:|1743923128
|move|p1a: Orthworm|Heavy Slam|p2a: Kingambit
|-damage|p2a: Kingambit|88/100
|move|p2a: Kingambit|Swords Dance|p2a: Kingambit
|-boost|p2a: Kingambit|atk|2
|
|-heal|p2a: Kingambit|94/100|[from] item: Leftovers
|upkeep
|turn|26
|
|t:|1743923131
|move|p1a: Orthworm|Heavy Slam|p2a: Kingambit
|-damage|p2a: Kingambit|81/100
|move|p2a: Kingambit|Swords Dance|p2a: Kingambit
|-boost|p2a: Kingambit|atk|2
|
|-heal|p2a: Kingambit|87/100|[from] item: Leftovers
|upkeep
|turn|27
|
|t:|1743923135
|move|p1a: Orthworm|Heavy Slam|p2a: Kingambit
|-damage|p2a: Kingambit|74/100
|move|p2a: Kingambit|Kowtow Cleave|p1a: Orthworm
|-damage|p1a: Orthworm|18/100
|
|-heal|p2a: Kingambit|80/100|[from] item: Leftovers
|upkeep
|turn|28
|
|t:|1743923142
|move|p2a: Kingambit|Sucker Punch|p1a: Orthworm
|-damage|p1a: Orthworm|0 fnt
|faint|p1a: Orthworm
|
|-heal|p2a: Kingambit|86/100|[from] item: Leftovers
|upkeep
|
|t:|1743923151
|switch|p1a: Pecharunt|Pecharunt, tera:Dark|77/100
|turn|29
|
|t:|1743923164
|move|p2a: Kingambit|Sucker Punch|p1a: Pecharunt
|-resisted|p1a: Pecharunt
|-damage|p1a: Pecharunt|21/100
|move|p1a: Pecharunt|Malignant Chain|p2a: Kingambit
|-resisted|p2a: Kingambit
|-damage|p2a: Kingambit|72/100
|-status|p2a: Kingambit|tox
|-start|p2a: Kingambit|confusion|[from] ability: Poison Puppeteer|[of] p1a: Pecharunt
|
|-heal|p2a: Kingambit|78/100 tox|[from] item: Leftovers
|-damage|p2a: Kingambit|72/100 tox|[from] psn
|upkeep
|turn|30
|
|t:|1743923173
|move|p1a: Pecharunt|Hex|p2a: Kingambit
|-supereffective|p2a: Kingambit
|-damage|p2a: Kingambit|0 fnt
|faint|p2a: Kingambit
|-end|p2a: Kingambit|fallen5|[silent]
|
|win|deebeeweebee
|raw|deebeeweebee's rating: 1188 &rarr; <strong>1212</strong><br />(+24 for winning)
|raw|nobody2712's rating: 1173 &rarr; <strong>1149</strong><br />(-24 for losing)
|l|☆nobody2712
|player|p2|
|l|☆deebeeweebee
|player|p1|
