|j|☆Accelerock Ttar
|j|‽omari p
|t:|1743820391
|gametype|singles
|player|p1|Accelerock Ttar|blackbelt-gen4dp|1633
|player|p2|omari p|pokemonrangerf|1616
|teamsize|p1|6
|teamsize|p2|6
|gen|9
|tier|[Gen 9] OU
|rated|
|rule|HP Percentage Mod: HP is shown in percentages
|rule|Endless Battle Clause: Forcing endless battles is banned
|rule|Species Clause: Limit one of each Pokémon
|rule|OHKO Clause: OHKO moves are banned
|rule|Evasion Items Clause: Evasion items are banned
|rule|Evasion Moves Clause: Evasion moves are banned
|rule|Sleep Moves Clause: Sleep-inducing moves are banned
|clearpoke
|poke|p1|Iron Valiant|
|poke|p1|Gliscor, F|
|poke|p1|Slowking-Galar, M|
|poke|p1|Great Tusk|
|poke|p1|Dragapult, F|
|poke|p1|Skarmory, F|
|poke|p2|Thundurus-Therian, M|
|poke|p2|Cinderace, F|
|poke|p2|Mandibuzz, F|
|poke|p2|Latios, M|
|poke|p2|Deoxys-Speed|
|poke|p2|Iron Hands|
|teampreview
|c|☆Accelerock Ttar|hf
|inactive|Battle timer is ON: inactive players will automatically lose when time's up. (requested by Accelerock Ttar)
|
|t:|1743820431
|start
|switch|p1a: Gliscor|Gliscor, F|100/100
|switch|p2a: Deoxys|Deoxys-Speed|100/100
|-ability|p2a: Deoxys|Pressure
|turn|1
|
|t:|1743820447
|move|p2a: Deoxys|Nasty Plot|p2a: Deoxys
|-boost|p2a: Deoxys|spa|2
|move|p1a: Gliscor|Knock Off|p2a: Deoxys
|-supereffective|p2a: Deoxys
|-damage|p2a: Deoxys|31/100
|-enditem|p2a: Deoxys|Focus Sash|[from] move: Knock Off|[of] p1a: Gliscor
|
|-status|p1a: Gliscor|tox|[from] item: Toxic Orb
|upkeep
|turn|2
|
|t:|1743820464
|switch|p1a: Slowking|Slowking-Galar, M|100/100
|move|p2a: Deoxys|Ice Beam|p1a: Slowking
|-damage|p1a: Slowking|69/100
|
|upkeep
|turn|3
|
|t:|1743820481
|switch|p1a: Skarmory|Skarmory, F|100/100
|move|p2a: Deoxys|Psycho Boost|p1a: Skarmory|[miss]
|-miss|p2a: Deoxys|p1a: Skarmory
|
|upkeep
|turn|4
|
|t:|1743820489
|move|p2a: Deoxys|Stealth Rock|p1a: Skarmory
|-sidestart|p1: Accelerock Ttar|move: Stealth Rock
|move|p1a: Skarmory|Brave Bird|p2a: Deoxys
|-damage|p2a: Deoxys|0 fnt
|faint|p2a: Deoxys
|-damage|p1a: Skarmory|93/100|[from] Recoil
|
|upkeep
|
|t:|1743820495
|switch|p2a: Cinderace|Cinderace, F|100/100
|turn|5
|
|t:|1743820511
|switch|p1a: Great Tusk|Great Tusk|100/100
|move|p2a: Cinderace|Pyro Ball|p1a: Great Tusk
|-damage|p1a: Great Tusk|42/100
|
|upkeep
|turn|6
|
|t:|1743820528
|move|p2a: Cinderace|Pyro Ball|p1a: Great Tusk
|-damage|p1a: Great Tusk|0 fnt
|faint|p1a: Great Tusk
|-end|p1a: Great Tusk|Protosynthesis|[silent]
|
|upkeep
|inactive|Accelerock Ttar has 120 seconds left.
|
|t:|1743820545
|switch|p1a: Dragapult|Dragapult, F|100/100
|turn|7
|inactive|Accelerock Ttar has 120 seconds left.
|
|t:|1743820561
|move|p1a: Dragapult|Dragon Darts|p2a: Cinderace
|-damage|p2a: Cinderace|72/100
|-anim|p1a: Dragapult|Dragon Darts|p2a: Cinderace
|-damage|p2a: Cinderace|44/100
|move|p2a: Cinderace|Pyro Ball|p1a: Dragapult
|-resisted|p1a: Dragapult
|-damage|p1a: Dragapult|44/100
|
|upkeep
|turn|8
|
|t:|1743820578
|move|p2a: Cinderace|Sucker Punch|p1a: Dragapult
|-start|p2a: Cinderace|typechange|Dark|[from] ability: Libero
|-supereffective|p1a: Dragapult
|-damage|p1a: Dragapult|0 fnt
|faint|p1a: Dragapult
|
|upkeep
|
|t:|1743820594
|switch|p1a: Gliscor|Gliscor, F|100/100 tox
|-damage|p1a: Gliscor|88/100 tox|[from] Stealth Rock
|turn|9
|inactive|Accelerock Ttar has 90 seconds left.
|
|t:|1743820611
|move|p2a: Cinderace|Pyro Ball|p1a: Gliscor
|-damage|p1a: Gliscor|45/100 tox
|move|p1a: Gliscor|Knock Off|p2a: Cinderace
|-resisted|p2a: Cinderace
|-damage|p2a: Cinderace|29/100
|-enditem|p2a: Cinderace|Flame Plate|[from] move: Knock Off|[of] p1a: Gliscor
|
|-heal|p1a: Gliscor|58/100 tox|[from] ability: Poison Heal
|upkeep
|turn|10
|inactive|Accelerock Ttar has 90 seconds left.
|
|t:|1743820627
|switch|p2a: Latios|Latios, M|100/100
|move|p1a: Gliscor|Protect||[still]
|-fail|p1a: Gliscor
|
|-heal|p1a: Gliscor|70/100 tox|[from] ability: Poison Heal
|upkeep
|turn|11
|inactive|Accelerock Ttar has 90 seconds left.
|
|t:|1743820644
|move|p2a: Latios|Ice Beam|p1a: Gliscor
|-supereffective|p1a: Gliscor
|-damage|p1a: Gliscor|0 fnt
|faint|p1a: Gliscor
|
|upkeep
|
|t:|1743820661
|switch|p1a: Slowking|Slowking-Galar, M|100/100
|turn|12
|
|t:|1743820677
|switch|p2a: Cinderace|Cinderace, F|29/100
|move|p1a: Slowking|Sludge Bomb|p2a: Cinderace
|-damage|p2a: Cinderace|0 fnt
|faint|p2a: Cinderace
|
|upkeep
|
|t:|1743820683
|switch|p2a: Iron Hands|Iron Hands|100/100
|turn|13
|
|t:|1743820699
|-terastallize|p2a: Iron Hands|Steel
|move|p2a: Iron Hands|Heavy Slam|p1a: Slowking
|-damage|p1a: Slowking|45/100
|move|p1a: Slowking|Sludge Bomb|p2a: Iron Hands
|-immune|p2a: Iron Hands
|
|upkeep
|turn|14
|j| UnsayableLine
|j| MiniLarry
|inactive|Accelerock Ttar has 60 seconds left.
|
|t:|1743820717
|switch|p1a: Skarmory|Skarmory, F|93/100
|-damage|p1a: Skarmory|81/100|[from] Stealth Rock
|move|p2a: Iron Hands|Wild Charge|p1a: Skarmory
|-supereffective|p1a: Skarmory
|-crit|p1a: Skarmory
|-damage|p1a: Skarmory|0 fnt
|-damage|p2a: Iron Hands|84/100|[from] item: Rocky Helmet|[of] p1a: Skarmory
|faint|p1a: Skarmory
|-damage|p2a: Iron Hands|69/100|[from] Recoil
|
|upkeep
|inactive|Accelerock Ttar has 60 seconds left.
|
|t:|1743820733
|switch|p1a: Slowking|Slowking-Galar, M|78/100
|turn|15
|
|t:|1743820749
|move|p2a: Iron Hands|Heavy Slam|p1a: Slowking
|-damage|p1a: Slowking|13/100
|-prepare|p1a: Slowking|Chilly Reception|[premajor]
|move|p1a: Slowking|Chilly Reception|p1a: Slowking
|-weather|Snowscape
|
|t:|1743820757
|switch|p1a: Iron Valiant|Iron Valiant|100/100|[from] Chilly Reception
|-damage|p1a: Iron Valiant|94/100|[from] Stealth Rock
|
|-weather|Snowscape|[upkeep]
|upkeep
|turn|16
|
|t:|1743820765
|-terastallize|p1a: Iron Valiant|Ghost
|move|p1a: Iron Valiant|Shadow Ball|p2a: Iron Hands
|-damage|p2a: Iron Hands|34/100
|move|p2a: Iron Hands|Heavy Slam|p1a: Iron Valiant
|-damage|p1a: Iron Valiant|0 fnt
|faint|p1a: Iron Valiant
|-end|p1a: Iron Valiant|Quark Drive|[silent]
|
|-weather|Snowscape|[upkeep]
|upkeep
|j| first blast
|
|t:|1743820771
|switch|p1a: Slowking|Slowking-Galar, M|46/100
|turn|17
|l| first blast
|l| MiniLarry
|
|t:|1743820774
|move|p2a: Iron Hands|Heavy Slam|p1a: Slowking
|-damage|p1a: Slowking|0 fnt
|faint|p1a: Slowking
|
|win|omari p
|raw|Accelerock Ttar's rating: 1633 &rarr; <strong>1612</strong><br />(-21 for losing)
|raw|omari p's rating: 1616 &rarr; <strong>1637</strong><br />(+21 for winning)
|c|☆Accelerock Ttar|gg
|l| UnsayableLine
