|badge|p1|bronze|gen9ou|100-5
|uhtml|medal-msg|<div class="broadcast-blue">Curious what those medals under the avatar are? PS now has Ladder Seasons! For more information, check out the <a href="https://www.smogon.com/forums/threads/3740067/">thread on Smogon.</a></div>
|badge|p2|bronze|gen9ou|100-5
|uhtml|medal-msg|<div class="broadcast-blue">Curious what those medals under the avatar are? PS now has Ladder Seasons! For more information, check out the <a href="https://www.smogon.com/forums/threads/3740067/">thread on Smogon.</a></div>
|j|☆mr.diversity
|j|☆Rocktar Made
|t:|1743876987
|gametype|singles
|player|p1|mr.diversity|bruno|1750
|player|p2|Rocktar Made|lass-gen4dp|1829
|teamsize|p1|6
|teamsize|p2|6
|gen|9
|tier|[Gen 9] OU
|rated|
|rule|HP Percentage Mod: HP is shown in percentages
|rule|Endless Battle Clause: Forcing endless battles is banned
|rule|Species Clause: Limit one of each Pokémon
|rule|OHKO Clause: OHKO moves are banned
|rule|Evasion Items Clause: Evasion items are banned
|rule|Evasion Moves Clause: Evasion moves are banned
|rule|Sleep Moves Clause: Sleep-inducing moves are banned
|clearpoke
|poke|p1|Landorus-Therian, M|
|poke|p1|Cinderace, M|
|poke|p1|Great Tusk|
|poke|p1|Heatran, M|
|poke|p1|Clodsire, M|
|poke|p1|Armarouge, F|
|poke|p2|Weezing-Galar, F|
|poke|p2|Alomomola, M|
|poke|p2|Zoroark-Hisui, F|
|poke|p2|Iron Treads|
|poke|p2|Enamorus, F|
|poke|p2|Zamazenta-*|
|teampreview
|inactive|Battle timer is ON: inactive players will automatically lose when time's up. (requested by Rocktar Made)
|inactive|mr.diversity also wants the timer to be on.
|
|t:|1743877013
|start
|switch|p1a: Cinderace|Cinderace, M|100/100
|switch|p2a: Zamazenta|Zamazenta|100/100
|-ability|p2a: Zamazenta|Dauntless Shield|boost
|-boost|p2a: Zamazenta|def|1
|turn|1
|
|t:|1743877026
|switch|p2a: Enamorus|Enamorus, F|100/100
|switch|p1a: Armarouge|Armarouge, F|100/100
|
|upkeep
|turn|2
|
|t:|1743877032
|switch|p1a: Landorus|Landorus-Therian, M|100/100
|-ability|p1a: Landorus|Intimidate|boost
|-unboost|p2a: Enamorus|atk|1
|-terastallize|p2a: Enamorus|Ghost
|move|p2a: Enamorus|Shadow Ball|p1a: Landorus
|-damage|p1a: Landorus|5/100
|
|upkeep
|turn|3
|
|t:|1743877039
|switch|p2a: Enamorus|Enamorus, F|100/100
|switch|p1a: Clodsire|Clodsire, M|100/100
|
|upkeep
|turn|4
|
|t:|1743877045
|switch|p2a: Iron Treads|Iron Treads|100/100
|move|p1a: Clodsire|Toxic|p2a: Iron Treads
|-immune|p2a: Iron Treads
|
|upkeep
|turn|5
|
|t:|1743877050
|switch|p1a: Great Tusk|Great Tusk|100/100
|-enditem|p1a: Great Tusk|Booster Energy
|-activate|p1a: Great Tusk|ability: Protosynthesis|[fromitem]
|-start|p1a: Great Tusk|protosynthesisatk
|move|p2a: Iron Treads|Stealth Rock|p1a: Great Tusk
|-sidestart|p1: mr.diversity|move: Stealth Rock
|
|upkeep
|turn|6
|
|t:|1743877053
|-end|p2a: Iron Treads|Quark Drive|[silent]
|switch|p2a: Enamorus|Enamorus, F|100/100
|move|p1a: Great Tusk|Headlong Rush|p2a: Enamorus
|-immune|p2a: Enamorus
|
|upkeep
|turn|7
|
|t:|1743877058
|-end|p1a: Great Tusk|Protosynthesis|[silent]
|switch|p1a: Heatran|Heatran, M|100/100
|-damage|p1a: Heatran|88/100|[from] Stealth Rock
|move|p2a: Enamorus|Earth Power|p1a: Heatran
|-supereffective|p1a: Heatran
|-damage|p1a: Heatran|0 fnt
|faint|p1a: Heatran
|
|upkeep
|
|t:|1743877061
|switch|p1a: Clodsire|Clodsire, M|100/100
|-damage|p1a: Clodsire|94/100|[from] Stealth Rock
|turn|8
|
|t:|1743877065
|switch|p2a: Iron Treads|Iron Treads|100/100
|move|p1a: Clodsire|Toxic|p2a: Iron Treads
|-immune|p2a: Iron Treads
|
|-heal|p1a: Clodsire|100/100|[from] item: Leftovers
|upkeep
|turn|9
|
|t:|1743877075
|move|p2a: Iron Treads|Earthquake|p1a: Clodsire
|-supereffective|p1a: Clodsire
|-damage|p1a: Clodsire|22/100
|move|p1a: Clodsire|Earthquake|p2a: Iron Treads
|-supereffective|p2a: Iron Treads
|-damage|p2a: Iron Treads|62/100
|
|-heal|p2a: Iron Treads|69/100|[from] item: Leftovers
|-heal|p1a: Clodsire|28/100|[from] item: Leftovers
|upkeep
|turn|10
|
|t:|1743877078
|switch|p1a: Landorus|Landorus-Therian, M|5/100
|-damage|p1a: Landorus|0 fnt|[from] Stealth Rock
|faint|p1a: Landorus
|move|p2a: Iron Treads|Earthquake|p1: Landorus|[notarget]
|-fail|p2a: Iron Treads
|
|-heal|p2a: Iron Treads|75/100|[from] item: Leftovers
|upkeep
|
|t:|1743877079
|switch|p1a: Great Tusk|Great Tusk|100/100
|-damage|p1a: Great Tusk|98/100|[from] Stealth Rock
|turn|11
|
|t:|1743877082
|-end|p2a: Iron Treads|Quark Drive|[silent]
|switch|p2a: Iron Treads|Iron Treads, tera:Ghost|100/100
|move|p1a: Great Tusk|Rapid Spin|p2a: Iron Treads
|-immune|p2a: Iron Treads
|
|upkeep
|turn|12
|
|t:|1743877097
|move|p2a: Iron Treads|Shadow Ball|p1a: Great Tusk
|-damage|p1a: Great Tusk|0 fnt
|faint|p1a: Great Tusk
|-end|p1a: Great Tusk|Protosynthesis|[silent]
|
|upkeep
|
|t:|1743877100
|switch|p1a: Cinderace|Cinderace, M|100/100
|-damage|p1a: Cinderace|76/100|[from] Stealth Rock
|turn|13
|
|t:|1743877102
|switch|p2a: Alomomola|Alomomola, M|100/100
|move|p1a: Cinderace|Pyro Ball|p2a: Alomomola
|-resisted|p2a: Alomomola
|-damage|p2a: Alomomola|73/100
|
|upkeep
|turn|14
|
|t:|1743877104
|switch|p1a: Armarouge|Armarouge, F|100/100
|-damage|p1a: Armarouge|76/100|[from] Stealth Rock
|move|p2a: Alomomola|Scald|p1a: Armarouge
|-supereffective|p1a: Armarouge
|-damage|p1a: Armarouge|38/100
|-enditem|p1a: Armarouge|Weakness Policy
|-boost|p1a: Armarouge|atk|2|[from] item: Weakness Policy
|-boost|p1a: Armarouge|spa|2|[from] item: Weakness Policy
|
|upkeep
|turn|15
|j| ASilentKingambitX
|
|t:|1743877115
|switch|p2a: Enamorus|Enamorus, F|100/100
|move|p1a: Armarouge|Endure||[still]
|-fail|p1a: Armarouge
|
|upkeep
|turn|16
|-message|mr.diversity forfeited.
|
|win|Rocktar Made
|raw|mr.diversity's rating: 1750 &rarr; <strong>1734</strong><br />(-16 for losing)
|raw|Rocktar Made's rating: 1829 &rarr; <strong>1845</strong><br />(+16 for winning)
|l|☆mr.diversity
|player|p1|
|l|☆Rocktar Made
|player|p2|
