|j|☆HigherGrounded
|j|☆paradoxhigh
|t:|1743832899
|gametype|singles
|player|p1|HigherGrounded|170|1052
|player|p2|paradoxhigh|266|1075
|teamsize|p1|6
|teamsize|p2|6
|gen|9
|tier|[Gen 9] OU
|rated|
|rule|HP Percentage Mod: HP is shown in percentages
|rule|Endless Battle Clause: Forcing endless battles is banned
|rule|Species Clause: Limit one of each Pokémon
|rule|OHKO Clause: OHKO moves are banned
|rule|Evasion Items Clause: Evasion items are banned
|rule|Evasion Moves Clause: Evasion moves are banned
|rule|Sleep Moves Clause: Sleep-inducing moves are banned
|clearpoke
|poke|p1|Hitmontop, M|
|poke|p1|Porygon2|
|poke|p1|Tinkaton, F|
|poke|p1|Hoopa|
|poke|p1|Alomomola, M|
|poke|p1|Garganacl, F|
|poke|p2|Corviknight, M|
|poke|p2|Slowking-Galar, F|
|poke|p2|Walking Wake|
|poke|p2|Landorus-Therian, M|
|poke|p2|Heatran, M|
|poke|p2|Iron Boulder|
|teampreview
|inactive|Battle timer is ON: inactive players will automatically lose when time's up. (requested by paradoxhigh)
|c|☆HigherGrounded|GL
|
|t:|1743832910
|start
|switch|p1a: Tinkaton|Tinkaton, F|100/100
|switch|p2a: Corviknight|Corviknight, M|100/100
|turn|1
|
|t:|1743832915
|move|p1a: Tinkaton|Fake Out|p2a: Corviknight
|-resisted|p2a: Corviknight
|-damage|p2a: Corviknight|96/100
|cant|p2a: Corviknight|flinch
|
|-heal|p2a: Corviknight|100/100|[from] item: Leftovers
|upkeep
|turn|2
|
|t:|1743832923
|move|p1a: Tinkaton|Stealth Rock|p2a: Corviknight
|-sidestart|p2: paradoxhigh|move: Stealth Rock
|move|p2a: Corviknight|Iron Defense|p2a: Corviknight
|-boost|p2a: Corviknight|def|2
|
|upkeep
|turn|3
|
|t:|1743832928
|move|p1a: Tinkaton|Gigaton Hammer|p2a: Corviknight
|-resisted|p2a: Corviknight
|-damage|p2a: Corviknight|89/100
|move|p2a: Corviknight|Iron Defense|p2a: Corviknight
|-boost|p2a: Corviknight|def|2
|
|-heal|p2a: Corviknight|95/100|[from] item: Leftovers
|upkeep
|turn|4
|
|t:|1743832935
|switch|p1a: Hoopa|Hoopa|100/100
|move|p2a: Corviknight|Iron Defense|p2a: Corviknight
|-boost|p2a: Corviknight|def|2
|
|-heal|p2a: Corviknight|100/100|[from] item: Leftovers
|upkeep
|turn|5
|
|t:|1743832940
|move|p1a: Hoopa|Trick|p2a: Corviknight
|-activate|p1a: Hoopa|move: Trick|[of] p2a: Corviknight
|-item|p2a: Corviknight|Choice Scarf|[from] move: Trick
|-item|p1a: Hoopa|Leftovers|[from] move: Trick
|move|p2a: Corviknight|Tailwind|p2a: Corviknight
|-sidestart|p2: paradoxhigh|move: Tailwind
|
|upkeep
|turn|6
|
|t:|1743832951
|switch|p2a: Slowking|Slowking-Galar, F|100/100
|-damage|p2a: Slowking|88/100|[from] Stealth Rock
|move|p1a: Hoopa|Psychic|p2a: Slowking
|-damage|p2a: Slowking|46/100
|
|-heal|p2a: Slowking|52/100|[from] item: Leftovers
|upkeep
|turn|7
|
|t:|1743832959
|move|p1a: Hoopa|Shadow Ball|p2a: Slowking
|-supereffective|p2a: Slowking
|-damage|p2a: Slowking|0 fnt
|faint|p2a: Slowking
|
|upkeep
|
|t:|1743832972
|switch|p2a: Heatran|Heatran, M|100/100
|-damage|p2a: Heatran|88/100|[from] Stealth Rock
|turn|8
|
|t:|1743832979
|move|p2a: Heatran|Steel Beam|p1a: Hoopa
|-damage|p1a: Hoopa|26/100
|-damage|p2a: Heatran|38/100|[from] steelbeam
|move|p1a: Hoopa|Focus Blast|p2a: Heatran
|-supereffective|p2a: Heatran
|-damage|p2a: Heatran|0 fnt
|faint|p2a: Heatran
|
|-heal|p1a: Hoopa|32/100|[from] item: Leftovers
|-sideend|p2: paradoxhigh|move: Tailwind
|upkeep
|
|t:|1743832983
|switch|p2a: Walking Wake|Walking Wake|100/100
|-damage|p2a: Walking Wake|88/100|[from] Stealth Rock
|-enditem|p2a: Walking Wake|Booster Energy
|-activate|p2a: Walking Wake|ability: Protosynthesis|[fromitem]
|-start|p2a: Walking Wake|protosynthesisspe
|turn|9
|
|t:|1743832997
|switch|p1a: Alomomola|Alomomola, M|100/100
|move|p2a: Walking Wake|Draco Meteor|p1a: Alomomola
|-damage|p1a: Alomomola|22/100
|-unboost|p2a: Walking Wake|spa|2
|
|-heal|p1a: Alomomola|28/100|[from] item: Leftovers
|upkeep
|turn|10
|
|t:|1743833006
|move|p1a: Alomomola|Protect|p1a: Alomomola
|-singleturn|p1a: Alomomola|Protect
|move|p2a: Walking Wake|Hydro Pump|p1a: Alomomola
|-activate|p1a: Alomomola|move: Protect
|
|-heal|p1a: Alomomola|35/100|[from] item: Leftovers
|upkeep
|turn|11
|
|t:|1743833015
|move|p2a: Walking Wake|Draco Meteor|p1a: Alomomola
|-damage|p1a: Alomomola|0 fnt
|-unboost|p2a: Walking Wake|spa|2
|faint|p1a: Alomomola
|
|upkeep
|
|t:|1743833022
|switch|p1a: Hitmontop|Hitmontop, M|100/100
|turn|12
|
|t:|1743833025
|-end|p2a: Walking Wake|Protosynthesis|[silent]
|switch|p2a: Landorus|Landorus-Therian, M|100/100
|-damage|p2a: Landorus|88/100|[from] Stealth Rock
|-ability|p2a: Landorus|Intimidate|boost
|-unboost|p1a: Hitmontop|atk|1
|move|p1a: Hitmontop|Fake Out|p2a: Landorus
|-damage|p2a: Landorus|76/100
|
|-heal|p2a: Landorus|82/100|[from] item: Leftovers
|upkeep
|turn|13
|
|t:|1743833052
|switch|p1a: Porygon2|Porygon2|100/100
|move|p2a: Landorus|Earthquake|p1a: Porygon2
|-damage|p1a: Porygon2|59/100
|
|-heal|p2a: Landorus|88/100|[from] item: Leftovers
|upkeep
|turn|14
|
|t:|1743833063
|move|p2a: Landorus|Taunt|p1a: Porygon2
|-start|p1a: Porygon2|move: Taunt
|cant|p1a: Porygon2|move: Taunt|Recover
|
|-heal|p2a: Landorus|95/100|[from] item: Leftovers
|upkeep
|turn|15
|
|t:|1743833073
|switch|p1a: Garganacl|Garganacl, F|100/100
|move|p2a: Landorus|Earthquake|p1a: Garganacl
|-supereffective|p1a: Garganacl
|-damage|p1a: Garganacl|35/100
|
|-heal|p2a: Landorus|100/100|[from] item: Leftovers
|-heal|p1a: Garganacl|41/100|[from] item: Leftovers
|upkeep
|turn|16
|
|t:|1743833081
|move|p1a: Garganacl|Protect|p1a: Garganacl
|-singleturn|p1a: Garganacl|Protect
|move|p2a: Landorus|Earthquake|p1a: Garganacl
|-activate|p1a: Garganacl|move: Protect
|
|-heal|p1a: Garganacl|47/100|[from] item: Leftovers
|upkeep
|turn|17
|
|t:|1743833083
|move|p2a: Landorus|Earthquake|p1a: Garganacl
|-supereffective|p1a: Garganacl
|-damage|p1a: Garganacl|0 fnt
|faint|p1a: Garganacl
|
|upkeep
|
|t:|1743833090
|switch|p1a: Hitmontop|Hitmontop, M|100/100
|turn|18
|
|t:|1743833098
|switch|p2a: Walking Wake|Walking Wake|88/100
|-damage|p2a: Walking Wake|76/100|[from] Stealth Rock
|move|p1a: Hitmontop|Fake Out|p2a: Walking Wake
|-damage|p2a: Walking Wake|57/100
|
|upkeep
|turn|19
|
|t:|1743833109
|move|p1a: Hitmontop|Mach Punch|p2a: Walking Wake
|-damage|p2a: Walking Wake|27/100
|move|p2a: Walking Wake|Hydro Pump|p1a: Hitmontop
|-damage|p1a: Hitmontop|59/100
|
|upkeep
|turn|20
|
|t:|1743833116
|move|p2a: Walking Wake|Protect|p2a: Walking Wake
|-singleturn|p2a: Walking Wake|Protect
|move|p1a: Hitmontop|Mach Punch|p2a: Walking Wake
|-activate|p2a: Walking Wake|move: Protect
|
|upkeep
|turn|21
|
|t:|1743833124
|move|p1a: Hitmontop|Mach Punch|p2a: Walking Wake
|-damage|p2a: Walking Wake|0 fnt
|faint|p2a: Walking Wake
|-end|p2a: Walking Wake|Protosynthesis|[silent]
|
|upkeep
|
|t:|1743833132
|switch|p2a: Corviknight|Corviknight, M|100/100
|-damage|p2a: Corviknight|88/100|[from] Stealth Rock
|turn|22
|
|t:|1743833152
|switch|p2a: Landorus|Landorus-Therian, M|100/100
|-damage|p2a: Landorus|88/100|[from] Stealth Rock
|-ability|p2a: Landorus|Intimidate|boost
|-unboost|p1a: Hitmontop|atk|1
|switch|p1a: Hoopa|Hoopa|32/100
|
|-heal|p1a: Hoopa|38/100|[from] item: Leftovers
|-heal|p2a: Landorus|94/100|[from] item: Leftovers
|upkeep
|turn|23
|
|t:|1743833162
|move|p1a: Hoopa|Psychic|p2a: Landorus
|-damage|p2a: Landorus|17/100
|move|p2a: Landorus|Earthquake|p1a: Hoopa
|-damage|p1a: Hoopa|0 fnt
|faint|p1a: Hoopa
|
|-heal|p2a: Landorus|24/100|[from] item: Leftovers
|upkeep
|
|t:|1743833168
|switch|p1a: Hitmontop|Hitmontop, M|59/100
|turn|24
|
|t:|1743833174
|move|p2a: Landorus|Protect|p2a: Landorus
|-singleturn|p2a: Landorus|Protect
|move|p1a: Hitmontop|Fake Out|p2a: Landorus
|-activate|p2a: Landorus|move: Protect
|
|-heal|p2a: Landorus|30/100|[from] item: Leftovers
|upkeep
|turn|25
|
|t:|1743833180
|move|p1a: Hitmontop|Mach Punch|p2a: Landorus
|-resisted|p2a: Landorus
|-damage|p2a: Landorus|16/100
|move|p2a: Landorus|Earthquake|p1a: Hitmontop
|-damage|p1a: Hitmontop|0 fnt
|faint|p1a: Hitmontop
|
|-heal|p2a: Landorus|22/100|[from] item: Leftovers
|upkeep
|
|t:|1743833185
|switch|p1a: Tinkaton|Tinkaton, F|100/100
|turn|26
|
|t:|1743833190
|move|p2a: Landorus|Protect|p2a: Landorus
|-singleturn|p2a: Landorus|Protect
|move|p1a: Tinkaton|Fake Out|p2a: Landorus
|-activate|p2a: Landorus|move: Protect
|
|-heal|p2a: Landorus|28/100|[from] item: Leftovers
|upkeep
|turn|27
|
|t:|1743833195
|move|p1a: Tinkaton|Gigaton Hammer|p2a: Landorus
|-damage|p2a: Landorus|0 fnt
|faint|p2a: Landorus
|
|upkeep
|
|t:|1743833199
|switch|p2a: Corviknight|Corviknight, M|88/100
|-damage|p2a: Corviknight|76/100|[from] Stealth Rock
|turn|28
|
|t:|1743833204
|move|p1a: Tinkaton|Facade|p2a: Corviknight
|-resisted|p2a: Corviknight
|-damage|p2a: Corviknight|69/100
|move|p2a: Corviknight|Iron Defense|p2a: Corviknight
|-boost|p2a: Corviknight|def|2
|
|upkeep
|turn|29
|
|t:|1743833213
|switch|p1a: Porygon2|Porygon2|59/100
|switch|p2a: Iron Boulder|Iron Boulder|100/100
|-damage|p2a: Iron Boulder|88/100|[from] Stealth Rock
|-enditem|p2a: Iron Boulder|Booster Energy
|-activate|p2a: Iron Boulder|ability: Quark Drive|[fromitem]
|-start|p2a: Iron Boulder|quarkdrivespe
|
|upkeep
|turn|30
|
|t:|1743833224
|move|p2a: Iron Boulder|Swords Dance|p2a: Iron Boulder
|-boost|p2a: Iron Boulder|atk|2
|move|p1a: Porygon2|Recover|p1a: Porygon2
|-heal|p1a: Porygon2|100/100
|
|upkeep
|turn|31
|
|t:|1743833243
|-terastallize|p1a: Porygon2|Ghost
|move|p2a: Iron Boulder|Close Combat|p1a: Porygon2
|-immune|p1a: Porygon2
|move|p1a: Porygon2|Tera Blast|p2a: Iron Boulder|[anim] Tera Blast Ghost
|-supereffective|p2a: Iron Boulder
|-damage|p2a: Iron Boulder|11/100
|
|upkeep
|turn|32
|
|t:|1743833253
|move|p2a: Iron Boulder|Mighty Cleave|p1a: Porygon2
|-damage|p1a: Porygon2|42/100
|move|p1a: Porygon2|Foul Play|p2a: Iron Boulder
|-supereffective|p2a: Iron Boulder
|-damage|p2a: Iron Boulder|0 fnt
|faint|p2a: Iron Boulder
|-end|p2a: Iron Boulder|Quark Drive|[silent]
|
|upkeep
|
|t:|1743833257
|switch|p2a: Corviknight|Corviknight, M|69/100
|-damage|p2a: Corviknight|57/100|[from] Stealth Rock
|turn|33
|
|t:|1743833262
|move|p2a: Corviknight|Tailwind|p2a: Corviknight
|-sidestart|p2: paradoxhigh|move: Tailwind
|move|p1a: Porygon2|Recover|p1a: Porygon2
|-heal|p1a: Porygon2|92/100
|
|upkeep
|turn|34
|c|☆HigherGrounded|lol
|
|t:|1743833269
|move|p2a: Corviknight|Tailwind||[still]
|-fail|p2a: Corviknight
|move|p1a: Porygon2|Tera Blast|p2a: Corviknight|[anim] Tera Blast Ghost
|-damage|p2a: Corviknight|22/100
|
|upkeep
|turn|35
|-message|paradoxhigh forfeited.
|
|win|HigherGrounded
|raw|HigherGrounded's rating: 1052 &rarr; <strong>1084</strong><br />(+32 for winning)
|raw|paradoxhigh's rating: 1052 &rarr; <strong>1034</strong><br />(-18 for losing)
|l|☆paradoxhigh
|player|p2|
|l|☆HigherGrounded
|player|p1|
