|j|☆scarfferroseed4
|j|☆maddiequickdraw
|t:|1743804362
|gametype|singles
|player|p1|scarfferroseed4|101|1151
|player|p2|maddiequickdraw|pokemonrangerf-gen4|1105
|teamsize|p1|6
|teamsize|p2|6
|gen|9
|tier|[Gen 9] OU
|rated|
|rule|HP Percentage Mod: HP is shown in percentages
|rule|Endless Battle Clause: Forcing endless battles is banned
|rule|Species Clause: Limit one of each Pokémon
|rule|OHKO Clause: OHKO moves are banned
|rule|Evasion Items Clause: Evasion items are banned
|rule|Evasion Moves Clause: Evasion moves are banned
|rule|Sleep Moves Clause: Sleep-inducing moves are banned
|clearpoke
|poke|p1|Slowbro-Galar, M|
|poke|p1|Slowking, F|
|poke|p1|Mienshao, M|
|poke|p1|Toxapex, M|
|poke|p1|Tornadus-Therian, M|
|poke|p1|Cyclizar, M|
|poke|p2|Weezing-Galar, F|
|poke|p2|Torracat, F|
|poke|p2|Great Tusk|
|poke|p2|Hawlucha, F|
|poke|p2|Raging Bolt|
|poke|p2|Kingambit, M|
|teampreview
|inactive|Battle timer is ON: inactive players will automatically lose when time's up. (requested by maddiequickdraw)
|
|t:|1743804378
|start
|switch|p1a: Slowking|Slowking, F|100/100
|switch|p2a: Gojo Satoru|Kingambit, M, shiny|100/100
|turn|1
|
|t:|1743804391
|switch|p1a: Mienshao|Mienshao, M|100/100
|move|p2a: Gojo Satoru|Stealth Rock|p1a: Mienshao
|-sidestart|p1: scarfferroseed4|move: Stealth Rock
|
|upkeep
|turn|2
|
|t:|1743804399
|switch|p2a: Torracat|Torracat, F, shiny|100/100
|-ability|p2a: Torracat|Intimidate|boost
|-unboost|p1a: Mienshao|atk|1
|move|p1a: Mienshao|Close Combat|p2a: Torracat
|-damage|p2a: Torracat|27/100
|-unboost|p1a: Mienshao|def|1
|-unboost|p1a: Mienshao|spd|1
|-damage|p1a: Mienshao|91/100|[from] item: Life Orb
|
|upkeep
|turn|3
|
|t:|1743804409
|move|p2a: Torracat|Fake Out|p1a: Mienshao
|-damage|p1a: Mienshao|61/100
|cant|p1a: Mienshao|flinch
|
|upkeep
|turn|4
|
|t:|1743804415
|move|p1a: Mienshao|Close Combat|p2a: Torracat
|-damage|p2a: Torracat|0 fnt
|-unboost|p1a: Mienshao|def|1
|-unboost|p1a: Mienshao|spd|1
|faint|p2a: Torracat
|-damage|p1a: Mienshao|51/100|[from] item: Life Orb
|
|upkeep
|
|t:|1743804424
|switch|p2a: Weezing|Weezing-Galar, F|100/100
|-fieldstart|move: Misty Terrain|[from] ability: Misty Surge|[of] p2a: Weezing
|turn|5
|
|t:|1743804432
|switch|p2a: Hawlucha|Hawlucha, F|100/100
|-enditem|p2a: Hawlucha|Misty Seed
|-boost|p2a: Hawlucha|spd|1|[from] item: Misty Seed
|move|p1a: Mienshao|U-turn|p2a: Hawlucha
|-resisted|p2a: Hawlucha
|-damage|p2a: Hawlucha|93/100
|-damage|p1a: Mienshao|41/100|[from] item: Life Orb
|
|t:|1743804446
|switch|p1a: Slowking|Slowking, F|100/100|[from] U-turn
|-damage|p1a: Slowking|88/100|[from] Stealth Rock
|
|upkeep
|turn|6
|
|t:|1743804458
|-terastallize|p2a: Hawlucha|Steel
|move|p2a: Hawlucha|Swords Dance|p2a: Hawlucha
|-boost|p2a: Hawlucha|atk|2
|move|p1a: Slowking|Future Sight|p2a: Hawlucha
|-start|p1a: Slowking|move: Future Sight
|
|upkeep
|turn|7
|
|t:|1743804467
|move|p2a: Hawlucha|Throat Chop|p1a: Slowking
|-supereffective|p1a: Slowking
|-crit|p1a: Slowking
|-damage|p1a: Slowking|0 fnt
|faint|p1a: Slowking
|
|upkeep
|
|t:|1743804472
|switch|p1a: Toxapex|Toxapex, M|100/100
|-damage|p1a: Toxapex|88/100|[from] Stealth Rock
|turn|8
|
|t:|1743804477
|move|p2a: Hawlucha|Acrobatics|p1a: Toxapex
|-damage|p1a: Toxapex|27/100
|-damage|p2a: Hawlucha|77/100|[from] item: Rocky Helmet|[of] p1a: Toxapex
|move|p1a: Toxapex|Chilling Water|p2a: Hawlucha
|-damage|p2a: Hawlucha|67/100
|-unboost|p2a: Hawlucha|atk|1
|
|-end|p2a: Hawlucha|move: Future Sight
|-resisted|p2a: Hawlucha
|-damage|p2a: Hawlucha|37/100
|upkeep
|turn|9
|-message|scarfferroseed4 forfeited.
|
|win|maddiequickdraw
|raw|scarfferroseed4's rating: 1151 &rarr; <strong>1123</strong><br />(-28 for losing)
|raw|maddiequickdraw's rating: 1105 &rarr; <strong>1133</strong><br />(+28 for winning)
|l|☆scarfferroseed4
|player|p1|
|l|☆maddiequickdraw
|player|p2|
