|j|☆exon234
|j|☆thegodnamedjeff
|t:|1743840909
|gametype|singles
|player|p1|exon234|266|1274
|player|p2|thegodnamedjeff|1|1291
|teamsize|p1|6
|teamsize|p2|6
|gen|9
|tier|[Gen 9] OU
|rated|
|rule|HP Percentage Mod: HP is shown in percentages
|rule|Endless Battle Clause: Forcing endless battles is banned
|rule|Species Clause: Limit one of each Pokémon
|rule|OHKO Clause: OHKO moves are banned
|rule|Evasion Items Clause: Evasion items are banned
|rule|Evasion Moves Clause: Evasion moves are banned
|rule|Sleep Moves Clause: Sleep-inducing moves are banned
|clearpoke
|poke|p1|Iron Moth|
|poke|p1|Mamoswine, M|
|poke|p1|Iron Crown|
|poke|p1|Iron Hands|
|poke|p1|Meowscarada, M|
|poke|p1|Primarina, M|
|poke|p2|Kingambit, M|
|poke|p2|Corviknight, F|
|poke|p2|Zamazenta-*|
|poke|p2|Rotom-Wash|
|poke|p2|Enamorus, F|
|poke|p2|Hatterene, F|
|teampreview
|inactive|Battle timer is ON: inactive players will automatically lose when time's up. (requested by exon234)
|
|t:|1743840913
|start
|switch|p1a: Chopper|Mamoswine, M, shiny|100/100
|switch|p2a: Hatterene|Hatterene, F|100/100
|turn|1
|
|t:|1743840925
|switch|p1a: Zoro|Iron Crown|100/100
|move|p2a: Hatterene|Mystical Fire|p1a: Zoro
|-supereffective|p1a: Zoro
|-damage|p1a: Zoro|49/100
|-unboost|p1a: Zoro|spa|1
|
|upkeep
|turn|2
|
|t:|1743840929
|move|p1a: Zoro|Tachyon Cutter|p2a: Hatterene
|-supereffective|p2a: Hatterene
|-damage|p2a: Hatterene|68/100
|-supereffective|p2a: Hatterene
|-damage|p2a: Hatterene|35/100
|-hitcount|p2a: Hatterene|2
|move|p2a: Hatterene|Mystical Fire|p1a: Zoro
|-supereffective|p1a: Zoro
|-damage|p1a: Zoro|0 fnt
|faint|p1a: Zoro
|-end|p1a: Zoro|Quark Drive|[silent]
|
|upkeep
|
|t:|1743840934
|switch|p1a: SUUUUUUPERRRR|Iron Moth, shiny|100/100
|-enditem|p1a: SUUUUUUPERRRR|Booster Energy
|-activate|p1a: SUUUUUUPERRRR|ability: Quark Drive|[fromitem]
|-start|p1a: SUUUUUUPERRRR|quarkdrivespe
|turn|3
|
|t:|1743840939
|switch|p2a: Corviknight|Corviknight, F|100/100
|-ability|p2a: Corviknight|Pressure
|move|p1a: SUUUUUUPERRRR|Substitute|p1a: SUUUUUUPERRRR
|-start|p1a: SUUUUUUPERRRR|Substitute
|-damage|p1a: SUUUUUUPERRRR|76/100
|
|upkeep
|turn|4
|
|t:|1743840947
|move|p1a: SUUUUUUPERRRR|Fiery Dance|p2a: Corviknight
|-supereffective|p2a: Corviknight
|-damage|p2a: Corviknight|17/100
|move|p2a: Corviknight|Brave Bird|p1a: SUUUUUUPERRRR
|-end|p1a: SUUUUUUPERRRR|Substitute
|-damage|p2a: Corviknight|11/100|[from] Recoil|[of] p1a: SUUUUUUPERRRR
|
|-heal|p2a: Corviknight|17/100|[from] item: Leftovers
|upkeep
|turn|5
|
|t:|1743840955
|switch|p2a: Rotom|Rotom-Wash|100/100
|move|p1a: SUUUUUUPERRRR|Fiery Dance|p2a: Rotom
|-resisted|p2a: Rotom
|-damage|p2a: Rotom|80/100
|-boost|p1a: SUUUUUUPERRRR|spa|1
|
|-heal|p2a: Rotom|86/100|[from] item: Leftovers
|upkeep
|turn|6
|
|t:|1743840966
|move|p1a: SUUUUUUPERRRR|Sludge Wave|p2a: Rotom
|-crit|p2a: Rotom
|-damage|p2a: Rotom|0 fnt
|faint|p2a: Rotom
|
|upkeep
|
|t:|1743840969
|switch|p2a: Zamazenta|Zamazenta|100/100
|-ability|p2a: Zamazenta|Dauntless Shield|boost
|-boost|p2a: Zamazenta|def|1
|turn|7
|
|t:|1743840976
|move|p1a: SUUUUUUPERRRR|Fiery Dance|p2a: Zamazenta
|-damage|p2a: Zamazenta|50/100
|-boost|p1a: SUUUUUUPERRRR|spa|1
|move|p2a: Zamazenta|Iron Defense|p2a: Zamazenta
|-boost|p2a: Zamazenta|def|2
|
|-heal|p2a: Zamazenta|56/100|[from] item: Leftovers
|upkeep
|turn|8
|
|t:|1743840983
|move|p1a: SUUUUUUPERRRR|Substitute|p1a: SUUUUUUPERRRR
|-start|p1a: SUUUUUUPERRRR|Substitute
|-damage|p1a: SUUUUUUPERRRR|51/100
|move|p2a: Zamazenta|Body Press|p1a: SUUUUUUPERRRR
|-resisted|p1a: SUUUUUUPERRRR
|-end|p1a: SUUUUUUPERRRR|Substitute
|
|-heal|p2a: Zamazenta|62/100|[from] item: Leftovers
|upkeep
|turn|9
|
|t:|1743840986
|move|p1a: SUUUUUUPERRRR|Sludge Wave|p2a: Zamazenta
|-damage|p2a: Zamazenta|0 fnt
|faint|p2a: Zamazenta
|
|upkeep
|
|t:|1743840989
|switch|p2a: Enamorus|Enamorus, F|100/100
|turn|10
|
|t:|1743840994
|move|p1a: SUUUUUUPERRRR|Sludge Wave|p2a: Enamorus
|-supereffective|p2a: Enamorus
|-enditem|p2a: Enamorus|Focus Sash
|-damage|p2a: Enamorus|1/100
|-status|p2a: Enamorus|psn
|move|p2a: Enamorus|Earth Power|p1a: SUUUUUUPERRRR
|-supereffective|p1a: SUUUUUUPERRRR
|-damage|p1a: SUUUUUUPERRRR|0 fnt
|faint|p1a: SUUUUUUPERRRR
|-end|p1a: SUUUUUUPERRRR|Quark Drive|[silent]
|
|-damage|p2a: Enamorus|0 fnt|[from] psn
|faint|p2a: Enamorus
|upkeep
|
|t:|1743841005
|switch|p1a: Sanji|Meowscarada, M, shiny|100/100
|switch|p2a: Hatterene|Hatterene, F|35/100
|turn|11
|inactive|thegodnamedjeff has 120 seconds left.
|
|t:|1743841038
|move|p1a: Sanji|Knock Off|p2a: Hatterene
|-start|p1a: Sanji|typechange|Dark|[from] ability: Protean
|-damage|p2a: Hatterene|0 fnt
|-enditem|p2a: Hatterene|Assault Vest|[from] move: Knock Off|[of] p1a: Sanji
|faint|p2a: Hatterene
|
|upkeep
|
|t:|1743841043
|switch|p2a: Corviknight|Corviknight, F|17/100
|-ability|p2a: Corviknight|Pressure
|turn|12
|
|t:|1743841045
|move|p1a: Sanji|Knock Off|p2a: Corviknight
|-damage|p2a: Corviknight|0 fnt
|-enditem|p2a: Corviknight|Leftovers|[from] move: Knock Off|[of] p1a: Sanji
|faint|p2a: Corviknight
|
|upkeep
|
|t:|1743841047
|switch|p2a: Kingambit|Kingambit, M|100/100
|-activate|p2a: Kingambit|ability: Supreme Overlord
|-start|p2a: Kingambit|fallen5|[silent]
|turn|13
|
|t:|1743841052
|switch|p1a: Luffy|Iron Hands, shiny|100/100
|-enditem|p1a: Luffy|Booster Energy
|-activate|p1a: Luffy|ability: Quark Drive|[fromitem]
|-start|p1a: Luffy|quarkdriveatk
|move|p2a: Kingambit|Swords Dance|p2a: Kingambit
|-boost|p2a: Kingambit|atk|2
|
|upkeep
|turn|14
|
|t:|1743841069
|-terastallize|p2a: Kingambit|Fairy
|move|p2a: Kingambit|Kowtow Cleave|p1a: Luffy
|-resisted|p1a: Luffy
|-damage|p1a: Luffy|51/100
|move|p1a: Luffy|Close Combat|p2a: Kingambit
|-resisted|p2a: Kingambit
|-damage|p2a: Kingambit|65/100
|-unboost|p1a: Luffy|def|1
|-unboost|p1a: Luffy|spd|1
|
|-heal|p2a: Kingambit|71/100|[from] item: Leftovers
|upkeep
|turn|15
|
|t:|1743841076
|move|p2a: Kingambit|Kowtow Cleave|p1a: Luffy
|-resisted|p1a: Luffy
|-damage|p1a: Luffy|0 fnt
|faint|p1a: Luffy
|-end|p1a: Luffy|Quark Drive|[silent]
|
|-heal|p2a: Kingambit|78/100|[from] item: Leftovers
|upkeep
|
|t:|1743841086
|switch|p1a: Nami|Primarina, M, shiny|100/100
|turn|16
|
|t:|1743841090
|move|p1a: Nami|Substitute|p1a: Nami
|-start|p1a: Nami|Substitute
|-damage|p1a: Nami|76/100
|move|p2a: Kingambit|Iron Head|p1a: Nami
|-end|p1a: Nami|Substitute
|
|-heal|p1a: Nami|82/100|[from] item: Leftovers
|-heal|p2a: Kingambit|84/100|[from] item: Leftovers
|upkeep
|turn|17
|
|t:|1743841101
|move|p1a: Nami|Psychic Noise|p2a: Kingambit
|-damage|p2a: Kingambit|56/100
|-start|p2a: Kingambit|move: Heal Block
|move|p2a: Kingambit|Iron Head|p1a: Nami
|-damage|p1a: Nami|0 fnt
|faint|p1a: Nami
|
|upkeep
|
|t:|1743841106
|switch|p1a: Sanji|Meowscarada, M, shiny|100/100
|turn|18
|
|t:|1743841112
|move|p1a: Sanji|Triple Axel|p2a: Kingambit
|-start|p1a: Sanji|typechange|Ice|[from] ability: Protean
|-damage|p2a: Kingambit|48/100
|-damage|p2a: Kingambit|33/100
|-damage|p2a: Kingambit|13/100
|-hitcount|p2a: Kingambit|3
|move|p2a: Kingambit|Iron Head|p1a: Sanji
|-supereffective|p1a: Sanji
|-damage|p1a: Sanji|0 fnt
|faint|p1a: Sanji
|
|-end|p2a: Kingambit|move: Heal Block
|upkeep
|
|t:|1743841115
|switch|p1a: Chopper|Mamoswine, M, shiny|100/100
|turn|19
|
|t:|1743841128
|move|p1a: Chopper|Earthquake|p2a: Kingambit
|-damage|p2a: Kingambit|0 fnt
|faint|p2a: Kingambit
|-end|p2a: Kingambit|fallen5|[silent]
|
|win|exon234
|raw|exon234's rating: 1274 &rarr; <strong>1300</strong><br />(+26 for winning)
|raw|thegodnamedjeff's rating: 1291 &rarr; <strong>1265</strong><br />(-26 for losing)
|c|☆exon234|GG
|l|☆thegodnamedjeff
|player|p2|
|l|☆exon234
|player|p1|
