|j|☆vhexboy
|j|☆Havestol
|t:|1743876448
|gametype|singles
|player|p1|vhexboy|acetrainer-gen4dp|1408
|player|p2|Havestol|mars|1387
|teamsize|p1|6
|teamsize|p2|6
|gen|9
|tier|[Gen 9] OU
|rated|
|rule|HP Percentage Mod: HP is shown in percentages
|rule|Endless Battle Clause: Forcing endless battles is banned
|rule|Species Clause: Limit one of each Pokémon
|rule|OHKO Clause: OHKO moves are banned
|rule|Evasion Items Clause: Evasion items are banned
|rule|Evasion Moves Clause: Evasion moves are banned
|rule|Sleep Moves Clause: Sleep-inducing moves are banned
|clearpoke
|poke|p1|Cinderace, M|
|poke|p1|Raging Bolt|
|poke|p1|Ogerpon-Wellspring, F|
|poke|p1|Corviknight, M|
|poke|p1|Great Tusk|
|poke|p1|Primarina, F|
|poke|p2|Scizor, M|
|poke|p2|Gholdengo|
|poke|p2|Heatran, F|
|poke|p2|Rillaboom, M|
|poke|p2|Weezing-Galar, F|
|poke|p2|Gastrodon, M|
|teampreview
|inactive|Battle timer is ON: inactive players will automatically lose when time's up. (requested by vhexboy)
|
|t:|1743876486
|start
|switch|p1a: Cinderace|Cinderace, M|100/100
|switch|p2a: Heatran|Heatran, F|100/100
|-item|p2a: Heatran|Air Balloon
|turn|1
|
|t:|1743876493
|switch|p2a: Gastrodon|Gastrodon, M|100/100
|move|p1a: Cinderace|High Jump Kick|p2a: Gastrodon
|-start|p1a: Cinderace|typechange|Fighting|[from] ability: Libero
|-damage|p2a: Gastrodon|1/100
|
|upkeep
|turn|2
|
|t:|1743876500
|switch|p2a: Gholdengo|Gholdengo|100/100
|move|p1a: Cinderace|High Jump Kick|p2a: Gholdengo
|-immune|p2a: Gholdengo
|-damage|p1a: Cinderace|51/100|[from] highjumpkick
|
|upkeep
|turn|3
|
|t:|1743876513
|switch|p1a: Corviknight|Corviknight, M|100/100
|move|p2a: Gholdengo|Dazzling Gleam|p1a: Corviknight
|-resisted|p1a: Corviknight
|-damage|p1a: Corviknight|93/100
|
|upkeep
|turn|4
|
|t:|1743876528
|switch|p1a: Great Tusk|Great Tusk|100/100
|move|p2a: Gholdengo|Hex|p1a: Great Tusk
|-damage|p1a: Great Tusk|57/100
|
|upkeep
|turn|5
|
|t:|1743876538
|-terastallize|p2a: Gholdengo|Fairy
|move|p1a: Great Tusk|Stealth Rock|p2a: Gholdengo
|-sidestart|p2: Havestol|move: Stealth Rock
|move|p2a: Gholdengo|Dazzling Gleam|p1a: Great Tusk
|-supereffective|p1a: Great Tusk
|-damage|p1a: Great Tusk|0 fnt
|faint|p1a: Great Tusk
|-end|p1a: Great Tusk|Protosynthesis|[silent]
|
|upkeep
|
|t:|1743876557
|switch|p1a: Cinderace|Cinderace, M|51/100
|turn|6
|
|t:|1743876568
|move|p1a: Cinderace|Gunk Shot|p2a: Gholdengo
|-start|p1a: Cinderace|typechange|Poison|[from] ability: Libero
|-supereffective|p2a: Gholdengo
|-damage|p2a: Gholdengo|0 fnt
|faint|p2a: Gholdengo
|
|upkeep
|
|t:|1743876576
|switch|p2a: Scizor|Scizor, M|100/100
|-damage|p2a: Scizor|88/100|[from] Stealth Rock
|turn|7
|
|t:|1743876580
|switch|p1a: Corviknight|Corviknight, M|93/100
|move|p2a: Scizor|Swords Dance|p2a: Scizor
|-boost|p2a: Scizor|atk|2
|
|upkeep
|turn|8
|
|t:|1743876588
|move|p2a: Scizor|Knock Off|p1a: Corviknight
|-damage|p1a: Corviknight|18/100
|-damage|p2a: Scizor|72/100|[from] item: Rocky Helmet|[of] p1a: Corviknight
|-enditem|p1a: Corviknight|Rocky Helmet|[from] move: Knock Off|[of] p2a: Scizor
|-damage|p2a: Scizor|62/100|[from] item: Life Orb
|move|p1a: Corviknight|Iron Defense|p1a: Corviknight
|-boost|p1a: Corviknight|def|2
|
|upkeep
|turn|9
|
|t:|1743876598
|move|p2a: Scizor|Knock Off|p1a: Corviknight
|-damage|p1a: Corviknight|0 fnt
|faint|p1a: Corviknight
|-damage|p2a: Scizor|52/100|[from] item: Life Orb
|
|upkeep
|
|t:|1743876600
|switch|p1a: Cinderace|Cinderace, M|51/100
|turn|10
|
|t:|1743876612
|switch|p2a: Heatran|Heatran, F|100/100
|-damage|p2a: Heatran|88/100|[from] Stealth Rock
|-item|p2a: Heatran|Air Balloon
|move|p1a: Cinderace|Pyro Ball|p2a: Heatran
|-start|p2a: Heatran|ability: Flash Fire
|
|upkeep
|turn|11
|
|t:|1743876622
|switch|p1a: Primarina|Primarina, F|100/100
|move|p2a: Heatran|Magma Storm|p1a: Primarina
|-resisted|p1a: Primarina
|-damage|p1a: Primarina|83/100
|-activate|p1a: Primarina|move: Magma Storm|[of] p2a: Heatran
|
|-damage|p1a: Primarina|71/100|[from] move: Magma Storm|[partiallytrapped]
|upkeep
|turn|12
|
|t:|1743876631
|move|p2a: Heatran|Stealth Rock|p1a: Primarina
|-sidestart|p1: vhexboy|move: Stealth Rock
|move|p1a: Primarina|Moonblast|p2a: Heatran
|-resisted|p2a: Heatran
|-damage|p2a: Heatran|80/100
|-enditem|p2a: Heatran|Air Balloon
|
|-damage|p1a: Primarina|58/100|[from] move: Magma Storm|[partiallytrapped]
|upkeep
|turn|13
|
|t:|1743876638
|move|p2a: Heatran|Earth Power|p1a: Primarina
|-damage|p1a: Primarina|43/100
|move|p1a: Primarina|Hyper Voice|p2a: Heatran
|-supereffective|p2a: Heatran
|-damage|p2a: Heatran|12/100
|
|-damage|p1a: Primarina|31/100|[from] move: Magma Storm|[partiallytrapped]
|upkeep
|turn|14
|
|t:|1743876643
|move|p2a: Heatran|Earth Power|p1a: Primarina
|-damage|p1a: Primarina|16/100
|move|p1a: Primarina|Flip Turn|p2a: Heatran
|-supereffective|p2a: Heatran
|-damage|p2a: Heatran|0 fnt
|faint|p2a: Heatran
|
|t:|1743876652
|switch|p1a: Raging Bolt|Raging Bolt|100/100|[from] Flip Turn
|-damage|p1a: Raging Bolt|88/100|[from] Stealth Rock
|
|upkeep
|
|t:|1743876657
|switch|p2a: Gastrodon|Gastrodon, M|1/100
|turn|15
|
|t:|1743876672
|move|p1a: Raging Bolt|Draco Meteor|p2a: Gastrodon
|-damage|p2a: Gastrodon|0 fnt
|-unboost|p1a: Raging Bolt|spa|2
|-enditem|p1a: Raging Bolt|White Herb
|-clearnegativeboost|p1a: Raging Bolt|[silent]
|faint|p2a: Gastrodon
|
|upkeep
|
|t:|1743876685
|switch|p2a: Weezing|Weezing-Galar, F|100/100
|-ability|p2a: Weezing|Neutralizing Gas
|-damage|p2a: Weezing|88/100|[from] Stealth Rock
|turn|16
|
|t:|1743876693
|move|p1a: Raging Bolt|Volt Switch|p2a: Weezing
|-damage|p2a: Weezing|28/100
|
|t:|1743876696
|-end|p1a: Raging Bolt|Protosynthesis|[silent]
|switch|p1a: Primarina|Primarina, F|16/100|[from] Volt Switch
|-damage|p1a: Primarina|4/100|[from] Stealth Rock
|move|p2a: Weezing|Strange Steam|p1a: Primarina
|-damage|p1a: Primarina|0 fnt
|faint|p1a: Primarina
|
|upkeep
|
|t:|1743876699
|switch|p1a: Ogerpon|Ogerpon-Wellspring, F|100/100
|-damage|p1a: Ogerpon|88/100|[from] Stealth Rock
|turn|17
|
|t:|1743876706
|move|p1a: Ogerpon|Ivy Cudgel|p2a: Weezing|[anim] Ivy Cudgel Water
|-damage|p2a: Weezing|0 fnt
|faint|p2a: Weezing
|-end|p2a: Weezing|ability: Neutralizing Gas
|
|upkeep
|
|t:|1743876714
|switch|p2a: Rillaboom|Rillaboom, M|100/100
|-damage|p2a: Rillaboom|88/100|[from] Stealth Rock
|-fieldstart|move: Grassy Terrain|[from] ability: Grassy Surge|[of] p2a: Rillaboom
|turn|18
|
|t:|1743876723
|move|p2a: Rillaboom|Grassy Glide|p1a: Ogerpon
|-damage|p1a: Ogerpon|15/100
|move|p1a: Ogerpon|U-turn|p2a: Rillaboom
|-supereffective|p2a: Rillaboom
|-damage|p2a: Rillaboom|25/100
|
|t:|1743876729
|switch|p1a: Raging Bolt|Raging Bolt|88/100|[from] U-turn
|-damage|p1a: Raging Bolt|76/100|[from] Stealth Rock
|
|-heal|p2a: Rillaboom|32/100|[from] Grassy Terrain
|-heal|p1a: Raging Bolt|82/100|[from] Grassy Terrain
|upkeep
|turn|19
|
|t:|1743876738
|move|p2a: Rillaboom|Grassy Glide|p1a: Raging Bolt
|-resisted|p1a: Raging Bolt
|-damage|p1a: Raging Bolt|60/100
|move|p1a: Raging Bolt|Draco Meteor|p2a: Rillaboom
|-damage|p2a: Rillaboom|0 fnt
|-unboost|p1a: Raging Bolt|spa|2
|faint|p2a: Rillaboom
|
|-heal|p1a: Raging Bolt|66/100|[from] Grassy Terrain
|upkeep
|
|t:|1743876741
|switch|p2a: Scizor|Scizor, M|52/100
|-damage|p2a: Scizor|39/100|[from] Stealth Rock
|turn|20
|
|t:|1743876750
|move|p2a: Scizor|Close Combat|p1a: Raging Bolt
|-damage|p1a: Raging Bolt|15/100
|-unboost|p2a: Scizor|def|1
|-unboost|p2a: Scizor|spd|1
|-damage|p2a: Scizor|29/100|[from] item: Life Orb
|move|p1a: Raging Bolt|Volt Switch|p2a: Scizor
|-damage|p2a: Scizor|0 fnt
|faint|p2a: Scizor
|
|win|vhexboy
|raw|vhexboy's rating: 1408 &rarr; <strong>1427</strong><br />(+19 for winning)
|raw|Havestol's rating: 1387 &rarr; <strong>1368</strong><br />(-19 for losing)
|c|☆Havestol|bro
|l|☆vhexboy
|player|p1|
|c|☆Havestol|how fukcing bulky is that thing
|l|☆Havestol
|player|p2|
